{
    "2023-03-31": {
        "Tax Effect Of Unusual Items": NaN,
        "Tax Rate For Calcs": NaN,
        "Normalized EBITDA": NaN,
        "Total Unusual Items": NaN,
        "Total Unusual Items Excluding Goodwill": NaN,
        "Net Income From Continuing Operation Net Minority Interest": NaN,
        "Reconciled Depreciation": NaN,
        "Reconciled Cost Of Revenue": NaN,
        "EBITDA": NaN,
        "EBIT": NaN,
        "Net Interest Income": NaN,
        "Interest Expense": NaN,
        "Interest Income": NaN,
        "Normalized Income": NaN,
        "Net Income From Continuing And Discontinued Operation": NaN,
        "Total Expenses": NaN,
        "Total Operating Income As Reported": NaN,
        "Diluted Average Shares": NaN,
        "Basic Average Shares": NaN,
        "Diluted EPS": NaN,
        "Basic EPS": NaN,
        "Diluted NI Availto Com Stockholders": NaN,
        "Net Income Common Stockholders": NaN,
        "Net Income": NaN,
        "Net Income Including Noncontrolling Interests": NaN,
        "Net Income Continuous Operations": NaN,
        "Tax Provision": NaN,
        "Pretax Income": NaN,
        "Other Income Expense": NaN,
        "Other Non Operating Income Expenses": NaN,
        "Special Income Charges": NaN,
        "Other Special Charges": NaN,
        "Impairment Of Capital Assets": NaN,
        "Net Non Operating Interest Income Expense": NaN,
        "Total Other Finance Cost": -644000.0,
        "Interest Expense Non Operating": NaN,
        "Interest Income Non Operating": NaN,
        "Operating Income": NaN,
        "Operating Expense": NaN,
        "Research And Development": NaN,
        "Selling General And Administration": NaN,
        "Gross Profit": NaN,
        "Cost Of Revenue": NaN,
        "Total Revenue": NaN,
        "Operating Revenue": NaN
    },
    "2022-12-31": {
        "Tax Effect Of Unusual Items": NaN,
        "Tax Rate For Calcs": NaN,
        "Normalized EBITDA": NaN,
        "Total Unusual Items": NaN,
        "Total Unusual Items Excluding Goodwill": NaN,
        "Net Income From Continuing Operation Net Minority Interest": NaN,
        "Reconciled Depreciation": NaN,
        "Reconciled Cost Of Revenue": NaN,
        "EBITDA": NaN,
        "EBIT": NaN,
        "Net Interest Income": NaN,
        "Interest Expense": NaN,
        "Interest Income": NaN,
        "Normalized Income": NaN,
        "Net Income From Continuing And Discontinued Operation": NaN,
        "Total Expenses": NaN,
        "Total Operating Income As Reported": NaN,
        "Diluted Average Shares": NaN,
        "Basic Average Shares": NaN,
        "Diluted EPS": NaN,
        "Basic EPS": NaN,
        "Diluted NI Availto Com Stockholders": NaN,
        "Net Income Common Stockholders": NaN,
        "Net Income": NaN,
        "Minority Interests": 0.0,
        "Net Income Including Noncontrolling Interests": NaN,
        "Net Income Continuous Operations": NaN,
        "Tax Provision": NaN,
        "Pretax Income": NaN,
        "Other Income Expense": NaN,
        "Other Non Operating Income Expenses": NaN,
        "Special Income Charges": NaN,
        "Other Special Charges": NaN,
        "Impairment Of Capital Assets": NaN,
        "Net Non Operating Interest Income Expense": NaN,
        "Total Other Finance Cost": NaN,
        "Interest Expense Non Operating": NaN,
        "Interest Income Non Operating": NaN,
        "Operating Income": NaN,
        "Operating Expense": NaN,
        "Research And Development": NaN,
        "Selling General And Administration": NaN,
        "Gross Profit": NaN,
        "Cost Of Revenue": NaN,
        "Total Revenue": NaN,
        "Operating Revenue": NaN
    },
    "2022-09-30": {
        "Tax Effect Of Unusual Items": NaN,
        "Tax Rate For Calcs": NaN,
        "Normalized EBITDA": NaN,
        "Total Unusual Items": 0.0,
        "Total Unusual Items Excluding Goodwill": 0.0,
        "Net Income From Continuing Operation Net Minority Interest": NaN,
        "Reconciled Depreciation": NaN,
        "Reconciled Cost Of Revenue": NaN,
        "EBITDA": NaN,
        "EBIT": NaN,
        "Net Interest Income": NaN,
        "Normalized Income": NaN,
        "Net Income From Continuing And Discontinued Operation": NaN,
        "Total Expenses": NaN,
        "Total Operating Income As Reported": NaN,
        "Diluted Average Shares": NaN,
        "Basic Average Shares": NaN,
        "Diluted EPS": NaN,
        "Basic EPS": NaN,
        "Diluted NI Availto Com Stockholders": NaN,
        "Net Income Common Stockholders": NaN,
        "Net Income": NaN,
        "Minority Interests": 0.0,
        "Net Income Including Noncontrolling Interests": NaN,
        "Net Income Continuous Operations": NaN,
        "Tax Provision": NaN,
        "Pretax Income": NaN,
        "Other Income Expense": NaN,
        "Other Non Operating Income Expenses": NaN,
        "Special Income Charges": 0.0,
        "Other Special Charges": NaN,
        "Net Non Operating Interest Income Expense": NaN,
        "Total Other Finance Cost": 43000.0,
        "Operating Income": NaN,
        "Operating Expense": NaN,
        "Research And Development": NaN,
        "Selling General And Administration": NaN,
        "Gross Profit": NaN,
        "Cost Of Revenue": NaN,
        "Total Revenue": NaN,
        "Operating Revenue": NaN
    },
    "2022-06-30": {
        "Tax Effect Of Unusual Items": 0.0,
        "Tax Rate For Calcs": 0.4,
        "Normalized EBITDA": 5790000.0,
        "Net Income From Continuing Operation Net Minority Interest": -3687000.0,
        "Reconciled Depreciation": 5929000.0,
        "Reconciled Cost Of Revenue": 74309000.0,
        "EBITDA": 5790000.0,
        "EBIT": -139000.0,
        "Net Interest Income": -72000.0,
        "Interest Income": NaN,
        "Normalized Income": -3687000.0,
        "Net Income From Continuing And Discontinued Operation": -3687000.0,
        "Total Expenses": 208483000.0,
        "Total Operating Income As Reported": -139000.0,
        "Diluted Average Shares": 37767519.0,
        "Basic Average Shares": 37767519.0,
        "Diluted EPS": -0.1,
        "Basic EPS": -0.1,
        "Diluted NI Availto Com Stockholders": -3687000.0,
        "Net Income Common Stockholders": -3687000.0,
        "Net Income": -3687000.0,
        "Minority Interests": 0.0,
        "Net Income Including Noncontrolling Interests": -3687000.0,
        "Net Income Continuous Operations": -3687000.0,
        "Tax Provision": 2520000.0,
        "Pretax Income": -1167000.0,
        "Other Income Expense": -956000.0,
        "Other Non Operating Income Expenses": -956000.0,
        "Net Non Operating Interest Income Expense": -72000.0,
        "Total Other Finance Cost": 72000.0,
        "Interest Income Non Operating": NaN,
        "Operating Income": -139000.0,
        "Operating Expense": 134174000.0,
        "Research And Development": 19559000.0,
        "Selling General And Administration": 114615000.0,
        "Gross Profit": 134035000.0,
        "Cost Of Revenue": 74309000.0,
        "Total Revenue": 208344000.0,
        "Operating Revenue": 208344000.0
    },
    "2023-06-30": {
        "Tax Effect Of Unusual Items": NaN,
        "Tax Rate For Calcs": NaN,
        "Normalized EBITDA": NaN,
        "Total Unusual Items": 0.0,
        "Total Unusual Items Excluding Goodwill": 0.0,
        "Net Income From Continuing Operation Net Minority Interest": NaN,
        "Reconciled Depreciation": NaN,
        "Reconciled Cost Of Revenue": NaN,
        "EBITDA": NaN,
        "EBIT": NaN,
        "Net Interest Income": NaN,
        "Interest Expense": 444000.0,
        "Interest Income": 1283000.0,
        "Normalized Income": NaN,
        "Net Income From Continuing And Discontinued Operation": NaN,
        "Total Expenses": NaN,
        "Total Operating Income As Reported": NaN,
        "Diluted Average Shares": 39201155.0,
        "Basic Average Shares": 38320999.0,
        "Diluted EPS": 0.48,
        "Basic EPS": 0.49,
        "Diluted NI Availto Com Stockholders": NaN,
        "Net Income Common Stockholders": NaN,
        "Net Income": NaN,
        "Net Income Including Noncontrolling Interests": NaN,
        "Net Income Continuous Operations": NaN,
        "Tax Provision": NaN,
        "Pretax Income": NaN,
        "Other Income Expense": 808000.0,
        "Other Non Operating Income Expenses": 808000.0,
        "Special Income Charges": 0.0,
        "Other Special Charges": NaN,
        "Impairment Of Capital Assets": 0.0,
        "Net Non Operating Interest Income Expense": NaN,
        "Total Other Finance Cost": -839000.0,
        "Interest Expense Non Operating": 444000.0,
        "Interest Income Non Operating": 1283000.0,
        "Operating Income": NaN,
        "Operating Expense": NaN,
        "Research And Development": NaN,
        "Selling General And Administration": NaN,
        "Gross Profit": NaN,
        "Cost Of Revenue": NaN,
        "Total Revenue": NaN,
        "Operating Revenue": NaN
    },
    "2022-03-31": {
        "Diluted EPS": 0.0,
        "Total Revenue": 204,
        "Gross Profit": 127,
        "Operating Income": -4,
        "EBIT": 2,
        "Net Income": 0
    },
    "2021-12-31": {
        "Diluted EPS": -0.67,
        "Total Revenue": 204,
        "Gross Profit": 125,
        "Operating Income": -40,
        "EBIT": -34,
        "Net Income": -25
    },
    "2021-09-30": {
        "Diluted EPS": 0.24,
        "Total Revenue": 190,
        "Gross Profit": 120,
        "Operating Income": 9,
        "EBIT": 12,
        "Net Income": 9
    },
    "2021-06-30": {
        "Diluted EPS": 0.25,
        "Total Revenue": 184,
        "Gross Profit": 119,
        "Operating Income": 10,
        "EBIT": 14,
        "Net Income": 9
    },
    "2021-03-31": {
        "Diluted EPS": 0.32,
        "Total Revenue": 169,
        "Gross Profit": 111,
        "Operating Income": 13,
        "EBIT": 17,
        "Net Income": 12
    },
    "2020-12-31": {
        "Diluted EPS": 0.1,
        "Total Revenue": 167,
        "Gross Profit": 94,
        "Operating Income": -2,
        "EBIT": 2,
        "Net Income": 4
    },
    "2020-09-30": {
        "Diluted EPS": -0.24,
        "Total Revenue": 151,
        "Gross Profit": 91,
        "Operating Income": -20,
        "EBIT": -17,
        "Net Income": -9
    },
    "2020-06-30": {
        "Diluted EPS": -0.34,
        "Total Revenue": 105,
        "Gross Profit": 65,
        "Operating Income": -18,
        "EBIT": -12,
        "Net Income": -12
    },
    "2020-03-31": {
        "Diluted EPS": 0.04,
        "Total Revenue": 137,
        "Gross Profit": 88,
        "Operating Income": 1,
        "EBIT": 4,
        "Net Income": 1
    },
    "2019-12-31": {
        "Diluted EPS": 0.26,
        "Total Revenue": 145,
        "Gross Profit": 98,
        "Operating Income": 11,
        "EBIT": 13,
        "Net Income": 10
    },
    "2019-09-30": {
        "Diluted EPS": 0.32,
        "Total Revenue": 140,
        "Gross Profit": 96,
        "Operating Income": 13,
        "EBIT": 15,
        "Net Income": 11
    },
    "2019-06-30": {
        "Diluted EPS": 0.46,
        "Total Revenue": 134,
        "Gross Profit": 94,
        "Operating Income": 13,
        "EBIT": 15,
        "Net Income": 17
    },
    "2019-03-31": {
        "Diluted EPS": 0.3,
        "Total Revenue": 128,
        "Gross Profit": 84,
        "Operating Income": 11,
        "EBIT": 13,
        "Net Income": 11
    },
    "2018-12-31": {
        "Diluted EPS": 0.21,
        "Total Revenue": 121,
        "Gross Profit": 79,
        "Operating Income": 7,
        "EBIT": 8,
        "Net Income": 7
    },
    "2018-09-30": {
        "Diluted EPS": -0.55,
        "Total Revenue": 112,
        "Gross Profit": 75,
        "Operating Income": -21,
        "EBIT": -19,
        "Net Income": -19
    },
    "2018-06-30": {
        "Diluted EPS": 0.37,
        "Total Revenue": 110,
        "Gross Profit": 72,
        "Operating Income": 9,
        "EBIT": 11,
        "Net Income": 13
    },
    "2018-03-31": {
        "Diluted EPS": 0.15,
        "Total Revenue": 103,
        "Gross Profit": 67,
        "Operating Income": 4,
        "EBIT": 5,
        "Net Income": 5
    },
    "2017-12-31": {
        "Diluted EPS": 0.27,
        "Total Revenue": 96,
        "Gross Profit": 64,
        "Operating Income": 4,
        "EBIT": 5,
        "Net Income": 9
    },
    "2017-09-30": {
        "Diluted EPS": 0.01,
        "Total Revenue": 84,
        "Gross Profit": 55,
        "Operating Income": 1,
        "EBIT": 2,
        "Net Income": 0
    },
    "2017-06-30": {
        "Diluted EPS": -0.05,
        "Total Revenue": 81,
        "Gross Profit": 51,
        "Operating Income": -1,
        "EBIT": 0,
        "Net Income": -2
    },
    "2017-03-31": {
        "Diluted EPS": -0.1,
        "Total Revenue": 73,
        "Gross Profit": 48,
        "Operating Income": -2,
        "EBIT": -1,
        "Net Income": -3
    },
    "2016-12-31": {
        "Diluted EPS": -0.07,
        "Total Revenue": 73,
        "Gross Profit": 47,
        "Operating Income": -1,
        "EBIT": 0,
        "Net Income": -2
    },
    "2016-09-30": {
        "Diluted EPS": 0.35,
        "Total Revenue": 67,
        "Gross Profit": 43,
        "Operating Income": -1,
        "EBIT": 0,
        "Net Income": 12
    },
    "2016-06-30": {
        "Diluted EPS": 0.09,
        "Total Revenue": 65,
        "Gross Profit": 41,
        "Operating Income": -1,
        "EBIT": 0,
        "Net Income": 3
    },
    "2016-03-31": {
        "Diluted EPS": 0.07,
        "Total Revenue": 58,
        "Gross Profit": 40,
        "Operating Income": 2,
        "EBIT": 3,
        "Net Income": 2
    },
    "2015-12-31": {
        "Diluted EPS": 0.09,
        "Total Revenue": 54,
        "Gross Profit": 36,
        "Operating Income": 2,
        "EBIT": 2,
        "Net Income": 1
    },
    "2015-09-30": {
        "Diluted EPS": 0.03,
        "Total Revenue": 50,
        "Gross Profit": 33,
        "Operating Income": 2,
        "EBIT": 3,
        "Net Income": 0
    },
    "2015-06-30": {
        "Diluted EPS": -0.11,
        "Total Revenue": 42,
        "Gross Profit": 27,
        "Operating Income": -4,
        "EBIT": -3,
        "Net Income": -1
    },
    "2015-03-31": {
        "Diluted EPS": 0.07,
        "Total Revenue": 39,
        "Gross Profit": 27,
        "Operating Income": 4,
        "EBIT": 4,
        "Net Income": 1
    },
    "2014-12-31": {
        "Diluted EPS": 0.0,
        "Total Revenue": NaN,
        "Gross Profit": NaN,
        "Operating Income": NaN,
        "EBIT": NaN,
        "Net Income": NaN
    },
    "2014-09-30": {
        "Diluted EPS": -0.25,
        "Total Revenue": 32,
        "Gross Profit": 21,
        "Operating Income": 0,
        "EBIT": 0,
        "Net Income": -1
    },
    "2013-12-31": {
        "Diluted EPS": 0.0,
        "Total Revenue": NaN,
        "Gross Profit": NaN,
        "Operating Income": NaN,
        "EBIT": NaN,
        "Net Income": NaN
    },
    "2023-09-30": {
        "Tax Effect Of Unusual Items": -5592005.0,
        "Tax Rate For Calcs": 0.307,
        "Normalized EBITDA": 55988000.0,
        "Total Unusual Items": -18215000.0,
        "Total Unusual Items Excluding Goodwill": -18215000.0,
        "Net Income From Continuing Operation Net Minority Interest": 9214000.0,
        "Reconciled Depreciation": 6933000.0,
        "Reconciled Cost Of Revenue": 93228000.0,
        "EBITDA": 37773000.0,
        "EBIT": 30840000.0,
        "Net Interest Income": 1123000.0,
        "Interest Expense": NaN,
        "Interest Income": NaN,
        "Normalized Income": 21836995.0,
        "Net Income From Continuing And Discontinued Operation": 9214000.0,
        "Total Expenses": 240106000.0,
        "Total Operating Income As Reported": 12625000.0,
        "Diluted Average Shares": 39219966.0,
        "Basic Average Shares": 38462463.0,
        "Diluted EPS": 0.23,
        "Basic EPS": 0.24,
        "Diluted NI Availto Com Stockholders": 9214000.0,
        "Net Income Common Stockholders": 9214000.0,
        "Net Income": 9214000.0,
        "Net Income Including Noncontrolling Interests": 9214000.0,
        "Net Income Continuous Operations": 9214000.0,
        "Tax Provision": 4090000.0,
        "Pretax Income": 13304000.0,
        "Other Income Expense": -18659000.0,
        "Other Non Operating Income Expenses": -444000.0,
        "Special Income Charges": -18215000.0,
        "Other Special Charges": 18215000.0,
        "Impairment Of Capital Assets": NaN,
        "Net Non Operating Interest Income Expense": 1123000.0,
        "Total Other Finance Cost": -1123000.0,
        "Interest Expense Non Operating": NaN,
        "Interest Income Non Operating": NaN,
        "Operating Income": 30840000.0,
        "Operating Expense": 146878000.0,
        "Research And Development": 20958000.0,
        "Selling General And Administration": 125920000.0,
        "Gross Profit": 177718000.0,
        "Cost Of Revenue": 93228000.0,
        "Total Revenue": 270946000.0,
        "Operating Revenue": 270946000.0
    },
    "2023-12-31": {
        "Tax Effect Of Unusual Items": 0.0,
        "Tax Rate For Calcs": 0.21,
        "Normalized EBITDA": 31691000.0,
        "Total Unusual Items": 0.0,
        "Total Unusual Items Excluding Goodwill": 0.0,
        "Net Income From Continuing Operation Net Minority Interest": 54218000.0,
        "Reconciled Depreciation": 7039000.0,
        "Reconciled Cost Of Revenue": 97687000.0,
        "EBITDA": 31691000.0,
        "EBIT": 24652000.0,
        "Net Interest Income": 2570000.0,
        "Interest Expense": NaN,
        "Interest Income": NaN,
        "Normalized Income": 54218000.0,
        "Net Income From Continuing And Discontinued Operation": 54218000.0,
        "Total Expenses": 249650000.0,
        "Total Operating Income As Reported": 35029000.0,
        "Diluted Average Shares": NaN,
        "Basic Average Shares": NaN,
        "Diluted EPS": NaN,
        "Basic EPS": NaN,
        "Diluted NI Availto Com Stockholders": 54218000.0,
        "Net Income Common Stockholders": 54218000.0,
        "Net Income": 54218000.0,
        "Net Income Including Noncontrolling Interests": 54218000.0,
        "Net Income Continuous Operations": 54218000.0,
        "Tax Provision": -16060000.0,
        "Pretax Income": 38158000.0,
        "Other Income Expense": 559000.0,
        "Other Non Operating Income Expenses": 559000.0,
        "Special Income Charges": 0.0,
        "Other Special Charges": 0.0,
        "Impairment Of Capital Assets": NaN,
        "Net Non Operating Interest Income Expense": 2570000.0,
        "Total Other Finance Cost": NaN,
        "Interest Expense Non Operating": NaN,
        "Interest Income Non Operating": NaN,
        "Operating Income": 35029000.0,
        "Operating Expense": 151963000.0,
        "Research And Development": 21942000.0,
        "Selling General And Administration": 130021000.0,
        "Gross Profit": 186992000.0,
        "Cost Of Revenue": 97687000.0,
        "Total Revenue": 284679000.0,
        "Operating Revenue": 284679000.0
    },
    "2024-03-31": {
        "Tax Effect Of Unusual Items": 0.0,
        "Tax Rate For Calcs": 0.248,
        "Normalized EBITDA": 19620000.0,
        "Total Unusual Items": NaN,
        "Total Unusual Items Excluding Goodwill": NaN,
        "Net Income From Continuing Operation Net Minority Interest": 11002000.0,
        "Reconciled Depreciation": 7519000.0,
        "Reconciled Cost Of Revenue": 97516000.0,
        "EBITDA": 19620000.0,
        "EBIT": 12101000.0,
        "Net Interest Income": 2525000.0,
        "Interest Expense": NaN,
        "Interest Income": NaN,
        "Normalized Income": 11002000.0,
        "Net Income From Continuing And Discontinued Operation": 11002000.0,
        "Total Expenses": 266554000.0,
        "Total Operating Income As Reported": 12101000.0,
        "Diluted Average Shares": 39387359.0,
        "Basic Average Shares": 38717334.0,
        "Diluted EPS": 0.28,
        "Basic EPS": 0.28,
        "Diluted NI Availto Com Stockholders": 11002000.0,
        "Net Income Common Stockholders": 11002000.0,
        "Net Income": 11002000.0,
        "Net Income Including Noncontrolling Interests": 11002000.0,
        "Net Income Continuous Operations": 11002000.0,
        "Tax Provision": 3624000.0,
        "Pretax Income": 14626000.0,
        "Other Income Expense": NaN,
        "Other Non Operating Income Expenses": NaN,
        "Special Income Charges": NaN,
        "Other Special Charges": NaN,
        "Impairment Of Capital Assets": NaN,
        "Net Non Operating Interest Income Expense": 2525000.0,
        "Total Other Finance Cost": -2525000.0,
        "Interest Expense Non Operating": NaN,
        "Interest Income Non Operating": NaN,
        "Operating Income": 12101000.0,
        "Operating Expense": 169038000.0,
        "Research And Development": 24626000.0,
        "Selling General And Administration": 144412000.0,
        "Gross Profit": 181139000.0,
        "Cost Of Revenue": 97516000.0,
        "Total Revenue": 278655000.0,
        "Operating Revenue": 278655000.0
    },
    "2024-06-30": {
        "Tax Effect Of Unusual Items": -17466515.0,
        "Tax Rate For Calcs": 0.227,
        "Normalized EBITDA": 7062000.0,
        "Total Unusual Items": -76945000.0,
        "Total Unusual Items Excluding Goodwill": -76945000.0,
        "Net Income From Continuing Operation Net Minority Interest": -60200000.0,
        "Reconciled Depreciation": 7647000.0,
        "Reconciled Cost Of Revenue": 136574000.0,
        "EBITDA": -69883000.0,
        "EBIT": -77530000.0,
        "Net Interest Income": 3313000.0,
        "Interest Expense": 344000.0,
        "Interest Income": 3657000.0,
        "Normalized Income": -721515.0,
        "Net Income From Continuing And Discontinued Operation": -60200000.0,
        "Total Expenses": 303419000.0,
        "Total Operating Income As Reported": -80961000.0,
        "Diluted Average Shares": 38793341.0,
        "Basic Average Shares": 38793341.0,
        "Diluted EPS": -1.55,
        "Basic EPS": -1.55,
        "Diluted NI Availto Com Stockholders": -60200000.0,
        "Net Income Common Stockholders": -60200000.0,
        "Net Income": -60200000.0,
        "Net Income Including Noncontrolling Interests": -60200000.0,
        "Net Income Continuous Operations": -60200000.0,
        "Tax Provision": -17674000.0,
        "Pretax Income": -77874000.0,
        "Other Income Expense": -77171000.0,
        "Other Non Operating Income Expenses": -226000.0,
        "Special Income Charges": -76945000.0,
        "Other Special Charges": NaN,
        "Impairment Of Capital Assets": 76945000.0,
        "Net Non Operating Interest Income Expense": 3313000.0,
        "Total Other Finance Cost": NaN,
        "Interest Expense Non Operating": 344000.0,
        "Interest Income Non Operating": 3657000.0,
        "Operating Income": -4016000.0,
        "Operating Expense": 166845000.0,
        "Research And Development": 24942000.0,
        "Selling General And Administration": 141903000.0,
        "Gross Profit": 162829000.0,
        "Cost Of Revenue": 136574000.0,
        "Total Revenue": 299403000.0,
        "Operating Revenue": 299403000.0
    },
    "2024-09-30": {
        "Tax Effect Of Unusual Items": 0.0,
        "Tax Rate For Calcs": 0.258,
        "Normalized EBITDA": 44262000.0,
        "Total Unusual Items": 0.0,
        "Total Unusual Items Excluding Goodwill": 0.0,
        "Net Income From Continuing Operation Net Minority Interest": 29527000.0,
        "Reconciled Depreciation": 4148000.0,
        "Reconciled Cost Of Revenue": 100733000.0,
        "EBITDA": 44262000.0,
        "EBIT": 40114000.0,
        "Net Interest Income": 3129000.0,
        "Interest Expense": 336000.0,
        "Interest Income": 3465000.0,
        "Normalized Income": 29527000.0,
        "Net Income From Continuing And Discontinued Operation": 29527000.0,
        "Total Expenses": 265675000.0,
        "Total Operating Income As Reported": 35364000.0,
        "Diluted Average Shares": 39178227.0,
        "Basic Average Shares": 38610805.0,
        "Diluted EPS": 0.75,
        "Basic EPS": 0.76,
        "Diluted NI Availto Com Stockholders": 29527000.0,
        "Net Income Common Stockholders": 29527000.0,
        "Net Income": 29527000.0,
        "Net Income Including Noncontrolling Interests": 29527000.0,
        "Net Income Continuous Operations": 29527000.0,
        "Tax Provision": 10251000.0,
        "Pretax Income": 39778000.0,
        "Other Income Expense": 1285000.0,
        "Other Non Operating Income Expenses": 1285000.0,
        "Special Income Charges": 0.0,
        "Other Special Charges": NaN,
        "Impairment Of Capital Assets": 0.0,
        "Net Non Operating Interest Income Expense": 3129000.0,
        "Total Other Finance Cost": NaN,
        "Interest Expense Non Operating": 336000.0,
        "Interest Income Non Operating": 3465000.0,
        "Operating Income": 35364000.0,
        "Operating Expense": 164942000.0,
        "Research And Development": 25205000.0,
        "Selling General And Administration": 139737000.0,
        "Gross Profit": 200306000.0,
        "Cost Of Revenue": 100733000.0,
        "Total Revenue": 301039000.0,
        "Operating Revenue": 301039000.0
    }
}