{
    "2023-03-31": {
        "Tax Effect Of Unusual Items": 143759607.210904,
        "Tax Rate For Calcs": 0.246079,
        "Normalized EBITDA": 318600000.0,
        "Total Unusual Items": 584200000.0,
        "Total Unusual Items Excluding Goodwill": 584200000.0,
        "Net Income From Continuing Operation Net Minority Interest": 514500000.0,
        "Reconciled Depreciation": 107500000.0,
        "Reconciled Cost Of Revenue": 973800000.0,
        "EBITDA": 902800000.0,
        "EBIT": 795300000.0,
        "Net Interest Income": -102600000.0,
        "Interest Expense": 113000000.0,
        "Interest Income": 10400000.0,
        "Normalized Income": 74059607.210904,
        "Net Income From Continuing And Discontinued Operation": 514500000.0,
        "Total Expenses": 1474200000.0,
        "Total Operating Income As Reported": 199100000.0,
        "Diluted Average Shares": 168600000.0,
        "Basic Average Shares": 153300000.0,
        "Diluted EPS": 3.05,
        "Basic EPS": 3.35,
        "Diluted NI Availto Com Stockholders": 514500000.0,
        "Average Dilution Earnings": NaN,
        "Net Income Common Stockholders": 514500000.0,
        "Preferred Stock Dividends": NaN,
        "Net Income": 514500000.0,
        "Minority Interests": -100000.0,
        "Net Income Including Noncontrolling Interests": 514400000.0,
        "Net Income Continuous Operations": 514400000.0,
        "Tax Provision": 167900000.0,
        "Pretax Income": 682300000.0,
        "Other Income Expense": 585800000.0,
        "Other Non Operating Income Expenses": -1000000.0,
        "Special Income Charges": 584200000.0,
        "Write Off": NaN,
        "Impairment Of Capital Assets": NaN,
        "Restructuring And Mergern Acquisition": -584200000.0,
        "Earnings From Equity Interest": 2600000.0,
        "Net Non Operating Interest Income Expense": -102600000.0,
        "Interest Expense Non Operating": 113000000.0,
        "Interest Income Non Operating": 10400000.0,
        "Operating Income": 199100000.0,
        "Operating Expense": 500400000.0,
        "Depreciation Amortization Depletion Income Statement": 107500000.0,
        "Depreciation And Amortization In Income Statement": 107500000.0,
        "Selling General And Administration": 392900000.0,
        "General And Administrative Expense": 392900000.0,
        "Other Gand A": 392900000.0,
        "Gross Profit": 699500000.0,
        "Cost Of Revenue": 973800000.0,
        "Total Revenue": 1673300000.0,
        "Operating Revenue": 1673300000.0
    },
    "2022-12-31": {
        "Tax Effect Of Unusual Items": -2856000.0,
        "Tax Rate For Calcs": 0.21,
        "Normalized EBITDA": 419900000.0,
        "Total Unusual Items": -13600000.0,
        "Total Unusual Items Excluding Goodwill": -13600000.0,
        "Net Income From Continuing Operation Net Minority Interest": 20800000.0,
        "Reconciled Depreciation": 150300000.0,
        "Reconciled Cost Of Revenue": 915600000.0,
        "EBITDA": 406300000.0,
        "EBIT": 256000000.0,
        "Net Interest Income": -192200000.0,
        "Interest Expense": 203500000.0,
        "Interest Income": 11300000.0,
        "Normalized Income": 31544000.0,
        "Net Income From Continuing And Discontinued Operation": 20800000.0,
        "Total Expenses": 1329100000.0,
        "Total Operating Income As Reported": 242900000.0,
        "Diluted Average Shares": 169700000.0,
        "Basic Average Shares": 154200000.0,
        "Diluted EPS": 0.13,
        "Basic EPS": 0.13,
        "Diluted NI Availto Com Stockholders": 20800000.0,
        "Average Dilution Earnings": NaN,
        "Net Income Common Stockholders": 20800000.0,
        "Preferred Stock Dividends": 100000.0,
        "Net Income": 20800000.0,
        "Minority Interests": 0.0,
        "Net Income Including Noncontrolling Interests": 20800000.0,
        "Net Income Continuous Operations": 20800000.0,
        "Tax Provision": 31700000.0,
        "Pretax Income": 52500000.0,
        "Other Income Expense": -11800000.0,
        "Other Non Operating Income Expenses": -4800000.0,
        "Special Income Charges": -13600000.0,
        "Write Off": 13600000.0,
        "Impairment Of Capital Assets": 13600000.0,
        "Restructuring And Mergern Acquisition": NaN,
        "Earnings From Equity Interest": 6600000.0,
        "Net Non Operating Interest Income Expense": -192200000.0,
        "Interest Expense Non Operating": 203500000.0,
        "Interest Income Non Operating": 11300000.0,
        "Operating Income": 256500000.0,
        "Operating Expense": 413500000.0,
        "Depreciation Amortization Depletion Income Statement": 150300000.0,
        "Depreciation And Amortization In Income Statement": 150300000.0,
        "Selling General And Administration": 263200000.0,
        "General And Administrative Expense": 263200000.0,
        "Other Gand A": 263200000.0,
        "Gross Profit": 670000000.0,
        "Cost Of Revenue": 915600000.0,
        "Total Revenue": 1585600000.0,
        "Operating Revenue": 1585600000.0
    },
    "2022-09-30": {
        "Tax Effect Of Unusual Items": -41840000.0,
        "Tax Rate For Calcs": 0.4,
        "Normalized EBITDA": 393000000.0,
        "Total Unusual Items": -104600000.0,
        "Total Unusual Items Excluding Goodwill": -104600000.0,
        "Net Income From Continuing Operation Net Minority Interest": 123500000.0,
        "Reconciled Depreciation": 148700000.0,
        "Reconciled Cost Of Revenue": 957100000.0,
        "EBITDA": 288400000.0,
        "EBIT": 139700000.0,
        "Net Interest Income": -193300000.0,
        "Interest Expense": 198500000.0,
        "Interest Income": 5200000.0,
        "Normalized Income": 186260000.0,
        "Net Income From Continuing And Discontinued Operation": 123500000.0,
        "Total Expenses": 1383700000.0,
        "Total Operating Income As Reported": 136700000.0,
        "Diluted Average Shares": 173000000.0,
        "Basic Average Shares": 157600000.0,
        "Diluted EPS": 0.72,
        "Basic EPS": 0.78,
        "Diluted NI Availto Com Stockholders": 124800000.0,
        "Average Dilution Earnings": 1800000.0,
        "Net Income Common Stockholders": 123000000.0,
        "Preferred Stock Dividends": 500000.0,
        "Net Income": 123500000.0,
        "Minority Interests": 300000.0,
        "Net Income Including Noncontrolling Interests": 123200000.0,
        "Net Income Continuous Operations": 123200000.0,
        "Tax Provision": -182000000.0,
        "Pretax Income": -58800000.0,
        "Other Income Expense": -106800000.0,
        "Other Non Operating Income Expenses": -8800000.0,
        "Special Income Charges": -104600000.0,
        "Write Off": 104600000.0,
        "Impairment Of Capital Assets": NaN,
        "Restructuring And Mergern Acquisition": NaN,
        "Earnings From Equity Interest": 6600000.0,
        "Net Non Operating Interest Income Expense": -193300000.0,
        "Interest Expense Non Operating": 198500000.0,
        "Interest Income Non Operating": 5200000.0,
        "Operating Income": 241300000.0,
        "Operating Expense": 426600000.0,
        "Depreciation Amortization Depletion Income Statement": 148700000.0,
        "Depreciation And Amortization In Income Statement": 148700000.0,
        "Selling General And Administration": 277900000.0,
        "General And Administrative Expense": 277900000.0,
        "Other Gand A": 277900000.0,
        "Gross Profit": 667900000.0,
        "Cost Of Revenue": 957100000.0,
        "Total Revenue": 1625000000.0,
        "Operating Revenue": 1625000000.0
    },
    "2022-06-30": {
        "Tax Effect Of Unusual Items": 0.0,
        "Tax Rate For Calcs": 0.4,
        "Normalized EBITDA": 427600000.0,
        "Total Unusual Items": NaN,
        "Total Unusual Items Excluding Goodwill": NaN,
        "Net Income From Continuing Operation Net Minority Interest": 26100000.0,
        "Reconciled Depreciation": 150300000.0,
        "Reconciled Cost Of Revenue": 900400000.0,
        "EBITDA": 427600000.0,
        "EBIT": 277300000.0,
        "Net Interest Income": -193600000.0,
        "Interest Expense": 194900000.0,
        "Interest Income": 1300000.0,
        "Normalized Income": 26100000.0,
        "Net Income From Continuing And Discontinued Operation": 26100000.0,
        "Total Expenses": 1324500000.0,
        "Total Operating Income As Reported": 302400000.0,
        "Diluted Average Shares": 180200000.0,
        "Basic Average Shares": 164800000.0,
        "Diluted EPS": 0.15,
        "Basic EPS": 0.16,
        "Diluted NI Availto Com Stockholders": 26000000.0,
        "Average Dilution Earnings": NaN,
        "Net Income Common Stockholders": 26000000.0,
        "Preferred Stock Dividends": 100000.0,
        "Net Income": 26100000.0,
        "Minority Interests": 0.0,
        "Net Income Including Noncontrolling Interests": 26100000.0,
        "Net Income Continuous Operations": 26100000.0,
        "Tax Provision": 56300000.0,
        "Pretax Income": 82400000.0,
        "Other Income Expense": -26400000.0,
        "Other Non Operating Income Expenses": -28200000.0,
        "Special Income Charges": NaN,
        "Write Off": NaN,
        "Impairment Of Capital Assets": NaN,
        "Restructuring And Mergern Acquisition": NaN,
        "Earnings From Equity Interest": 1800000.0,
        "Net Non Operating Interest Income Expense": -193600000.0,
        "Interest Expense Non Operating": 194900000.0,
        "Interest Income Non Operating": 1300000.0,
        "Operating Income": 302400000.0,
        "Operating Expense": 424100000.0,
        "Depreciation Amortization Depletion Income Statement": 150300000.0,
        "Depreciation And Amortization In Income Statement": 150300000.0,
        "Selling General And Administration": 273800000.0,
        "General And Administrative Expense": 273800000.0,
        "Other Gand A": 273800000.0,
        "Gross Profit": 726500000.0,
        "Cost Of Revenue": 900400000.0,
        "Total Revenue": 1626900000.0,
        "Operating Revenue": 1626900000.0
    },
    "2022-03-31": {
        "Diluted EPS": 0.29,
        "Total Revenue": NaN,
        "Gross Profit": 706,
        "Operating Income": 292,
        "EBIT": 413,
        "Net Income": 52
    },
    "2021-12-31": {
        "Diluted EPS": 0.24,
        "Total Revenue": NaN,
        "Gross Profit": 657,
        "Operating Income": 226,
        "EBIT": 330,
        "Net Income": 45
    },
    "2021-09-30": {
        "Diluted EPS": 0.52,
        "Total Revenue": NaN,
        "Gross Profit": 699,
        "Operating Income": 239,
        "EBIT": 329,
        "Net Income": 86
    },
    "2021-06-30": {
        "Diluted EPS": 1.17,
        "Total Revenue": NaN,
        "Gross Profit": 776,
        "Operating Income": 378,
        "EBIT": 465,
        "Net Income": 199
    },
    "2021-03-31": {
        "Diluted EPS": 0.55,
        "Total Revenue": NaN,
        "Gross Profit": 624,
        "Operating Income": 217,
        "EBIT": 303,
        "Net Income": 91
    },
    "2020-12-31": {
        "Diluted EPS": 1.02,
        "Total Revenue": NaN,
        "Gross Profit": 520,
        "Operating Income": 120,
        "EBIT": 216,
        "Net Income": 12
    },
    "2020-09-30": {
        "Diluted EPS": 0.93,
        "Total Revenue": NaN,
        "Gross Profit": 602,
        "Operating Income": 196,
        "EBIT": 289,
        "Net Income": 141
    },
    "2020-06-30": {
        "Diluted EPS": -1.69,
        "Total Revenue": 306,
        "Gross Profit": 131,
        "Operating Income": -165,
        "EBIT": -70,
        "Net Income": -214
    },
    "2020-03-31": {
        "Diluted EPS": -5.26,
        "Total Revenue": NaN,
        "Gross Profit": 458,
        "Operating Income": -561,
        "EBIT": -463,
        "Net Income": -609
    },
    "2019-12-31": {
        "Diluted EPS": -0.8,
        "Total Revenue": NaN,
        "Gross Profit": 586,
        "Operating Income": 11,
        "EBIT": 111,
        "Net Income": -93
    },
    "2019-09-30": {
        "Diluted EPS": 0.38,
        "Total Revenue": NaN,
        "Gross Profit": 596,
        "Operating Income": 180,
        "EBIT": 288,
        "Net Income": 44
    },
    "2019-06-30": {
        "Diluted EPS": 0.44,
        "Total Revenue": NaN,
        "Gross Profit": 591,
        "Operating Income": 198,
        "EBIT": 306,
        "Net Income": 52
    },
    "2019-03-31": {
        "Diluted EPS": 0.35,
        "Total Revenue": NaN,
        "Gross Profit": 573,
        "Operating Income": 182,
        "EBIT": 288,
        "Net Income": 41
    },
    "2018-12-31": {
        "Diluted EPS": -0.5,
        "Total Revenue": NaN,
        "Gross Profit": 492,
        "Operating Income": 124,
        "EBIT": 219,
        "Net Income": -42
    },
    "2018-09-30": {
        "Diluted EPS": 0.38,
        "Total Revenue": 790,
        "Gross Profit": 338,
        "Operating Income": 156,
        "EBIT": 214,
        "Net Income": 36
    },
    "2018-06-30": {
        "Diluted EPS": 0.57,
        "Total Revenue": 827,
        "Gross Profit": 356,
        "Operating Income": 182,
        "EBIT": 242,
        "Net Income": 54
    },
    "2018-03-31": {
        "Diluted EPS": 0.48,
        "Total Revenue": 816,
        "Gross Profit": 354,
        "Operating Income": 172,
        "EBIT": 234,
        "Net Income": 45
    },
    "2017-12-31": {
        "Diluted EPS": -3.6,
        "Total Revenue": 769,
        "Gross Profit": 317,
        "Operating Income": 27,
        "EBIT": 90,
        "Net Income": -338
    },
    "2017-09-30": {
        "Diluted EPS": 8.43,
        "Total Revenue": 806,
        "Gross Profit": 342,
        "Operating Income": 144,
        "EBIT": 212,
        "Net Income": 789
    },
    "2017-06-30": {
        "Diluted EPS": 0.18,
        "Total Revenue": 796,
        "Gross Profit": 340,
        "Operating Income": 135,
        "EBIT": 206,
        "Net Income": 17
    },
    "2017-03-31": {
        "Diluted EPS": 0.06,
        "Total Revenue": 776,
        "Gross Profit": 336,
        "Operating Income": 140,
        "EBIT": 212,
        "Net Income": 5
    },
    "2016-12-31": {
        "Diluted EPS": 0.05,
        "Total Revenue": 743,
        "Gross Profit": 307,
        "Operating Income": 114,
        "EBIT": 187,
        "Net Income": 14
    },
    "2016-09-30": {
        "Diluted EPS": 0.51,
        "Total Revenue": 766,
        "Gross Profit": 321,
        "Operating Income": 139,
        "EBIT": 209,
        "Net Income": 43
    },
    "2016-06-30": {
        "Diluted EPS": 0.37,
        "Total Revenue": 769,
        "Gross Profit": 325,
        "Operating Income": 149,
        "EBIT": 217,
        "Net Income": 31
    },
    "2016-03-31": {
        "Diluted EPS": 0.26,
        "Total Revenue": 756,
        "Gross Profit": 323,
        "Operating Income": 141,
        "EBIT": 208,
        "Net Income": 21
    },
    "2015-12-31": {
        "Diluted EPS": -0.09,
        "Total Revenue": 734,
        "Gross Profit": 305,
        "Operating Income": 91,
        "EBIT": 160,
        "Net Income": -8
    },
    "2015-09-30": {
        "Diluted EPS": 0.05,
        "Total Revenue": 739,
        "Gross Profit": 316,
        "Operating Income": 142,
        "EBIT": 210,
        "Net Income": 4
    },
    "2015-06-30": {
        "Diluted EPS": 0.03,
        "Total Revenue": 701,
        "Gross Profit": 305,
        "Operating Income": 123,
        "EBIT": 187,
        "Net Income": 3
    },
    "2015-03-31": {
        "Diluted EPS": 0.02,
        "Total Revenue": 664,
        "Gross Profit": 291,
        "Operating Income": 112,
        "EBIT": 177,
        "Net Income": 2
    },
    "2014-12-31": {
        "Diluted EPS": -1.9,
        "Total Revenue": 651,
        "Gross Profit": 278,
        "Operating Income": -57,
        "EBIT": 10,
        "Net Income": -150
    },
    "2014-09-30": {
        "Diluted EPS": -0.2,
        "Total Revenue": 646,
        "Gross Profit": 279,
        "Operating Income": 106,
        "EBIT": 169,
        "Net Income": -15
    },
    "2014-06-30": {
        "Diluted EPS": -0.25,
        "Total Revenue": 652,
        "Gross Profit": 288,
        "Operating Income": 105,
        "EBIT": 177,
        "Net Income": -19
    },
    "2014-03-31": {
        "Diluted EPS": 0.01,
        "Total Revenue": 641,
        "Gross Profit": 280,
        "Operating Income": 103,
        "EBIT": 174,
        "Net Income": 1
    },
    "2013-12-31": {
        "Diluted EPS": -8.31,
        "Total Revenue": 504,
        "Gross Profit": 213,
        "Operating Income": -697,
        "EBIT": -613,
        "Net Income": -656
    },
    "2013-09-30": {
        "Diluted EPS": 0.4,
        "Total Revenue": 714,
        "Gross Profit": 304,
        "Operating Income": 93,
        "EBIT": 175,
        "Net Income": 34
    },
    "2013-06-30": {
        "Diluted EPS": -0.16,
        "Total Revenue": 761,
        "Gross Profit": 331,
        "Operating Income": 47,
        "EBIT": 130,
        "Net Income": -12
    },
    "2013-03-31": {
        "Diluted EPS": 0.63,
        "Total Revenue": 798,
        "Gross Profit": 346,
        "Operating Income": 133,
        "EBIT": 213,
        "Net Income": 53
    },
    "2012-12-31": {
        "Diluted EPS": 0.22,
        "Total Revenue": 533,
        "Gross Profit": 225,
        "Operating Income": 28,
        "EBIT": 105,
        "Net Income": 43
    },
    "2012-09-30": {
        "Diluted EPS": 0.44,
        "Total Revenue": 707,
        "Gross Profit": 299,
        "Operating Income": 99,
        "EBIT": 163,
        "Net Income": 37
    },
    "2012-06-30": {
        "Diluted EPS": 0.63,
        "Total Revenue": 713,
        "Gross Profit": 297,
        "Operating Income": 128,
        "EBIT": 186,
        "Net Income": 67
    },
    "2012-03-31": {
        "Diluted EPS": 0.74,
        "Total Revenue": 736,
        "Gross Profit": 308,
        "Operating Income": 143,
        "EBIT": 198,
        "Net Income": 63
    },
    "2011-12-31": {
        "Diluted EPS": 0.41,
        "Total Revenue": 676,
        "Gross Profit": 267,
        "Operating Income": 106,
        "EBIT": 159,
        "Net Income": 36
    },
    "2011-09-30": {
        "Diluted EPS": 0.66,
        "Total Revenue": 711,
        "Gross Profit": 291,
        "Operating Income": 130,
        "EBIT": 184,
        "Net Income": 57
    },
    "2011-06-30": {
        "Diluted EPS": 0.71,
        "Total Revenue": 688,
        "Gross Profit": 286,
        "Operating Income": 141,
        "EBIT": 198,
        "Net Income": 62
    },
    "2011-03-31": {
        "Diluted EPS": 0.48,
        "Total Revenue": 667,
        "Gross Profit": 278,
        "Operating Income": 123,
        "EBIT": 179,
        "Net Income": 42
    },
    "2010-12-31": {
        "Diluted EPS": -1.65,
        "Total Revenue": 630,
        "Gross Profit": 253,
        "Operating Income": -101,
        "EBIT": -44,
        "Net Income": -135
    },
    "2010-09-30": {
        "Diluted EPS": 0.46,
        "Total Revenue": 638,
        "Gross Profit": 261,
        "Operating Income": 110,
        "EBIT": 167,
        "Net Income": 39
    },
    "2010-06-30": {
        "Diluted EPS": 0.09,
        "Total Revenue": 598,
        "Gross Profit": 242,
        "Operating Income": 52,
        "EBIT": 108,
        "Net Income": 7
    },
    "2010-03-31": {
        "Diluted EPS": 0.34,
        "Total Revenue": 592,
        "Gross Profit": 238,
        "Operating Income": 92,
        "EBIT": 147,
        "Net Income": 29
    },
    "2009-12-31": {
        "Diluted EPS": -4.24,
        "Total Revenue": 556,
        "Gross Profit": 215,
        "Operating Income": -460,
        "EBIT": -403,
        "Net Income": -338
    },
    "2009-09-30": {
        "Diluted EPS": 0.2,
        "Total Revenue": 620,
        "Gross Profit": 248,
        "Operating Income": 87,
        "EBIT": 140,
        "Net Income": 17
    },
    "2009-06-30": {
        "Diluted EPS": 0.27,
        "Total Revenue": 581,
        "Gross Profit": 229,
        "Operating Income": 77,
        "EBIT": 126,
        "Net Income": 23
    },
    "2009-03-31": {
        "Diluted EPS": 0.38,
        "Total Revenue": 612,
        "Gross Profit": 250,
        "Operating Income": 101,
        "EBIT": 147,
        "Net Income": 33
    },
    "2023-06-30": {
        "Tax Effect Of Unusual Items": 0.0,
        "Tax Rate For Calcs": 0.307624,
        "Normalized EBITDA": 339000000.0,
        "Total Unusual Items": 0.0,
        "Total Unusual Items Excluding Goodwill": 0.0,
        "Net Income From Continuing Operation Net Minority Interest": 78400000.0,
        "Reconciled Depreciation": 110600000.0,
        "Reconciled Cost Of Revenue": 978400000.0,
        "EBITDA": 339000000.0,
        "EBIT": 228400000.0,
        "Net Interest Income": -105700000.0,
        "Interest Expense": 115600000.0,
        "Interest Income": 9900000.0,
        "Normalized Income": 78400000.0,
        "Net Income From Continuing And Discontinued Operation": 78400000.0,
        "Total Expenses": 1469300000.0,
        "Total Operating Income As Reported": 205500000.0,
        "Diluted Average Shares": 167900000.0,
        "Basic Average Shares": 152800000.0,
        "Diluted EPS": 0.48,
        "Basic EPS": 0.51,
        "Diluted NI Availto Com Stockholders": 78400000.0,
        "Average Dilution Earnings": NaN,
        "Net Income Common Stockholders": 78400000.0,
        "Preferred Stock Dividends": NaN,
        "Net Income": 78400000.0,
        "Minority Interests": -300000.0,
        "Net Income Including Noncontrolling Interests": 78100000.0,
        "Net Income Continuous Operations": 78100000.0,
        "Tax Provision": 34700000.0,
        "Pretax Income": 112800000.0,
        "Other Income Expense": 13000000.0,
        "Other Non Operating Income Expenses": 5800000.0,
        "Special Income Charges": 0.0,
        "Write Off": NaN,
        "Impairment Of Capital Assets": NaN,
        "Restructuring And Mergern Acquisition": 0.0,
        "Earnings From Equity Interest": 7200000.0,
        "Net Non Operating Interest Income Expense": -105700000.0,
        "Interest Expense Non Operating": 115600000.0,
        "Interest Income Non Operating": 9900000.0,
        "Operating Income": 205500000.0,
        "Operating Expense": 490900000.0,
        "Depreciation Amortization Depletion Income Statement": 110600000.0,
        "Depreciation And Amortization In Income Statement": 110600000.0,
        "Selling General And Administration": 380300000.0,
        "General And Administrative Expense": 380300000.0,
        "Other Gand A": 380300000.0,
        "Gross Profit": 696400000.0,
        "Cost Of Revenue": 978400000.0,
        "Total Revenue": 1674800000.0,
        "Operating Revenue": 1674800000.0
    }
}