{
    "2023-03-31": {
        "Tax Effect Of Unusual Items": NaN,
        "Tax Rate For Calcs": NaN,
        "Normalized EBITDA": NaN,
        "Net Income From Continuing Operation Net Minority Interest": NaN,
        "Reconciled Depreciation": NaN,
        "EBITDA": NaN,
        "EBIT": NaN,
        "Net Interest Income": NaN,
        "Interest Income": NaN,
        "Normalized Income": NaN,
        "Net Income From Continuing And Discontinued Operation": NaN,
        "Total Expenses": NaN,
        "Total Operating Income As Reported": NaN,
        "Diluted Average Shares": 23761915.0,
        "Basic Average Shares": 23761915.0,
        "Diluted EPS": -0.69,
        "Basic EPS": -0.69,
        "Diluted NI Availto Com Stockholders": NaN,
        "Net Income Common Stockholders": NaN,
        "Net Income": NaN,
        "Net Income Including Noncontrolling Interests": NaN,
        "Net Income Continuous Operations": NaN,
        "Tax Provision": NaN,
        "Pretax Income": NaN,
        "Other Income Expense": NaN,
        "Other Non Operating Income Expenses": NaN,
        "Net Non Operating Interest Income Expense": NaN,
        "Interest Income Non Operating": NaN,
        "Operating Income": NaN,
        "Operating Expense": NaN,
        "Research And Development": NaN,
        "Selling General And Administration": NaN,
        "General And Administrative Expense": NaN,
        "Other Gand A": NaN,
        "Total Revenue": NaN,
        "Operating Revenue": NaN
    },
    "2022-12-31": {
        "Tax Effect Of Unusual Items": NaN,
        "Tax Rate For Calcs": NaN,
        "Normalized EBITDA": NaN,
        "Net Income From Continuing Operation Net Minority Interest": NaN,
        "Reconciled Depreciation": NaN,
        "EBITDA": NaN,
        "EBIT": NaN,
        "Net Interest Income": NaN,
        "Interest Income": NaN,
        "Normalized Income": NaN,
        "Net Income From Continuing And Discontinued Operation": NaN,
        "Total Expenses": NaN,
        "Total Operating Income As Reported": NaN,
        "Diluted Average Shares": 23713196.0,
        "Basic Average Shares": 23713196.0,
        "Diluted EPS": -0.62986,
        "Basic EPS": -0.62986,
        "Diluted NI Availto Com Stockholders": NaN,
        "Net Income Common Stockholders": NaN,
        "Net Income": NaN,
        "Net Income Including Noncontrolling Interests": NaN,
        "Net Income Continuous Operations": NaN,
        "Tax Provision": NaN,
        "Pretax Income": NaN,
        "Other Income Expense": NaN,
        "Other Non Operating Income Expenses": NaN,
        "Net Non Operating Interest Income Expense": NaN,
        "Interest Income Non Operating": NaN,
        "Operating Income": NaN,
        "Operating Expense": NaN,
        "Research And Development": NaN,
        "Selling General And Administration": NaN,
        "General And Administrative Expense": NaN,
        "Other Gand A": NaN,
        "Total Revenue": NaN,
        "Operating Revenue": NaN
    },
    "2022-09-30": {
        "Tax Effect Of Unusual Items": 0.0,
        "Tax Rate For Calcs": 0.0,
        "Normalized EBITDA": -19411000.0,
        "Net Income From Continuing Operation Net Minority Interest": -18607000.0,
        "Reconciled Depreciation": 143000.0,
        "EBITDA": -19411000.0,
        "EBIT": -19554000.0,
        "Net Interest Income": 943000.0,
        "Interest Income": 943000.0,
        "Normalized Income": -18607000.0,
        "Net Income From Continuing And Discontinued Operation": -18607000.0,
        "Total Expenses": 19554000.0,
        "Total Operating Income As Reported": -19554000.0,
        "Diluted Average Shares": 23562395.0,
        "Basic Average Shares": 23562395.0,
        "Diluted EPS": -0.79,
        "Basic EPS": -0.79,
        "Diluted NI Availto Com Stockholders": -18607000.0,
        "Net Income Common Stockholders": -18607000.0,
        "Net Income": -18607000.0,
        "Net Income Including Noncontrolling Interests": -18607000.0,
        "Net Income Continuous Operations": -18607000.0,
        "Tax Provision": 0.0,
        "Pretax Income": -18607000.0,
        "Other Income Expense": 4000.0,
        "Other Non Operating Income Expenses": 4000.0,
        "Net Non Operating Interest Income Expense": 943000.0,
        "Interest Income Non Operating": 943000.0,
        "Operating Income": -19554000.0,
        "Operating Expense": 19554000.0,
        "Research And Development": 15964000.0,
        "Selling General And Administration": 3590000.0,
        "General And Administrative Expense": 3590000.0,
        "Other Gand A": 3590000.0,
        "Total Revenue": 0.0,
        "Operating Revenue": 0.0
    },
    "2022-06-30": {
        "Tax Effect Of Unusual Items": 0.0,
        "Tax Rate For Calcs": 0.0,
        "Normalized EBITDA": -17502000.0,
        "Net Income From Continuing Operation Net Minority Interest": -17315000.0,
        "Reconciled Depreciation": 139000.0,
        "EBITDA": -17502000.0,
        "EBIT": -17641000.0,
        "Net Interest Income": 250000.0,
        "Interest Income": 250000.0,
        "Normalized Income": -17315000.0,
        "Net Income From Continuing And Discontinued Operation": -17315000.0,
        "Total Expenses": 17641000.0,
        "Total Operating Income As Reported": -17641000.0,
        "Diluted Average Shares": 14090455.0,
        "Basic Average Shares": 14090455.0,
        "Diluted EPS": -1.23,
        "Basic EPS": -1.23,
        "Diluted NI Availto Com Stockholders": -17315000.0,
        "Net Income Common Stockholders": -17315000.0,
        "Net Income": -17315000.0,
        "Net Income Including Noncontrolling Interests": -17315000.0,
        "Net Income Continuous Operations": -17315000.0,
        "Tax Provision": 0.0,
        "Pretax Income": -17315000.0,
        "Other Income Expense": 76000.0,
        "Other Non Operating Income Expenses": 76000.0,
        "Net Non Operating Interest Income Expense": 250000.0,
        "Interest Income Non Operating": 250000.0,
        "Operating Income": -17641000.0,
        "Operating Expense": 17641000.0,
        "Research And Development": 14240000.0,
        "Selling General And Administration": 3401000.0,
        "General And Administrative Expense": 3401000.0,
        "Other Gand A": 3401000.0,
        "Total Revenue": 0.0,
        "Operating Revenue": 0.0
    },
    "2022-03-31": {
        "Diluted EPS": -18.94,
        "Total Revenue": NaN,
        "Gross Profit": NaN,
        "Operating Income": -14,
        "EBIT": -14,
        "Net Income": -18
    },
    "2021-12-31": {
        "Diluted EPS": -7.75,
        "Total Revenue": NaN,
        "Gross Profit": NaN,
        "Operating Income": -7,
        "EBIT": -7,
        "Net Income": -7
    },
    "2021-09-30": {
        "Diluted EPS": -9.07,
        "Total Revenue": NaN,
        "Gross Profit": NaN,
        "Operating Income": -8,
        "EBIT": -8,
        "Net Income": -8
    },
    "2021-06-30": {
        "Diluted EPS": -6.03,
        "Total Revenue": NaN,
        "Gross Profit": NaN,
        "Operating Income": -5,
        "EBIT": -5,
        "Net Income": -5
    },
    "2021-03-31": {
        "Diluted EPS": -7.42,
        "Total Revenue": NaN,
        "Gross Profit": NaN,
        "Operating Income": -7,
        "EBIT": -7,
        "Net Income": -7
    },
    "2020-12-31": {
        "Diluted EPS": 0.0,
        "Total Revenue": NaN,
        "Gross Profit": NaN,
        "Operating Income": NaN,
        "EBIT": NaN,
        "Net Income": NaN
    },
    "2023-06-30": {
        "Tax Effect Of Unusual Items": 0.0,
        "Tax Rate For Calcs": 0.0,
        "Normalized EBITDA": -20967000.0,
        "Net Income From Continuing Operation Net Minority Interest": -19522000.0,
        "Reconciled Depreciation": 177000.0,
        "EBITDA": -20967000.0,
        "EBIT": -21144000.0,
        "Net Interest Income": 1684000.0,
        "Interest Income": 1684000.0,
        "Normalized Income": -19522000.0,
        "Net Income From Continuing And Discontinued Operation": -19522000.0,
        "Total Expenses": 21144000.0,
        "Total Operating Income As Reported": -21144000.0,
        "Diluted Average Shares": 23790430.0,
        "Basic Average Shares": 23790430.0,
        "Diluted EPS": -0.82,
        "Basic EPS": -0.82,
        "Diluted NI Availto Com Stockholders": -19522000.0,
        "Net Income Common Stockholders": -19522000.0,
        "Net Income": -19522000.0,
        "Net Income Including Noncontrolling Interests": -19522000.0,
        "Net Income Continuous Operations": -19522000.0,
        "Tax Provision": 0.0,
        "Pretax Income": -19522000.0,
        "Other Income Expense": -62000.0,
        "Other Non Operating Income Expenses": -62000.0,
        "Net Non Operating Interest Income Expense": 1684000.0,
        "Interest Income Non Operating": 1684000.0,
        "Operating Income": -21144000.0,
        "Operating Expense": 21144000.0,
        "Research And Development": 16926000.0,
        "Selling General And Administration": 4218000.0,
        "General And Administrative Expense": 4218000.0,
        "Other Gand A": 4218000.0,
        "Total Revenue": 0.0,
        "Operating Revenue": 0.0
    },
    "2023-09-30": {
        "Tax Effect Of Unusual Items": 0.0,
        "Tax Rate For Calcs": 0.0,
        "Normalized EBITDA": -24526000.0,
        "Net Income From Continuing Operation Net Minority Interest": -23290000.0,
        "Reconciled Depreciation": 254000.0,
        "EBITDA": -24526000.0,
        "EBIT": -24780000.0,
        "Net Interest Income": 1578000.0,
        "Interest Income": 1578000.0,
        "Normalized Income": -23290000.0,
        "Net Income From Continuing And Discontinued Operation": -23290000.0,
        "Total Expenses": 24780000.0,
        "Total Operating Income As Reported": -24780000.0,
        "Diluted Average Shares": 23790430.0,
        "Basic Average Shares": 23790430.0,
        "Diluted EPS": -0.98,
        "Basic EPS": -0.98,
        "Diluted NI Availto Com Stockholders": -23290000.0,
        "Net Income Common Stockholders": -23290000.0,
        "Net Income": -23290000.0,
        "Net Income Including Noncontrolling Interests": -23290000.0,
        "Net Income Continuous Operations": -23290000.0,
        "Tax Provision": 0.0,
        "Pretax Income": -23290000.0,
        "Other Income Expense": -88000.0,
        "Other Non Operating Income Expenses": -88000.0,
        "Net Non Operating Interest Income Expense": 1578000.0,
        "Interest Income Non Operating": 1578000.0,
        "Operating Income": -24780000.0,
        "Operating Expense": 24780000.0,
        "Research And Development": 20540000.0,
        "Selling General And Administration": 4240000.0,
        "General And Administrative Expense": 4240000.0,
        "Other Gand A": 4240000.0,
        "Total Revenue": 0.0,
        "Operating Revenue": 0.0
    },
    "2023-12-31": {
        "Tax Effect Of Unusual Items": 0.0,
        "Tax Rate For Calcs": 0.21,
        "Normalized EBITDA": -20579000.0,
        "Net Income From Continuing Operation Net Minority Interest": -19495000.0,
        "Reconciled Depreciation": 232000.0,
        "EBITDA": -20579000.0,
        "EBIT": -20811000.0,
        "Net Interest Income": 1346000.0,
        "Interest Income": 1346000.0,
        "Normalized Income": -19495000.0,
        "Net Income From Continuing And Discontinued Operation": -19495000.0,
        "Total Expenses": 20811000.0,
        "Total Operating Income As Reported": -20811000.0,
        "Diluted Average Shares": NaN,
        "Basic Average Shares": NaN,
        "Diluted EPS": NaN,
        "Basic EPS": NaN,
        "Diluted NI Availto Com Stockholders": -19495000.0,
        "Net Income Common Stockholders": -19495000.0,
        "Net Income": -19495000.0,
        "Net Income Including Noncontrolling Interests": -19495000.0,
        "Net Income Continuous Operations": -19495000.0,
        "Tax Provision": 73000.0,
        "Pretax Income": -19422000.0,
        "Other Income Expense": 43000.0,
        "Other Non Operating Income Expenses": 43000.0,
        "Net Non Operating Interest Income Expense": 1346000.0,
        "Interest Income Non Operating": 1346000.0,
        "Operating Income": -20811000.0,
        "Operating Expense": 20811000.0,
        "Research And Development": 16300000.0,
        "Selling General And Administration": 4511000.0,
        "General And Administrative Expense": 4511000.0,
        "Other Gand A": 4511000.0,
        "Total Revenue": 0.0,
        "Operating Revenue": 0.0
    },
    "2024-03-31": {
        "Tax Effect Of Unusual Items": 0.0,
        "Tax Rate For Calcs": 0.0,
        "Normalized EBITDA": -19557000.0,
        "Net Income From Continuing Operation Net Minority Interest": -18020000.0,
        "Reconciled Depreciation": 241000.0,
        "EBITDA": -19557000.0,
        "EBIT": -19798000.0,
        "Net Interest Income": 1735000.0,
        "Interest Income": 1735000.0,
        "Normalized Income": -18020000.0,
        "Net Income From Continuing And Discontinued Operation": -18020000.0,
        "Total Expenses": 19798000.0,
        "Total Operating Income As Reported": -19798000.0,
        "Diluted Average Shares": 28656401.0,
        "Basic Average Shares": 28656401.0,
        "Diluted EPS": -0.63,
        "Basic EPS": -0.63,
        "Diluted NI Availto Com Stockholders": -18020000.0,
        "Net Income Common Stockholders": -18020000.0,
        "Net Income": -18020000.0,
        "Net Income Including Noncontrolling Interests": -18020000.0,
        "Net Income Continuous Operations": -18020000.0,
        "Tax Provision": 0.0,
        "Pretax Income": -18020000.0,
        "Other Income Expense": 43000.0,
        "Other Non Operating Income Expenses": 43000.0,
        "Net Non Operating Interest Income Expense": 1735000.0,
        "Interest Income Non Operating": 1735000.0,
        "Operating Income": -19798000.0,
        "Operating Expense": 19798000.0,
        "Research And Development": 14732000.0,
        "Selling General And Administration": 5066000.0,
        "General And Administrative Expense": 5066000.0,
        "Other Gand A": 5066000.0,
        "Total Revenue": 0.0,
        "Operating Revenue": 0.0
    },
    "2024-06-30": {
        "Tax Effect Of Unusual Items": 0.0,
        "Tax Rate For Calcs": 0.0,
        "Normalized EBITDA": -28046000.0,
        "Net Income From Continuing Operation Net Minority Interest": -28335000.0,
        "Reconciled Depreciation": 2379000.0,
        "EBITDA": -28046000.0,
        "EBIT": -30425000.0,
        "Net Interest Income": 2121000.0,
        "Interest Income": 2121000.0,
        "Normalized Income": -28335000.0,
        "Net Income From Continuing And Discontinued Operation": -28335000.0,
        "Total Expenses": 30425000.0,
        "Total Operating Income As Reported": -30425000.0,
        "Diluted Average Shares": 32469187.0,
        "Basic Average Shares": 32469187.0,
        "Diluted EPS": -0.87,
        "Basic EPS": -0.87,
        "Diluted NI Availto Com Stockholders": -28335000.0,
        "Net Income Common Stockholders": -28335000.0,
        "Net Income": -28335000.0,
        "Net Income Including Noncontrolling Interests": -28335000.0,
        "Net Income Continuous Operations": -28335000.0,
        "Tax Provision": 0.0,
        "Pretax Income": -28335000.0,
        "Other Income Expense": -31000.0,
        "Other Non Operating Income Expenses": -31000.0,
        "Net Non Operating Interest Income Expense": 2121000.0,
        "Interest Income Non Operating": 2121000.0,
        "Operating Income": -30425000.0,
        "Operating Expense": 30425000.0,
        "Research And Development": 25063000.0,
        "Selling General And Administration": 5362000.0,
        "General And Administrative Expense": 5362000.0,
        "Other Gand A": 5362000.0,
        "Total Revenue": 0.0,
        "Operating Revenue": 0.0
    }
}