{
    "2023-03-31": {
        "Tax Effect Of Unusual Items": NaN,
        "Tax Rate For Calcs": NaN,
        "Normalized EBITDA": NaN,
        "Total Unusual Items": NaN,
        "Total Unusual Items Excluding Goodwill": NaN,
        "Net Income From Continuing Operation Net Minority Interest": NaN,
        "Reconciled Depreciation": NaN,
        "Reconciled Cost Of Revenue": NaN,
        "EBITDA": NaN,
        "EBIT": NaN,
        "Net Interest Income": NaN,
        "Interest Income": NaN,
        "Normalized Income": NaN,
        "Net Income From Continuing And Discontinued Operation": NaN,
        "Total Expenses": NaN,
        "Total Operating Income As Reported": NaN,
        "Diluted Average Shares": 49467671.0,
        "Basic Average Shares": 46382655.0,
        "Diluted EPS": 0.48,
        "Basic EPS": 0.51,
        "Diluted NI Availto Com Stockholders": NaN,
        "Net Income Common Stockholders": NaN,
        "Net Income": NaN,
        "Net Income Including Noncontrolling Interests": NaN,
        "Net Income Continuous Operations": NaN,
        "Tax Provision": NaN,
        "Pretax Income": NaN,
        "Other Income Expense": NaN,
        "Special Income Charges": NaN,
        "Restructuring And Mergern Acquisition": NaN,
        "Net Non Operating Interest Income Expense": NaN,
        "Interest Income Non Operating": NaN,
        "Operating Income": NaN,
        "Operating Expense": NaN,
        "Depreciation Amortization Depletion Income Statement": NaN,
        "Depreciation And Amortization In Income Statement": NaN,
        "Research And Development": NaN,
        "Selling General And Administration": NaN,
        "Selling And Marketing Expense": NaN,
        "General And Administrative Expense": NaN,
        "Other Gand A": NaN,
        "Gross Profit": NaN,
        "Cost Of Revenue": NaN,
        "Total Revenue": NaN,
        "Operating Revenue": NaN
    },
    "2022-12-31": {
        "Tax Effect Of Unusual Items": NaN,
        "Tax Rate For Calcs": NaN,
        "Normalized EBITDA": NaN,
        "Total Unusual Items": NaN,
        "Total Unusual Items Excluding Goodwill": NaN,
        "Net Income From Continuing Operation Net Minority Interest": NaN,
        "Reconciled Depreciation": NaN,
        "Reconciled Cost Of Revenue": NaN,
        "EBITDA": NaN,
        "EBIT": NaN,
        "Net Interest Income": NaN,
        "Interest Income": NaN,
        "Normalized Income": NaN,
        "Net Income From Continuing And Discontinued Operation": NaN,
        "Total Expenses": NaN,
        "Total Operating Income As Reported": NaN,
        "Diluted Average Shares": 48872169.0,
        "Basic Average Shares": 45842833.0,
        "Diluted EPS": 0.79,
        "Basic EPS": 0.84,
        "Diluted NI Availto Com Stockholders": NaN,
        "Net Income Common Stockholders": NaN,
        "Net Income": NaN,
        "Net Income Including Noncontrolling Interests": NaN,
        "Net Income Continuous Operations": NaN,
        "Tax Provision": NaN,
        "Pretax Income": NaN,
        "Other Income Expense": NaN,
        "Special Income Charges": NaN,
        "Restructuring And Mergern Acquisition": NaN,
        "Net Non Operating Interest Income Expense": NaN,
        "Total Other Finance Cost": 2753000.0,
        "Interest Income Non Operating": NaN,
        "Operating Income": NaN,
        "Operating Expense": NaN,
        "Depreciation Amortization Depletion Income Statement": NaN,
        "Depreciation And Amortization In Income Statement": NaN,
        "Research And Development": NaN,
        "Selling General And Administration": NaN,
        "Selling And Marketing Expense": NaN,
        "General And Administrative Expense": NaN,
        "Other Gand A": NaN,
        "Gross Profit": NaN,
        "Cost Of Revenue": NaN,
        "Total Revenue": NaN,
        "Operating Revenue": NaN
    },
    "2022-09-30": {
        "Tax Effect Of Unusual Items": NaN,
        "Tax Rate For Calcs": NaN,
        "Normalized EBITDA": NaN,
        "Total Unusual Items": 3816000.0,
        "Total Unusual Items Excluding Goodwill": 3816000.0,
        "Net Income From Continuing Operation Net Minority Interest": NaN,
        "Reconciled Depreciation": NaN,
        "Reconciled Cost Of Revenue": NaN,
        "EBITDA": NaN,
        "EBIT": NaN,
        "Net Interest Income": NaN,
        "Interest Income": NaN,
        "Normalized Income": NaN,
        "Net Income From Continuing And Discontinued Operation": NaN,
        "Total Expenses": NaN,
        "Total Operating Income As Reported": NaN,
        "Diluted Average Shares": NaN,
        "Basic Average Shares": NaN,
        "Diluted EPS": NaN,
        "Basic EPS": NaN,
        "Diluted NI Availto Com Stockholders": NaN,
        "Net Income Common Stockholders": NaN,
        "Net Income": NaN,
        "Net Income Including Noncontrolling Interests": NaN,
        "Net Income Continuous Operations": NaN,
        "Tax Provision": NaN,
        "Pretax Income": NaN,
        "Other Income Expense": 3816000.0,
        "Special Income Charges": 3816000.0,
        "Restructuring And Mergern Acquisition": -3816000.0,
        "Net Non Operating Interest Income Expense": NaN,
        "Total Other Finance Cost": -1019000.0,
        "Interest Income Non Operating": NaN,
        "Operating Income": NaN,
        "Operating Expense": NaN,
        "Depreciation Amortization Depletion Income Statement": NaN,
        "Depreciation And Amortization In Income Statement": NaN,
        "Research And Development": NaN,
        "Selling General And Administration": NaN,
        "Selling And Marketing Expense": NaN,
        "General And Administrative Expense": NaN,
        "Other Gand A": NaN,
        "Gross Profit": NaN,
        "Cost Of Revenue": NaN,
        "Total Revenue": NaN,
        "Operating Revenue": NaN
    },
    "2022-06-30": {
        "Tax Effect Of Unusual Items": 0.0,
        "Tax Rate For Calcs": 0.143798,
        "Normalized EBITDA": 25080000.0,
        "Total Unusual Items": NaN,
        "Total Unusual Items Excluding Goodwill": NaN,
        "Net Income From Continuing Operation Net Minority Interest": 19500000.0,
        "Reconciled Depreciation": 3208000.0,
        "Reconciled Cost Of Revenue": 92817000.0,
        "EBITDA": 25080000.0,
        "EBIT": 21872000.0,
        "Net Interest Income": 903000.0,
        "Interest Income": NaN,
        "Normalized Income": 19500000.0,
        "Net Income From Continuing And Discontinued Operation": 19500000.0,
        "Total Expenses": 124784000.0,
        "Total Operating Income As Reported": 21872000.0,
        "Diluted Average Shares": 47292249.0,
        "Basic Average Shares": 44439023.0,
        "Diluted EPS": 0.41,
        "Basic EPS": 0.44,
        "Diluted NI Availto Com Stockholders": 19500000.0,
        "Net Income Common Stockholders": 19500000.0,
        "Net Income": 19500000.0,
        "Net Income Including Noncontrolling Interests": 19500000.0,
        "Net Income Continuous Operations": 19500000.0,
        "Tax Provision": 3275000.0,
        "Pretax Income": 22775000.0,
        "Other Income Expense": NaN,
        "Special Income Charges": NaN,
        "Restructuring And Mergern Acquisition": NaN,
        "Net Non Operating Interest Income Expense": 903000.0,
        "Total Other Finance Cost": -903000.0,
        "Interest Income Non Operating": NaN,
        "Operating Income": 21872000.0,
        "Operating Expense": 31967000.0,
        "Depreciation Amortization Depletion Income Statement": 3208000.0,
        "Depreciation And Amortization In Income Statement": 3208000.0,
        "Research And Development": 8336000.0,
        "Selling General And Administration": 20423000.0,
        "Selling And Marketing Expense": 13955000.0,
        "General And Administrative Expense": 6468000.0,
        "Other Gand A": 6468000.0,
        "Gross Profit": 53839000.0,
        "Cost Of Revenue": 92817000.0,
        "Total Revenue": 146656000.0,
        "Operating Revenue": 146656000.0
    },
    "2023-06-30": {
        "Tax Effect Of Unusual Items": NaN,
        "Tax Rate For Calcs": NaN,
        "Normalized EBITDA": NaN,
        "Total Unusual Items": -14602000.0,
        "Total Unusual Items Excluding Goodwill": -14602000.0,
        "Net Income From Continuing Operation Net Minority Interest": NaN,
        "Reconciled Depreciation": NaN,
        "Reconciled Cost Of Revenue": NaN,
        "EBITDA": NaN,
        "EBIT": NaN,
        "Net Interest Income": NaN,
        "Interest Income": NaN,
        "Normalized Income": NaN,
        "Net Income From Continuing And Discontinued Operation": NaN,
        "Total Expenses": NaN,
        "Total Operating Income As Reported": NaN,
        "Diluted Average Shares": NaN,
        "Basic Average Shares": NaN,
        "Diluted EPS": NaN,
        "Basic EPS": NaN,
        "Diluted NI Availto Com Stockholders": NaN,
        "Net Income Common Stockholders": NaN,
        "Net Income": NaN,
        "Net Income Including Noncontrolling Interests": NaN,
        "Net Income Continuous Operations": NaN,
        "Tax Provision": NaN,
        "Pretax Income": NaN,
        "Other Income Expense": -14602000.0,
        "Special Income Charges": -14602000.0,
        "Restructuring And Mergern Acquisition": 14602000.0,
        "Net Non Operating Interest Income Expense": NaN,
        "Interest Income Non Operating": NaN,
        "Operating Income": NaN,
        "Operating Expense": NaN,
        "Depreciation Amortization Depletion Income Statement": NaN,
        "Depreciation And Amortization In Income Statement": NaN,
        "Research And Development": NaN,
        "Selling General And Administration": NaN,
        "Selling And Marketing Expense": NaN,
        "General And Administrative Expense": NaN,
        "Other Gand A": NaN,
        "Gross Profit": NaN,
        "Cost Of Revenue": NaN,
        "Total Revenue": NaN,
        "Operating Revenue": NaN
    },
    "2022-03-31": {
        "Diluted EPS": 0.33,
        "Total Revenue": 125,
        "Gross Profit": 119,
        "Operating Income": 17,
        "EBIT": 20,
        "Net Income": 15
    },
    "2021-12-31": {
        "Diluted EPS": 0.46,
        "Total Revenue": 158,
        "Gross Profit": 151,
        "Operating Income": 21,
        "EBIT": 24,
        "Net Income": 18
    },
    "2021-09-30": {
        "Diluted EPS": 0.28,
        "Total Revenue": 121,
        "Gross Profit": 115,
        "Operating Income": 12,
        "EBIT": 14,
        "Net Income": 11
    },
    "2021-06-30": {
        "Diluted EPS": 0.19,
        "Total Revenue": 110,
        "Gross Profit": 104,
        "Operating Income": 9,
        "EBIT": 11,
        "Net Income": 7
    },
    "2021-03-31": {
        "Diluted EPS": 0.09,
        "Total Revenue": 90,
        "Gross Profit": 84,
        "Operating Income": 4,
        "EBIT": 6,
        "Net Income": 3
    },
    "2020-12-31": {
        "Diluted EPS": 0.31,
        "Total Revenue": 118,
        "Gross Profit": 112,
        "Operating Income": 10,
        "EBIT": 13,
        "Net Income": 9
    },
    "2020-09-30": {
        "Diluted EPS": 0.08,
        "Total Revenue": 83,
        "Gross Profit": 78,
        "Operating Income": 4,
        "EBIT": 6,
        "Net Income": 2
    },
    "2020-06-30": {
        "Diluted EPS": -0.08,
        "Total Revenue": 60,
        "Gross Profit": 55,
        "Operating Income": -3,
        "EBIT": 0,
        "Net Income": -2
    },
    "2020-03-31": {
        "Diluted EPS": 0.05,
        "Total Revenue": 66,
        "Gross Profit": 60,
        "Operating Income": 1,
        "EBIT": 3,
        "Net Income": 1
    },
    "2019-12-31": {
        "Diluted EPS": 0.22,
        "Total Revenue": 78,
        "Gross Profit": 71,
        "Operating Income": 8,
        "EBIT": 10,
        "Net Income": 6
    },
    "2019-09-30": {
        "Diluted EPS": 0.11,
        "Total Revenue": 66,
        "Gross Profit": 59,
        "Operating Income": 4,
        "EBIT": 7,
        "Net Income": 3
    },
    "2019-06-30": {
        "Diluted EPS": 0.11,
        "Total Revenue": 64,
        "Gross Profit": 57,
        "Operating Income": 4,
        "EBIT": 7,
        "Net Income": 3
    },
    "2019-03-31": {
        "Diluted EPS": 0.05,
        "Total Revenue": 54,
        "Gross Profit": 48,
        "Operating Income": 2,
        "EBIT": 4,
        "Net Income": 1
    },
    "2018-12-31": {
        "Diluted EPS": 0.2,
        "Total Revenue": 72,
        "Gross Profit": 66,
        "Operating Income": 8,
        "EBIT": 11,
        "Net Income": 5
    },
    "2018-09-30": {
        "Diluted EPS": 0.08,
        "Total Revenue": 57,
        "Gross Profit": 52,
        "Operating Income": 4,
        "EBIT": 6,
        "Net Income": 2
    },
    "2018-06-30": {
        "Diluted EPS": 0.03,
        "Total Revenue": 63,
        "Gross Profit": 57,
        "Operating Income": 3,
        "EBIT": 5,
        "Net Income": 1
    },
    "2018-03-31": {
        "Diluted EPS": 0.0,
        "Total Revenue": 61,
        "Gross Profit": 55,
        "Operating Income": 0,
        "EBIT": 2,
        "Net Income": 0
    },
    "2017-12-31": {
        "Diluted EPS": -1.44,
        "Total Revenue": 77,
        "Gross Profit": 70,
        "Operating Income": -34,
        "EBIT": -31,
        "Net Income": -37
    },
    "2017-09-30": {
        "Diluted EPS": 0.1,
        "Total Revenue": 65,
        "Gross Profit": 59,
        "Operating Income": 3,
        "EBIT": 6,
        "Net Income": 3
    },
    "2017-06-30": {
        "Diluted EPS": -1.38,
        "Total Revenue": 70,
        "Gross Profit": 64,
        "Operating Income": -42,
        "EBIT": -37,
        "Net Income": -36
    },
    "2017-03-31": {
        "Diluted EPS": -0.09,
        "Total Revenue": 62,
        "Gross Profit": 56,
        "Operating Income": -2,
        "EBIT": 3,
        "Net Income": -2
    },
    "2016-12-31": {
        "Diluted EPS": -0.03,
        "Total Revenue": 85,
        "Gross Profit": 71,
        "Operating Income": 5,
        "EBIT": 12,
        "Net Income": 0
    },
    "2016-09-30": {
        "Diluted EPS": 0.21,
        "Total Revenue": 74,
        "Gross Profit": 71,
        "Operating Income": 5,
        "EBIT": 11,
        "Net Income": 5
    },
    "2016-06-30": {
        "Diluted EPS": 0.03,
        "Total Revenue": 78,
        "Gross Profit": 74,
        "Operating Income": 2,
        "EBIT": 9,
        "Net Income": 1
    },
    "2016-03-31": {
        "Diluted EPS": -0.21,
        "Total Revenue": 76,
        "Gross Profit": 72,
        "Operating Income": -1,
        "EBIT": 6,
        "Net Income": -6
    },
    "2015-12-31": {
        "Diluted EPS": -0.69,
        "Total Revenue": 68,
        "Gross Profit": 64,
        "Operating Income": -3,
        "EBIT": 2,
        "Net Income": -17
    },
    "2015-09-30": {
        "Diluted EPS": -3.0,
        "Total Revenue": 53,
        "Gross Profit": 51,
        "Operating Income": -67,
        "EBIT": -69,
        "Net Income": -71
    },
    "2015-06-30": {
        "Diluted EPS": 0.36,
        "Total Revenue": 49,
        "Gross Profit": 47,
        "Operating Income": 12,
        "EBIT": 18,
        "Net Income": 8
    },
    "2015-03-31": {
        "Diluted EPS": 0.42,
        "Total Revenue": 52,
        "Gross Profit": 51,
        "Operating Income": 18,
        "EBIT": 20,
        "Net Income": 11
    },
    "2014-12-31": {
        "Diluted EPS": -0.39,
        "Total Revenue": 78,
        "Gross Profit": 88,
        "Operating Income": -153,
        "EBIT": -147,
        "Net Income": -8
    },
    "2014-09-30": {
        "Diluted EPS": -0.54,
        "Total Revenue": 81,
        "Gross Profit": 73,
        "Operating Income": 47,
        "EBIT": 52,
        "Net Income": -10
    },
    "2014-06-30": {
        "Diluted EPS": 0.75,
        "Total Revenue": 110,
        "Gross Profit": 103,
        "Operating Income": 79,
        "EBIT": 84,
        "Net Income": 18
    },
    "2014-03-31": {
        "Diluted EPS": 0.6,
        "Total Revenue": 115,
        "Gross Profit": 108,
        "Operating Income": 78,
        "EBIT": 83,
        "Net Income": 14
    },
    "2013-12-31": {
        "Diluted EPS": -0.42,
        "Total Revenue": 17,
        "Gross Profit": 20,
        "Operating Income": -149,
        "EBIT": -147,
        "Net Income": -2
    },
    "2013-09-30": {
        "Diluted EPS": -0.39,
        "Total Revenue": 21,
        "Gross Profit": 19,
        "Operating Income": -1,
        "EBIT": 2,
        "Net Income": -2
    },
    "2013-06-30": {
        "Diluted EPS": 0.18,
        "Total Revenue": 24,
        "Gross Profit": 21,
        "Operating Income": 1,
        "EBIT": 4,
        "Net Income": 1
    },
    "2013-03-31": {
        "Diluted EPS": 0.66,
        "Total Revenue": 28,
        "Gross Profit": 24,
        "Operating Income": 5,
        "EBIT": 7,
        "Net Income": 3
    },
    "2012-12-31": {
        "Diluted EPS": 0.15,
        "Total Revenue": 21,
        "Gross Profit": 20,
        "Operating Income": -8,
        "EBIT": -7,
        "Net Income": 1
    },
    "2012-09-30": {
        "Diluted EPS": 0.51,
        "Total Revenue": 16,
        "Gross Profit": 15,
        "Operating Income": 8,
        "EBIT": 9,
        "Net Income": 2
    },
    "2012-06-30": {
        "Diluted EPS": 0.27,
        "Total Revenue": 12,
        "Gross Profit": 11,
        "Operating Income": 5,
        "EBIT": 6,
        "Net Income": 1
    },
    "2012-03-31": {
        "Diluted EPS": 0.12,
        "Total Revenue": 11,
        "Gross Profit": 10,
        "Operating Income": 1,
        "EBIT": 1,
        "Net Income": 0
    },
    "2011-12-31": {
        "Diluted EPS": 0.06,
        "Total Revenue": 11,
        "Gross Profit": 10,
        "Operating Income": 0,
        "EBIT": 1,
        "Net Income": 0
    },
    "2011-09-30": {
        "Diluted EPS": 0.0,
        "Total Revenue": 8,
        "Gross Profit": 8,
        "Operating Income": 0,
        "EBIT": 1,
        "Net Income": 0
    },
    "2011-06-30": {
        "Diluted EPS": 0.66,
        "Total Revenue": 8,
        "Gross Profit": 8,
        "Operating Income": 2,
        "EBIT": 2,
        "Net Income": 2
    },
    "2011-03-31": {
        "Diluted EPS": 0.96,
        "Total Revenue": 9,
        "Gross Profit": 8,
        "Operating Income": 3,
        "EBIT": 4,
        "Net Income": 3
    },
    "2010-12-31": {
        "Diluted EPS": 0.54,
        "Total Revenue": 8,
        "Gross Profit": 7,
        "Operating Income": 2,
        "EBIT": 2,
        "Net Income": 2
    },
    "2010-09-30": {
        "Diluted EPS": 0.66,
        "Total Revenue": 7,
        "Gross Profit": 7,
        "Operating Income": 3,
        "EBIT": 3,
        "Net Income": 2
    },
    "2010-06-30": {
        "Diluted EPS": 0.69,
        "Total Revenue": 7,
        "Gross Profit": 7,
        "Operating Income": 3,
        "EBIT": 3,
        "Net Income": 2
    },
    "2010-03-31": {
        "Diluted EPS": 0.66,
        "Total Revenue": 7,
        "Gross Profit": 7,
        "Operating Income": 3,
        "EBIT": 3,
        "Net Income": 2
    },
    "2009-12-31": {
        "Diluted EPS": 0.66,
        "Total Revenue": 7,
        "Gross Profit": 7,
        "Operating Income": 3,
        "EBIT": 3,
        "Net Income": 2
    },
    "2009-09-30": {
        "Diluted EPS": 0.63,
        "Total Revenue": 7,
        "Gross Profit": 6,
        "Operating Income": 3,
        "EBIT": 3,
        "Net Income": 2
    },
    "2009-06-30": {
        "Diluted EPS": 0.78,
        "Total Revenue": 7,
        "Gross Profit": 6,
        "Operating Income": 3,
        "EBIT": 3,
        "Net Income": 2
    },
    "2009-03-31": {
        "Diluted EPS": 0.45,
        "Total Revenue": 6,
        "Gross Profit": 6,
        "Operating Income": 2,
        "EBIT": 2,
        "Net Income": 1
    },
    "2023-09-30": {
        "Tax Effect Of Unusual Items": -295380.642485,
        "Tax Rate For Calcs": 0.149032,
        "Normalized EBITDA": 39855000.0,
        "Total Unusual Items": -1982000.0,
        "Total Unusual Items Excluding Goodwill": -1982000.0,
        "Net Income From Continuing Operation Net Minority Interest": 32821000.0,
        "Reconciled Depreciation": 3425000.0,
        "Reconciled Cost Of Revenue": 117786000.0,
        "EBITDA": 37873000.0,
        "EBIT": 34448000.0,
        "Net Interest Income": 6103000.0,
        "Interest Income": 6103000.0,
        "Normalized Income": 34507619.357515,
        "Net Income From Continuing And Discontinued Operation": 32821000.0,
        "Total Expenses": 150857000.0,
        "Total Operating Income As Reported": 32466000.0,
        "Diluted Average Shares": 50270296.0,
        "Basic Average Shares": 47392072.0,
        "Diluted EPS": 0.65,
        "Basic EPS": 0.69,
        "Diluted NI Availto Com Stockholders": 32821000.0,
        "Net Income Common Stockholders": 32821000.0,
        "Net Income": 32821000.0,
        "Net Income Including Noncontrolling Interests": 32821000.0,
        "Net Income Continuous Operations": 32821000.0,
        "Tax Provision": 5748000.0,
        "Pretax Income": 38569000.0,
        "Other Income Expense": -1982000.0,
        "Special Income Charges": -1982000.0,
        "Restructuring And Mergern Acquisition": 1982000.0,
        "Net Non Operating Interest Income Expense": 6103000.0,
        "Interest Income Non Operating": 6103000.0,
        "Operating Income": 34448000.0,
        "Operating Expense": 33071000.0,
        "Depreciation Amortization Depletion Income Statement": 3425000.0,
        "Depreciation And Amortization In Income Statement": 3425000.0,
        "Research And Development": 7763000.0,
        "Selling General And Administration": 21883000.0,
        "Selling And Marketing Expense": 14171000.0,
        "General And Administrative Expense": 7712000.0,
        "Other Gand A": 7712000.0,
        "Gross Profit": 67519000.0,
        "Cost Of Revenue": 117786000.0,
        "Total Revenue": 185305000.0,
        "Operating Revenue": 185305000.0
    },
    "2023-12-31": {
        "Tax Effect Of Unusual Items": -391287.760586,
        "Tax Rate For Calcs": 0.146167,
        "Normalized EBITDA": 50829000.0,
        "Total Unusual Items": -2677000.0,
        "Total Unusual Items Excluding Goodwill": -2677000.0,
        "Net Income From Continuing Operation Net Minority Interest": 39401000.0,
        "Reconciled Depreciation": 3901000.0,
        "Reconciled Cost Of Revenue": 154482000.0,
        "EBITDA": 48152000.0,
        "EBIT": 44251000.0,
        "Net Interest Income": 6829000.0,
        "Interest Income": 6039000.0,
        "Normalized Income": 41686712.239414,
        "Net Income From Continuing And Discontinued Operation": 39401000.0,
        "Total Expenses": 192236000.0,
        "Total Operating Income As Reported": 39884000.0,
        "Diluted Average Shares": 50600750.0,
        "Basic Average Shares": 47756953.0,
        "Diluted EPS": 0.78,
        "Basic EPS": 0.83,
        "Diluted NI Availto Com Stockholders": 39401000.0,
        "Net Income Common Stockholders": 39401000.0,
        "Net Income": 39401000.0,
        "Net Income Including Noncontrolling Interests": 39401000.0,
        "Net Income Continuous Operations": 39401000.0,
        "Tax Provision": 6745000.0,
        "Pretax Income": 46146000.0,
        "Other Income Expense": -2677000.0,
        "Special Income Charges": -2110000.0,
        "Restructuring And Mergern Acquisition": 2110000.0,
        "Net Non Operating Interest Income Expense": 6829000.0,
        "Interest Income Non Operating": 6039000.0,
        "Operating Income": 41994000.0,
        "Operating Expense": 37754000.0,
        "Depreciation Amortization Depletion Income Statement": 3901000.0,
        "Depreciation And Amortization In Income Statement": 3901000.0,
        "Research And Development": 8714000.0,
        "Selling General And Administration": 25139000.0,
        "Selling And Marketing Expense": 15008000.0,
        "General And Administrative Expense": 10131000.0,
        "Other Gand A": 10131000.0,
        "Gross Profit": 79748000.0,
        "Cost Of Revenue": 154482000.0,
        "Total Revenue": 234230000.0,
        "Operating Revenue": 234230000.0
    },
    "2024-03-31": {
        "Tax Effect Of Unusual Items": 0.0,
        "Tax Rate For Calcs": 0.158888,
        "Normalized EBITDA": 13063000.0,
        "Total Unusual Items": NaN,
        "Total Unusual Items Excluding Goodwill": NaN,
        "Net Income From Continuing Operation Net Minority Interest": 11768000.0,
        "Reconciled Depreciation": 4558000.0,
        "Reconciled Cost Of Revenue": 109104000.0,
        "EBITDA": 13063000.0,
        "EBIT": 8505000.0,
        "Net Interest Income": 5486000.0,
        "Interest Income": 5486000.0,
        "Normalized Income": 11768000.0,
        "Net Income From Continuing And Discontinued Operation": 11768000.0,
        "Total Expenses": 149315000.0,
        "Total Operating Income As Reported": 8505000.0,
        "Diluted Average Shares": 49541695.0,
        "Basic Average Shares": 48256697.0,
        "Diluted EPS": 0.24,
        "Basic EPS": 0.24,
        "Diluted NI Availto Com Stockholders": 11768000.0,
        "Net Income Common Stockholders": 11768000.0,
        "Net Income": 11768000.0,
        "Net Income Including Noncontrolling Interests": 11768000.0,
        "Net Income Continuous Operations": 11768000.0,
        "Tax Provision": 2223000.0,
        "Pretax Income": 13991000.0,
        "Other Income Expense": NaN,
        "Special Income Charges": NaN,
        "Restructuring And Mergern Acquisition": NaN,
        "Net Non Operating Interest Income Expense": 5486000.0,
        "Interest Income Non Operating": 5486000.0,
        "Operating Income": 8505000.0,
        "Operating Expense": 40211000.0,
        "Depreciation Amortization Depletion Income Statement": 4558000.0,
        "Depreciation And Amortization In Income Statement": 4558000.0,
        "Research And Development": 9811000.0,
        "Selling General And Administration": 25842000.0,
        "Selling And Marketing Expense": 16090000.0,
        "General And Administrative Expense": 9752000.0,
        "Other Gand A": 9752000.0,
        "Gross Profit": 48716000.0,
        "Cost Of Revenue": 109104000.0,
        "Total Revenue": 157820000.0,
        "Operating Revenue": 157820000.0
    },
    "2024-06-30": {
        "Tax Effect Of Unusual Items": -1167179.017485,
        "Tax Rate For Calcs": 0.138357,
        "Normalized EBITDA": 8736000.0,
        "Total Unusual Items": -8436000.0,
        "Total Unusual Items Excluding Goodwill": -8436000.0,
        "Net Income From Continuing Operation Net Minority Interest": -6209000.0,
        "Reconciled Depreciation": 4773000.0,
        "Reconciled Cost Of Revenue": 70232000.0,
        "EBITDA": 300000.0,
        "EBIT": -4473000.0,
        "Net Interest Income": 5703000.0,
        "Interest Income": 5703000.0,
        "Normalized Income": 1059820.982515,
        "Net Income From Continuing And Discontinued Operation": -6209000.0,
        "Total Expenses": 113164000.0,
        "Total Operating Income As Reported": -12909000.0,
        "Diluted Average Shares": 48733540.0,
        "Basic Average Shares": 48733540.0,
        "Diluted EPS": -0.13,
        "Basic EPS": -0.13,
        "Diluted NI Availto Com Stockholders": -6209000.0,
        "Net Income Common Stockholders": -6209000.0,
        "Net Income": -6209000.0,
        "Net Income Including Noncontrolling Interests": -6209000.0,
        "Net Income Continuous Operations": -6209000.0,
        "Tax Provision": -997000.0,
        "Pretax Income": -7206000.0,
        "Other Income Expense": -8436000.0,
        "Special Income Charges": -8436000.0,
        "Restructuring And Mergern Acquisition": 8436000.0,
        "Net Non Operating Interest Income Expense": 5703000.0,
        "Interest Income Non Operating": 5703000.0,
        "Operating Income": -4473000.0,
        "Operating Expense": 42932000.0,
        "Depreciation Amortization Depletion Income Statement": 4773000.0,
        "Depreciation And Amortization In Income Statement": 4773000.0,
        "Research And Development": 10112000.0,
        "Selling General And Administration": 28047000.0,
        "Selling And Marketing Expense": 18044000.0,
        "General And Administrative Expense": 10003000.0,
        "Other Gand A": 10003000.0,
        "Gross Profit": 38459000.0,
        "Cost Of Revenue": 70232000.0,
        "Total Revenue": 108691000.0,
        "Operating Revenue": 108691000.0
    },
    "2024-09-30": {
        "Tax Effect Of Unusual Items": 0.0,
        "Tax Rate For Calcs": 0.183469,
        "Normalized EBITDA": 769000.0,
        "Total Unusual Items": 0.0,
        "Total Unusual Items Excluding Goodwill": 0.0,
        "Net Income From Continuing Operation Net Minority Interest": 2114000.0,
        "Reconciled Depreciation": 3579000.0,
        "Reconciled Cost Of Revenue": 66097000.0,
        "EBITDA": 769000.0,
        "EBIT": -2810000.0,
        "Net Interest Income": 5399000.0,
        "Interest Income": 5399000.0,
        "Normalized Income": 2114000.0,
        "Net Income From Continuing And Discontinued Operation": 2114000.0,
        "Total Expenses": 105008000.0,
        "Total Operating Income As Reported": -2810000.0,
        "Diluted Average Shares": 48360345.0,
        "Basic Average Shares": 46935927.0,
        "Diluted EPS": 0.04,
        "Basic EPS": 0.05,
        "Diluted NI Availto Com Stockholders": 2114000.0,
        "Net Income Common Stockholders": 2114000.0,
        "Net Income": 2114000.0,
        "Net Income Including Noncontrolling Interests": 2114000.0,
        "Net Income Continuous Operations": 2114000.0,
        "Tax Provision": 475000.0,
        "Pretax Income": 2589000.0,
        "Other Income Expense": NaN,
        "Special Income Charges": 0.0,
        "Restructuring And Mergern Acquisition": 0.0,
        "Net Non Operating Interest Income Expense": 5399000.0,
        "Interest Income Non Operating": 5399000.0,
        "Operating Income": -2810000.0,
        "Operating Expense": 38911000.0,
        "Depreciation Amortization Depletion Income Statement": 3579000.0,
        "Depreciation And Amortization In Income Statement": 3579000.0,
        "Research And Development": 8271000.0,
        "Selling General And Administration": 27061000.0,
        "Selling And Marketing Expense": 17861000.0,
        "General And Administrative Expense": 9200000.0,
        "Other Gand A": 9200000.0,
        "Gross Profit": 36101000.0,
        "Cost Of Revenue": 66097000.0,
        "Total Revenue": 102198000.0,
        "Operating Revenue": 102198000.0
    }
}