{
    "2023-03-31": {
        "Tax Effect Of Unusual Items": 0.0,
        "Tax Rate For Calcs": 0.391,
        "Normalized EBITDA": 298000.0,
        "Total Unusual Items": 0.0,
        "Total Unusual Items Excluding Goodwill": 0.0,
        "Net Income From Continuing Operation Net Minority Interest": -318000.0,
        "Reconciled Depreciation": 747000.0,
        "Reconciled Cost Of Revenue": 17098000.0,
        "EBITDA": 298000.0,
        "EBIT": -449000.0,
        "Net Interest Income": 54000.0,
        "Interest Expense": 73000.0,
        "Interest Income": 127000.0,
        "Normalized Income": -318000.0,
        "Net Income From Continuing And Discontinued Operation": -411000.0,
        "Total Expenses": 20683000.0,
        "Total Operating Income As Reported": -576000.0,
        "Diluted Average Shares": 13358000.0,
        "Basic Average Shares": 13358000.0,
        "Diluted EPS": -0.03,
        "Basic EPS": -0.03,
        "Diluted NI Availto Com Stockholders": -411000.0,
        "Net Income Common Stockholders": -411000.0,
        "Net Income": -411000.0,
        "Net Income Including Noncontrolling Interests": -411000.0,
        "Net Income Discontinuous Operations": -93000.0,
        "Net Income Continuous Operations": -318000.0,
        "Tax Provision": -204000.0,
        "Pretax Income": -522000.0,
        "Other Income Expense": NaN,
        "Other Non Operating Income Expenses": NaN,
        "Special Income Charges": 0.0,
        "Gain On Sale Of Ppe": 0.0,
        "Net Non Operating Interest Income Expense": 54000.0,
        "Interest Expense Non Operating": 73000.0,
        "Interest Income Non Operating": 127000.0,
        "Operating Income": -576000.0,
        "Operating Expense": 3585000.0,
        "Research And Development": 99000.0,
        "Selling General And Administration": 3486000.0,
        "Gross Profit": 3009000.0,
        "Cost Of Revenue": 17098000.0,
        "Total Revenue": 20107000.0,
        "Operating Revenue": 20107000.0
    },
    "2022-12-31": {
        "Tax Effect Of Unusual Items": -2231.25,
        "Tax Rate For Calcs": 0.13125,
        "Normalized EBITDA": -1015000.0,
        "Total Unusual Items": -17000.0,
        "Total Unusual Items Excluding Goodwill": -17000.0,
        "Net Income From Continuing Operation Net Minority Interest": -1529000.0,
        "Reconciled Depreciation": 676000.0,
        "Reconciled Cost Of Revenue": 14738000.0,
        "EBITDA": -1032000.0,
        "EBIT": -1708000.0,
        "Net Interest Income": -39000.0,
        "Interest Expense": 52000.0,
        "Interest Income": 30000.0,
        "Normalized Income": -1514231.25,
        "Net Income From Continuing And Discontinued Operation": -1692000.0,
        "Total Expenses": 18446000.0,
        "Total Operating Income As Reported": -1706000.0,
        "Diluted Average Shares": 13324000.0,
        "Basic Average Shares": 13324000.0,
        "Diluted EPS": -0.13,
        "Basic EPS": -0.13,
        "Diluted NI Availto Com Stockholders": -1692000.0,
        "Net Income Common Stockholders": -1692000.0,
        "Net Income": -1692000.0,
        "Minority Interests": 0.0,
        "Net Income Including Noncontrolling Interests": -1692000.0,
        "Net Income Discontinuous Operations": -163000.0,
        "Net Income Continuous Operations": -1529000.0,
        "Tax Provision": -231000.0,
        "Pretax Income": -1760000.0,
        "Other Income Expense": -32000.0,
        "Other Non Operating Income Expenses": -15000.0,
        "Special Income Charges": -17000.0,
        "Gain On Sale Of Ppe": -17000.0,
        "Net Non Operating Interest Income Expense": -39000.0,
        "Total Other Finance Cost": 17000.0,
        "Interest Expense Non Operating": 52000.0,
        "Interest Income Non Operating": 30000.0,
        "Operating Income": -1689000.0,
        "Operating Expense": 3708000.0,
        "Research And Development": 91000.0,
        "Selling General And Administration": 3617000.0,
        "Gross Profit": 2019000.0,
        "Cost Of Revenue": 14738000.0,
        "Total Revenue": 16757000.0,
        "Operating Revenue": 16757000.0
    },
    "2022-09-30": {
        "Tax Effect Of Unusual Items": 0.0,
        "Tax Rate For Calcs": 0.178465,
        "Normalized EBITDA": 1547000.0,
        "Total Unusual Items": 0.0,
        "Total Unusual Items Excluding Goodwill": 0.0,
        "Net Income From Continuing Operation Net Minority Interest": 824000.0,
        "Reconciled Depreciation": 497000.0,
        "Reconciled Cost Of Revenue": 15402000.0,
        "EBITDA": 1547000.0,
        "EBIT": 1050000.0,
        "Net Interest Income": -34000.0,
        "Interest Expense": 47000.0,
        "Interest Income": 29000.0,
        "Normalized Income": 824000.0,
        "Net Income From Continuing And Discontinued Operation": 664000.0,
        "Total Expenses": 19400000.0,
        "Total Operating Income As Reported": -928000.0,
        "Diluted Average Shares": 13447000.0,
        "Basic Average Shares": 13297000.0,
        "Diluted EPS": 0.05,
        "Basic EPS": 0.05,
        "Diluted NI Availto Com Stockholders": 664000.0,
        "Net Income Common Stockholders": 664000.0,
        "Net Income": 664000.0,
        "Minority Interests": 0.0,
        "Net Income Including Noncontrolling Interests": 664000.0,
        "Net Income Discontinuous Operations": -160000.0,
        "Net Income Continuous Operations": 824000.0,
        "Tax Provision": 179000.0,
        "Pretax Income": 1003000.0,
        "Other Income Expense": 1965000.0,
        "Other Non Operating Income Expenses": 1965000.0,
        "Special Income Charges": 0.0,
        "Gain On Sale Of Ppe": 0.0,
        "Gain On Sale Of Business": NaN,
        "Net Non Operating Interest Income Expense": -34000.0,
        "Total Other Finance Cost": 16000.0,
        "Interest Expense Non Operating": 47000.0,
        "Interest Income Non Operating": 29000.0,
        "Operating Income": -928000.0,
        "Operating Expense": 3998000.0,
        "Research And Development": 69000.0,
        "Selling General And Administration": 3929000.0,
        "Gross Profit": 3070000.0,
        "Cost Of Revenue": 15402000.0,
        "Total Revenue": 18472000.0,
        "Operating Revenue": 18472000.0
    },
    "2022-06-30": {
        "Tax Effect Of Unusual Items": 0.0,
        "Tax Rate For Calcs": 0.4,
        "Normalized EBITDA": -389000.0,
        "Total Unusual Items": 0.0,
        "Total Unusual Items Excluding Goodwill": 0.0,
        "Net Income From Continuing Operation Net Minority Interest": -1257000.0,
        "Reconciled Depreciation": 480000.0,
        "Reconciled Cost Of Revenue": 16571000.0,
        "EBITDA": -389000.0,
        "EBIT": -869000.0,
        "Net Interest Income": -27000.0,
        "Interest Expense": 41000.0,
        "Interest Income": 29000.0,
        "Normalized Income": -1257000.0,
        "Net Income From Continuing And Discontinued Operation": -1445000.0,
        "Total Expenses": 20335000.0,
        "Total Operating Income As Reported": -880000.0,
        "Diluted Average Shares": 13264000.0,
        "Basic Average Shares": 13264000.0,
        "Diluted EPS": -0.11,
        "Basic EPS": -0.11,
        "Diluted NI Availto Com Stockholders": -1445000.0,
        "Net Income Common Stockholders": -1445000.0,
        "Net Income": -1445000.0,
        "Minority Interests": 0.0,
        "Net Income Including Noncontrolling Interests": -1445000.0,
        "Net Income Discontinuous Operations": -188000.0,
        "Net Income Continuous Operations": -1257000.0,
        "Tax Provision": 347000.0,
        "Pretax Income": -910000.0,
        "Other Income Expense": -3000.0,
        "Other Non Operating Income Expenses": -3000.0,
        "Special Income Charges": 0.0,
        "Gain On Sale Of Ppe": 0.0,
        "Gain On Sale Of Business": NaN,
        "Net Non Operating Interest Income Expense": -27000.0,
        "Total Other Finance Cost": 15000.0,
        "Interest Expense Non Operating": 41000.0,
        "Interest Income Non Operating": 29000.0,
        "Operating Income": -880000.0,
        "Operating Expense": 3764000.0,
        "Research And Development": 80000.0,
        "Selling General And Administration": 3684000.0,
        "Gross Profit": 2884000.0,
        "Cost Of Revenue": 16571000.0,
        "Total Revenue": 19455000.0,
        "Operating Revenue": 19455000.0
    },
    "2022-03-31": {
        "Diluted EPS": -0.1,
        "Total Revenue": 16,
        "Gross Profit": 2,
        "Operating Income": -2,
        "EBIT": -1,
        "Net Income": -1
    },
    "2021-12-31": {
        "Diluted EPS": -0.19,
        "Total Revenue": 17,
        "Gross Profit": 1,
        "Operating Income": -2,
        "EBIT": -2,
        "Net Income": -2
    },
    "2021-09-30": {
        "Diluted EPS": 0.11,
        "Total Revenue": 16,
        "Gross Profit": 2,
        "Operating Income": -1,
        "EBIT": -1,
        "Net Income": 1
    },
    "2021-06-30": {
        "Diluted EPS": 0.24,
        "Total Revenue": 16,
        "Gross Profit": 1,
        "Operating Income": -2,
        "EBIT": -2,
        "Net Income": 3
    },
    "2021-03-31": {
        "Diluted EPS": -0.09,
        "Total Revenue": 23,
        "Gross Profit": 2,
        "Operating Income": -1,
        "EBIT": -1,
        "Net Income": -1
    },
    "2020-12-31": {
        "Diluted EPS": -0.01,
        "Total Revenue": 28,
        "Gross Profit": 3,
        "Operating Income": 0,
        "EBIT": 1,
        "Net Income": 0
    },
    "2020-09-30": {
        "Diluted EPS": 0.12,
        "Total Revenue": 30,
        "Gross Profit": 5,
        "Operating Income": 1,
        "EBIT": 2,
        "Net Income": 1
    },
    "2020-06-30": {
        "Diluted EPS": 0.02,
        "Total Revenue": 22,
        "Gross Profit": 3,
        "Operating Income": 0,
        "EBIT": 1,
        "Net Income": 0
    },
    "2020-03-31": {
        "Diluted EPS": 0.1,
        "Total Revenue": 25,
        "Gross Profit": 5,
        "Operating Income": 1,
        "EBIT": 2,
        "Net Income": 1
    },
    "2019-12-31": {
        "Diluted EPS": 0.08,
        "Total Revenue": 22,
        "Gross Profit": 5,
        "Operating Income": 1,
        "EBIT": 2,
        "Net Income": 1
    },
    "2019-09-30": {
        "Diluted EPS": 0.15,
        "Total Revenue": 23,
        "Gross Profit": 5,
        "Operating Income": 2,
        "EBIT": 2,
        "Net Income": 2
    },
    "2019-06-30": {
        "Diluted EPS": 0.02,
        "Total Revenue": 17,
        "Gross Profit": 3,
        "Operating Income": 0,
        "EBIT": 1,
        "Net Income": 0
    },
    "2019-03-31": {
        "Diluted EPS": -0.06,
        "Total Revenue": 12,
        "Gross Profit": 3,
        "Operating Income": -1,
        "EBIT": 0,
        "Net Income": -1
    },
    "2018-12-31": {
        "Diluted EPS": -0.2,
        "Total Revenue": 12,
        "Gross Profit": 1,
        "Operating Income": -2,
        "EBIT": -2,
        "Net Income": -2
    },
    "2018-09-30": {
        "Diluted EPS": 0.02,
        "Total Revenue": 12,
        "Gross Profit": 2,
        "Operating Income": -1,
        "EBIT": -1,
        "Net Income": 0
    },
    "2018-06-30": {
        "Diluted EPS": 0.05,
        "Total Revenue": 13,
        "Gross Profit": 2,
        "Operating Income": -1,
        "EBIT": 0,
        "Net Income": 1
    },
    "2018-03-31": {
        "Diluted EPS": 0.01,
        "Total Revenue": 13,
        "Gross Profit": 3,
        "Operating Income": 0,
        "EBIT": 1,
        "Net Income": 0
    },
    "2017-12-31": {
        "Diluted EPS": 0.02,
        "Total Revenue": 13,
        "Gross Profit": 2,
        "Operating Income": -1,
        "EBIT": 0,
        "Net Income": 0
    },
    "2017-09-30": {
        "Diluted EPS": -0.17,
        "Total Revenue": 12,
        "Gross Profit": 2,
        "Operating Income": -2,
        "EBIT": -1,
        "Net Income": -2
    },
    "2017-06-30": {
        "Diluted EPS": -0.1,
        "Total Revenue": 13,
        "Gross Profit": 2,
        "Operating Income": -1,
        "EBIT": 0,
        "Net Income": -1
    },
    "2017-03-31": {
        "Diluted EPS": -0.06,
        "Total Revenue": 13,
        "Gross Profit": 3,
        "Operating Income": -1,
        "EBIT": 1,
        "Net Income": -1
    },
    "2016-12-31": {
        "Diluted EPS": 0.02,
        "Total Revenue": 13,
        "Gross Profit": 3,
        "Operating Income": 0,
        "EBIT": 2,
        "Net Income": 0
    },
    "2016-09-30": {
        "Diluted EPS": -0.13,
        "Total Revenue": 13,
        "Gross Profit": 2,
        "Operating Income": -1,
        "EBIT": 0,
        "Net Income": -2
    },
    "2016-06-30": {
        "Diluted EPS": -0.71,
        "Total Revenue": 15,
        "Gross Profit": 2,
        "Operating Income": -11,
        "EBIT": -2,
        "Net Income": -8
    },
    "2016-03-31": {
        "Diluted EPS": -0.33,
        "Total Revenue": 10,
        "Gross Profit": 0,
        "Operating Income": -4,
        "EBIT": -3,
        "Net Income": -4
    },
    "2015-12-31": {
        "Diluted EPS": 0.01,
        "Total Revenue": 15,
        "Gross Profit": 4,
        "Operating Income": 1,
        "EBIT": 2,
        "Net Income": 0
    },
    "2015-09-30": {
        "Diluted EPS": 0.09,
        "Total Revenue": 17,
        "Gross Profit": 5,
        "Operating Income": 1,
        "EBIT": 3,
        "Net Income": 1
    },
    "2015-06-30": {
        "Diluted EPS": -0.01,
        "Total Revenue": 16,
        "Gross Profit": 4,
        "Operating Income": 1,
        "EBIT": 2,
        "Net Income": 0
    },
    "2015-03-31": {
        "Diluted EPS": -0.18,
        "Total Revenue": 14,
        "Gross Profit": 1,
        "Operating Income": -2,
        "EBIT": -1,
        "Net Income": -2
    },
    "2014-12-31": {
        "Diluted EPS": 0.08,
        "Total Revenue": 17,
        "Gross Profit": 5,
        "Operating Income": 1,
        "EBIT": 2,
        "Net Income": 1
    },
    "2014-09-30": {
        "Diluted EPS": 0.16,
        "Total Revenue": 17,
        "Gross Profit": 6,
        "Operating Income": 3,
        "EBIT": 4,
        "Net Income": 2
    },
    "2014-06-30": {
        "Diluted EPS": 0.0,
        "Total Revenue": 13,
        "Gross Profit": 2,
        "Operating Income": -2,
        "EBIT": -1,
        "Net Income": 0
    },
    "2014-03-31": {
        "Diluted EPS": -0.35,
        "Total Revenue": 11,
        "Gross Profit": 0,
        "Operating Income": -3,
        "EBIT": -2,
        "Net Income": -4
    },
    "2013-12-31": {
        "Diluted EPS": -2.77,
        "Total Revenue": 13,
        "Gross Profit": 2,
        "Operating Income": -29,
        "EBIT": -28,
        "Net Income": -31
    },
    "2013-09-30": {
        "Diluted EPS": -0.07,
        "Total Revenue": 19,
        "Gross Profit": 3,
        "Operating Income": -1,
        "EBIT": 0,
        "Net Income": -1
    },
    "2013-06-30": {
        "Diluted EPS": -0.08,
        "Total Revenue": 23,
        "Gross Profit": 4,
        "Operating Income": -1,
        "EBIT": 0,
        "Net Income": -1
    },
    "2013-03-31": {
        "Diluted EPS": -0.26,
        "Total Revenue": 20,
        "Gross Profit": 1,
        "Operating Income": -4,
        "EBIT": -3,
        "Net Income": -3
    },
    "2012-12-31": {
        "Diluted EPS": -0.05,
        "Total Revenue": 27,
        "Gross Profit": 3,
        "Operating Income": -2,
        "EBIT": -1,
        "Net Income": -1
    },
    "2012-09-30": {
        "Diluted EPS": -0.05,
        "Total Revenue": 29,
        "Gross Profit": 4,
        "Operating Income": 0,
        "EBIT": 0,
        "Net Income": -1
    },
    "2012-06-30": {
        "Diluted EPS": -0.1,
        "Total Revenue": 34,
        "Gross Profit": 4,
        "Operating Income": -1,
        "EBIT": -1,
        "Net Income": -1
    },
    "2012-03-31": {
        "Diluted EPS": -0.1,
        "Total Revenue": 38,
        "Gross Profit": 4,
        "Operating Income": -1,
        "EBIT": -1,
        "Net Income": -1
    },
    "2011-12-31": {
        "Diluted EPS": 0.5,
        "Total Revenue": 33,
        "Gross Profit": 7,
        "Operating Income": 1,
        "EBIT": 3,
        "Net Income": 6
    },
    "2011-09-30": {
        "Diluted EPS": 0.55,
        "Total Revenue": 33,
        "Gross Profit": 11,
        "Operating Income": 7,
        "EBIT": 8,
        "Net Income": 6
    },
    "2011-06-30": {
        "Diluted EPS": 0.25,
        "Total Revenue": 29,
        "Gross Profit": 8,
        "Operating Income": 4,
        "EBIT": 5,
        "Net Income": 3
    },
    "2011-03-31": {
        "Diluted EPS": -0.05,
        "Total Revenue": 24,
        "Gross Profit": 3,
        "Operating Income": -1,
        "EBIT": 1,
        "Net Income": 0
    },
    "2010-12-31": {
        "Diluted EPS": 0.15,
        "Total Revenue": 26,
        "Gross Profit": 12,
        "Operating Income": 10,
        "EBIT": 11,
        "Net Income": 2
    },
    "2010-09-30": {
        "Diluted EPS": -0.1,
        "Total Revenue": 25,
        "Gross Profit": 3,
        "Operating Income": -1,
        "EBIT": 0,
        "Net Income": -1
    },
    "2010-06-30": {
        "Diluted EPS": 0.15,
        "Total Revenue": 28,
        "Gross Profit": 7,
        "Operating Income": 3,
        "EBIT": 4,
        "Net Income": 1
    },
    "2010-03-31": {
        "Diluted EPS": 0.05,
        "Total Revenue": 26,
        "Gross Profit": 5,
        "Operating Income": 2,
        "EBIT": 3,
        "Net Income": 1
    },
    "2009-12-31": {
        "Diluted EPS": 0.5,
        "Total Revenue": 28,
        "Gross Profit": 14,
        "Operating Income": 13,
        "EBIT": 14,
        "Net Income": 6
    },
    "2009-09-30": {
        "Diluted EPS": 0.25,
        "Total Revenue": 27,
        "Gross Profit": 8,
        "Operating Income": 3,
        "EBIT": 4,
        "Net Income": 3
    },
    "2009-06-30": {
        "Diluted EPS": 0.05,
        "Total Revenue": 24,
        "Gross Profit": 6,
        "Operating Income": 2,
        "EBIT": 3,
        "Net Income": 1
    },
    "2009-03-31": {
        "Diluted EPS": 0.05,
        "Total Revenue": 22,
        "Gross Profit": 5,
        "Operating Income": 1,
        "EBIT": 2,
        "Net Income": 1
    },
    "2023-06-30": {
        "Tax Effect Of Unusual Items": 0.0,
        "Tax Rate For Calcs": 0.21,
        "Normalized EBITDA": 1714000.0,
        "Total Unusual Items": 0.0,
        "Total Unusual Items Excluding Goodwill": 0.0,
        "Net Income From Continuing Operation Net Minority Interest": 519000.0,
        "Reconciled Depreciation": 692000.0,
        "Reconciled Cost Of Revenue": 20516000.0,
        "EBITDA": 1714000.0,
        "EBIT": 1022000.0,
        "Net Interest Income": 101000.0,
        "Interest Expense": 71000.0,
        "Interest Income": 172000.0,
        "Normalized Income": 519000.0,
        "Net Income From Continuing And Discontinued Operation": 474000.0,
        "Total Expenses": 24188000.0,
        "Total Operating Income As Reported": 844000.0,
        "Diluted Average Shares": 13848000.0,
        "Basic Average Shares": 13474000.0,
        "Diluted EPS": 0.03,
        "Basic EPS": 0.04,
        "Diluted NI Availto Com Stockholders": 474000.0,
        "Net Income Common Stockholders": 474000.0,
        "Net Income": 474000.0,
        "Net Income Including Noncontrolling Interests": 474000.0,
        "Net Income Discontinuous Operations": -45000.0,
        "Net Income Continuous Operations": 519000.0,
        "Tax Provision": 432000.0,
        "Pretax Income": 951000.0,
        "Other Income Expense": 6000.0,
        "Other Non Operating Income Expenses": 6000.0,
        "Special Income Charges": 0.0,
        "Gain On Sale Of Ppe": 0.0,
        "Net Non Operating Interest Income Expense": 101000.0,
        "Interest Expense Non Operating": 71000.0,
        "Interest Income Non Operating": 172000.0,
        "Operating Income": 844000.0,
        "Operating Expense": 3672000.0,
        "Research And Development": 121000.0,
        "Selling General And Administration": 3551000.0,
        "Gross Profit": 4516000.0,
        "Cost Of Revenue": 20516000.0,
        "Total Revenue": 25032000.0,
        "Operating Revenue": 25032000.0
    },
    "2023-09-30": {
        "Tax Effect Of Unusual Items": 0.0,
        "Tax Rate For Calcs": 0.21,
        "Normalized EBITDA": 1310000.0,
        "Total Unusual Items": 0.0,
        "Total Unusual Items Excluding Goodwill": 0.0,
        "Net Income From Continuing Operation Net Minority Interest": 246000.0,
        "Reconciled Depreciation": 685000.0,
        "Reconciled Cost Of Revenue": 17328000.0,
        "EBITDA": 1310000.0,
        "EBIT": 625000.0,
        "Net Interest Income": 21000.0,
        "Interest Expense": 125000.0,
        "Interest Income": 146000.0,
        "Normalized Income": 246000.0,
        "Net Income From Continuing And Discontinued Operation": 341000.0,
        "Total Expenses": 21381000.0,
        "Total Operating Income As Reported": 496000.0,
        "Diluted Average Shares": 13979000.0,
        "Basic Average Shares": 13568000.0,
        "Diluted EPS": 0.02,
        "Basic EPS": 0.03,
        "Diluted NI Availto Com Stockholders": 341000.0,
        "Net Income Common Stockholders": 341000.0,
        "Net Income": 341000.0,
        "Net Income Including Noncontrolling Interests": 341000.0,
        "Net Income Discontinuous Operations": 95000.0,
        "Net Income Continuous Operations": 246000.0,
        "Tax Provision": 254000.0,
        "Pretax Income": 500000.0,
        "Other Income Expense": -17000.0,
        "Other Non Operating Income Expenses": -17000.0,
        "Special Income Charges": 0.0,
        "Gain On Sale Of Ppe": 0.0,
        "Net Non Operating Interest Income Expense": 21000.0,
        "Interest Expense Non Operating": 125000.0,
        "Interest Income Non Operating": 146000.0,
        "Operating Income": 496000.0,
        "Operating Expense": 4053000.0,
        "Research And Development": 120000.0,
        "Selling General And Administration": 3933000.0,
        "Gross Profit": 4549000.0,
        "Cost Of Revenue": 17328000.0,
        "Total Revenue": 21877000.0,
        "Operating Revenue": 21877000.0
    },
    "2023-12-31": {
        "Tax Effect Of Unusual Items": -16170.0,
        "Tax Rate For Calcs": 0.21,
        "Normalized EBITDA": 580000.0,
        "Total Unusual Items": -77000.0,
        "Total Unusual Items Excluding Goodwill": -77000.0,
        "Net Income From Continuing Operation Net Minority Interest": 470000.0,
        "Reconciled Depreciation": 444000.0,
        "Reconciled Cost Of Revenue": 18424000.0,
        "EBITDA": 503000.0,
        "EBIT": 59000.0,
        "Net Interest Income": 14000.0,
        "Interest Expense": 54000.0,
        "Interest Income": 161000.0,
        "Normalized Income": 530830.0,
        "Net Income From Continuing And Discontinued Operation": 81000.0,
        "Total Expenses": 22651000.0,
        "Total Operating Income As Reported": -9000.0,
        "Diluted Average Shares": NaN,
        "Basic Average Shares": NaN,
        "Diluted EPS": NaN,
        "Basic EPS": NaN,
        "Diluted NI Availto Com Stockholders": 81000.0,
        "Net Income Common Stockholders": 81000.0,
        "Net Income": 81000.0,
        "Net Income Including Noncontrolling Interests": 81000.0,
        "Net Income Discontinuous Operations": -389000.0,
        "Net Income Continuous Operations": 470000.0,
        "Tax Provision": -465000.0,
        "Pretax Income": 5000.0,
        "Other Income Expense": -77000.0,
        "Other Non Operating Income Expenses": 0.0,
        "Special Income Charges": -77000.0,
        "Gain On Sale Of Ppe": -77000.0,
        "Net Non Operating Interest Income Expense": 14000.0,
        "Interest Expense Non Operating": 54000.0,
        "Interest Income Non Operating": 161000.0,
        "Operating Income": 68000.0,
        "Operating Expense": 4227000.0,
        "Research And Development": 221000.0,
        "Selling General And Administration": 4006000.0,
        "Gross Profit": 4295000.0,
        "Cost Of Revenue": 18424000.0,
        "Total Revenue": 22719000.0,
        "Operating Revenue": 22719000.0
    },
    "2024-03-31": {
        "Tax Effect Of Unusual Items": 0.0,
        "Tax Rate For Calcs": 0.217,
        "Normalized EBITDA": -3854000.0,
        "Total Unusual Items": NaN,
        "Total Unusual Items Excluding Goodwill": NaN,
        "Net Income From Continuing Operation Net Minority Interest": -3458000.0,
        "Reconciled Depreciation": 431000.0,
        "Reconciled Cost Of Revenue": 14237000.0,
        "EBITDA": -3854000.0,
        "EBIT": -4285000.0,
        "Net Interest Income": 45000.0,
        "Interest Expense": 129000.0,
        "Interest Income": 174000.0,
        "Normalized Income": -3458000.0,
        "Net Income From Continuing And Discontinued Operation": -3560000.0,
        "Total Expenses": 18077000.0,
        "Total Operating Income As Reported": -4460000.0,
        "Diluted Average Shares": 13676000.0,
        "Basic Average Shares": 13676000.0,
        "Diluted EPS": -0.26,
        "Basic EPS": -0.26,
        "Diluted NI Availto Com Stockholders": -3560000.0,
        "Net Income Common Stockholders": -3560000.0,
        "Net Income": -3560000.0,
        "Net Income Including Noncontrolling Interests": -3560000.0,
        "Net Income Discontinuous Operations": -102000.0,
        "Net Income Continuous Operations": -3458000.0,
        "Tax Provision": -956000.0,
        "Pretax Income": -4414000.0,
        "Other Income Expense": 1000.0,
        "Other Non Operating Income Expenses": 1000.0,
        "Special Income Charges": NaN,
        "Gain On Sale Of Ppe": NaN,
        "Net Non Operating Interest Income Expense": 45000.0,
        "Interest Expense Non Operating": 129000.0,
        "Interest Income Non Operating": 174000.0,
        "Operating Income": -4460000.0,
        "Operating Expense": 3840000.0,
        "Research And Development": 296000.0,
        "Selling General And Administration": 3544000.0,
        "Gross Profit": -620000.0,
        "Cost Of Revenue": 14237000.0,
        "Total Revenue": 13617000.0,
        "Operating Revenue": 13617000.0
    }
}