{
    "2023-03-31": {
        "Tax Effect Of Unusual Items": 0.0,
        "Tax Rate For Calcs": 0.044,
        "Normalized EBITDA": 27424000.0,
        "Total Unusual Items": NaN,
        "Total Unusual Items Excluding Goodwill": NaN,
        "Net Income From Continuing Operation Net Minority Interest": 9699000.0,
        "Reconciled Depreciation": 8463000.0,
        "Reconciled Cost Of Revenue": 228210000.0,
        "EBITDA": 27424000.0,
        "EBIT": 18961000.0,
        "Net Interest Income": -8732000.0,
        "Interest Expense": 8732000.0,
        "Normalized Income": 9699000.0,
        "Net Income From Continuing And Discontinued Operation": 9699000.0,
        "Total Expenses": 271536000.0,
        "Total Operating Income As Reported": 18935000.0,
        "Diluted Average Shares": 35230000.0,
        "Basic Average Shares": 29125000.0,
        "Diluted EPS": 0.32,
        "Basic EPS": 0.33,
        "Diluted NI Availto Com Stockholders": 9699000.0,
        "Net Income Common Stockholders": 9699000.0,
        "Net Income": 9699000.0,
        "Minority Interests": -82000.0,
        "Net Income Including Noncontrolling Interests": 9781000.0,
        "Net Income Continuous Operations": 9781000.0,
        "Tax Provision": 448000.0,
        "Pretax Income": 10229000.0,
        "Other Income Expense": 26000.0,
        "Other Non Operating Income Expenses": 26000.0,
        "Special Income Charges": NaN,
        "Impairment Of Capital Assets": NaN,
        "Restructuring And Mergern Acquisition": NaN,
        "Net Non Operating Interest Income Expense": -8732000.0,
        "Interest Expense Non Operating": 8732000.0,
        "Operating Income": 18935000.0,
        "Operating Expense": 43326000.0,
        "Selling General And Administration": 43326000.0,
        "Gross Profit": 62261000.0,
        "Cost Of Revenue": 228210000.0,
        "Total Revenue": 290471000.0,
        "Operating Revenue": 290471000.0
    },
    "2022-12-31": {
        "Tax Effect Of Unusual Items": NaN,
        "Tax Rate For Calcs": NaN,
        "Normalized EBITDA": NaN,
        "Total Unusual Items": 0.0,
        "Total Unusual Items Excluding Goodwill": 0.0,
        "Net Income From Continuing Operation Net Minority Interest": NaN,
        "Reconciled Depreciation": NaN,
        "Reconciled Cost Of Revenue": NaN,
        "EBITDA": NaN,
        "EBIT": NaN,
        "Net Interest Income": NaN,
        "Interest Expense": NaN,
        "Normalized Income": NaN,
        "Net Income From Continuing And Discontinued Operation": NaN,
        "Total Expenses": NaN,
        "Total Operating Income As Reported": NaN,
        "Diluted Average Shares": 28967000.0,
        "Basic Average Shares": 28967000.0,
        "Diluted EPS": -0.24,
        "Basic EPS": -0.24,
        "Diluted NI Availto Com Stockholders": NaN,
        "Net Income Common Stockholders": NaN,
        "Net Income": NaN,
        "Minority Interests": NaN,
        "Net Income Including Noncontrolling Interests": NaN,
        "Net Income Continuous Operations": NaN,
        "Tax Provision": NaN,
        "Pretax Income": NaN,
        "Other Income Expense": NaN,
        "Other Non Operating Income Expenses": NaN,
        "Special Income Charges": 0.0,
        "Impairment Of Capital Assets": 0.0,
        "Restructuring And Mergern Acquisition": NaN,
        "Net Non Operating Interest Income Expense": NaN,
        "Interest Expense Non Operating": NaN,
        "Operating Income": NaN,
        "Operating Expense": NaN,
        "Selling General And Administration": NaN,
        "Gross Profit": NaN,
        "Cost Of Revenue": NaN,
        "Total Revenue": NaN,
        "Operating Revenue": NaN
    },
    "2022-09-30": {
        "Tax Effect Of Unusual Items": NaN,
        "Tax Rate For Calcs": NaN,
        "Normalized EBITDA": NaN,
        "Total Unusual Items": -47264000.0,
        "Total Unusual Items Excluding Goodwill": -47264000.0,
        "Net Income From Continuing Operation Net Minority Interest": NaN,
        "Reconciled Depreciation": NaN,
        "Reconciled Cost Of Revenue": NaN,
        "EBITDA": NaN,
        "EBIT": NaN,
        "Net Interest Income": NaN,
        "Interest Expense": NaN,
        "Normalized Income": NaN,
        "Net Income From Continuing And Discontinued Operation": NaN,
        "Total Expenses": NaN,
        "Total Operating Income As Reported": NaN,
        "Diluted Average Shares": NaN,
        "Basic Average Shares": NaN,
        "Diluted EPS": NaN,
        "Basic EPS": NaN,
        "Diluted NI Availto Com Stockholders": NaN,
        "Net Income Common Stockholders": NaN,
        "Net Income": NaN,
        "Minority Interests": NaN,
        "Net Income Including Noncontrolling Interests": NaN,
        "Net Income Continuous Operations": NaN,
        "Tax Provision": NaN,
        "Pretax Income": NaN,
        "Other Income Expense": NaN,
        "Other Non Operating Income Expenses": NaN,
        "Special Income Charges": -47264000.0,
        "Impairment Of Capital Assets": 47264000.0,
        "Restructuring And Mergern Acquisition": 0.0,
        "Net Non Operating Interest Income Expense": NaN,
        "Interest Expense Non Operating": NaN,
        "Operating Income": NaN,
        "Operating Expense": NaN,
        "Selling General And Administration": NaN,
        "Gross Profit": NaN,
        "Cost Of Revenue": NaN,
        "Total Revenue": NaN,
        "Operating Revenue": NaN
    },
    "2022-06-30": {
        "Tax Effect Of Unusual Items": 0.0,
        "Tax Rate For Calcs": 0.115,
        "Normalized EBITDA": 20274000.0,
        "Total Unusual Items": 0.0,
        "Total Unusual Items Excluding Goodwill": 0.0,
        "Net Income From Continuing Operation Net Minority Interest": 4632000.0,
        "Reconciled Depreciation": 8694000.0,
        "Reconciled Cost Of Revenue": 190040000.0,
        "EBITDA": 20274000.0,
        "EBIT": 11580000.0,
        "Net Interest Income": -6299000.0,
        "Interest Expense": 6299000.0,
        "Normalized Income": 4632000.0,
        "Net Income From Continuing And Discontinued Operation": 4632000.0,
        "Total Expenses": 240635000.0,
        "Total Operating Income As Reported": 11379000.0,
        "Diluted Average Shares": 29329000.0,
        "Basic Average Shares": 29283000.0,
        "Diluted EPS": 0.16,
        "Basic EPS": 0.16,
        "Diluted NI Availto Com Stockholders": 4632000.0,
        "Net Income Common Stockholders": 4632000.0,
        "Net Income": 4632000.0,
        "Minority Interests": -46000.0,
        "Net Income Including Noncontrolling Interests": 4678000.0,
        "Net Income Continuous Operations": 4678000.0,
        "Tax Provision": 603000.0,
        "Pretax Income": 5281000.0,
        "Other Income Expense": 201000.0,
        "Other Non Operating Income Expenses": 201000.0,
        "Special Income Charges": 0.0,
        "Impairment Of Capital Assets": NaN,
        "Net Non Operating Interest Income Expense": -6299000.0,
        "Interest Expense Non Operating": 6299000.0,
        "Operating Income": 11379000.0,
        "Operating Expense": 50595000.0,
        "Selling General And Administration": 50595000.0,
        "Gross Profit": 61974000.0,
        "Cost Of Revenue": 190040000.0,
        "Total Revenue": 252014000.0,
        "Operating Revenue": 252014000.0
    },
    "2022-03-31": {
        "Diluted EPS": 0.11,
        "Total Revenue": 276,
        "Gross Profit": 58,
        "Operating Income": 9,
        "EBIT": 18,
        "Net Income": 3
    },
    "2021-12-31": {
        "Diluted EPS": -0.52,
        "Total Revenue": 197,
        "Gross Profit": 37,
        "Operating Income": -5,
        "EBIT": 6,
        "Net Income": -14
    },
    "2021-09-30": {
        "Diluted EPS": -0.27,
        "Total Revenue": 211,
        "Gross Profit": 42,
        "Operating Income": -3,
        "EBIT": 5,
        "Net Income": -8
    },
    "2021-06-30": {
        "Diluted EPS": 0.14,
        "Total Revenue": 271,
        "Gross Profit": 60,
        "Operating Income": 16,
        "EBIT": 25,
        "Net Income": 4
    },
    "2021-03-31": {
        "Diluted EPS": 0.08,
        "Total Revenue": 254,
        "Gross Profit": 48,
        "Operating Income": 7,
        "EBIT": 19,
        "Net Income": 2
    },
    "2020-12-31": {
        "Diluted EPS": -0.39,
        "Total Revenue": 164,
        "Gross Profit": 29,
        "Operating Income": -4,
        "EBIT": 5,
        "Net Income": -9
    },
    "2020-09-30": {
        "Diluted EPS": -2.82,
        "Total Revenue": 162,
        "Gross Profit": 32,
        "Operating Income": -3,
        "EBIT": 4,
        "Net Income": -70
    },
    "2020-06-30": {
        "Diluted EPS": -0.06,
        "Total Revenue": 267,
        "Gross Profit": 42,
        "Operating Income": 4,
        "EBIT": 9,
        "Net Income": -1
    },
    "2020-03-31": {
        "Diluted EPS": -0.09,
        "Total Revenue": 187,
        "Gross Profit": 32,
        "Operating Income": 0,
        "EBIT": 6,
        "Net Income": -2
    },
    "2019-12-31": {
        "Diluted EPS": -0.49,
        "Total Revenue": 154,
        "Gross Profit": 20,
        "Operating Income": -13,
        "EBIT": -7,
        "Net Income": -11
    },
    "2019-09-30": {
        "Diluted EPS": -0.26,
        "Total Revenue": 186,
        "Gross Profit": 27,
        "Operating Income": -4,
        "EBIT": 1,
        "Net Income": -6
    },
    "2019-06-30": {
        "Diluted EPS": 0.17,
        "Total Revenue": 221,
        "Gross Profit": 35,
        "Operating Income": 9,
        "EBIT": 12,
        "Net Income": 4
    },
    "2019-03-31": {
        "Diluted EPS": 0.07,
        "Total Revenue": 148,
        "Gross Profit": 25,
        "Operating Income": 5,
        "EBIT": 8,
        "Net Income": 2
    },
    "2018-12-31": {
        "Diluted EPS": -0.2,
        "Total Revenue": 111,
        "Gross Profit": 17,
        "Operating Income": -5,
        "EBIT": -1,
        "Net Income": -3
    },
    "2018-09-30": {
        "Diluted EPS": 0.13,
        "Total Revenue": 131,
        "Gross Profit": 24,
        "Operating Income": 7,
        "EBIT": 10,
        "Net Income": 2
    },
    "2018-06-30": {
        "Diluted EPS": 0.16,
        "Total Revenue": 171,
        "Gross Profit": 26,
        "Operating Income": 9,
        "EBIT": 12,
        "Net Income": 2
    },
    "2018-03-31": {
        "Diluted EPS": -0.14,
        "Total Revenue": 115,
        "Gross Profit": 16,
        "Operating Income": -3,
        "EBIT": -1,
        "Net Income": -2
    },
    "2017-12-31": {
        "Diluted EPS": -0.24,
        "Total Revenue": 52,
        "Gross Profit": 11,
        "Operating Income": 0,
        "EBIT": 1,
        "Net Income": -3
    },
    "2017-09-30": {
        "Diluted EPS": -0.02,
        "Total Revenue": 61,
        "Gross Profit": 13,
        "Operating Income": 2,
        "EBIT": 3,
        "Net Income": 0
    },
    "2017-06-30": {
        "Diluted EPS": 0.0,
        "Total Revenue": 87,
        "Gross Profit": 16,
        "Operating Income": 7,
        "EBIT": 8,
        "Net Income": NaN
    },
    "2017-03-31": {
        "Diluted EPS": 0.0,
        "Total Revenue": 67,
        "Gross Profit": 12,
        "Operating Income": 5,
        "EBIT": 6,
        "Net Income": NaN
    },
    "2016-12-31": {
        "Diluted EPS": 0.0,
        "Total Revenue": NaN,
        "Gross Profit": NaN,
        "Operating Income": NaN,
        "EBIT": NaN,
        "Net Income": NaN
    },
    "2016-09-30": {
        "Diluted EPS": 0.0,
        "Total Revenue": 42,
        "Gross Profit": 6,
        "Operating Income": -2,
        "EBIT": -1,
        "Net Income": NaN
    },
    "2016-06-30": {
        "Diluted EPS": 0.0,
        "Total Revenue": 61,
        "Gross Profit": 9,
        "Operating Income": 1,
        "EBIT": 1,
        "Net Income": 1
    },
    "2015-12-31": {
        "Diluted EPS": 0.0,
        "Total Revenue": NaN,
        "Gross Profit": NaN,
        "Operating Income": NaN,
        "EBIT": NaN,
        "Net Income": NaN
    },
    "2023-06-30": {
        "Tax Effect Of Unusual Items": 0.0,
        "Tax Rate For Calcs": 0.02,
        "Normalized EBITDA": 29875000.0,
        "Total Unusual Items": NaN,
        "Total Unusual Items Excluding Goodwill": NaN,
        "Net Income From Continuing Operation Net Minority Interest": 9468000.0,
        "Reconciled Depreciation": 11306000.0,
        "Reconciled Cost Of Revenue": 240668000.0,
        "EBITDA": 29875000.0,
        "EBIT": 18569000.0,
        "Net Interest Income": -8824000.0,
        "Interest Expense": 8824000.0,
        "Normalized Income": 9468000.0,
        "Net Income From Continuing And Discontinued Operation": 9468000.0,
        "Total Expenses": 295827000.0,
        "Total Operating Income As Reported": 18720000.0,
        "Diluted Average Shares": 29373000.0,
        "Basic Average Shares": 29136000.0,
        "Diluted EPS": 0.32,
        "Basic EPS": 0.32,
        "Diluted NI Availto Com Stockholders": 9468000.0,
        "Net Income Common Stockholders": 9468000.0,
        "Net Income": 9468000.0,
        "Minority Interests": -85000.0,
        "Net Income Including Noncontrolling Interests": 9553000.0,
        "Net Income Continuous Operations": 9553000.0,
        "Tax Provision": 192000.0,
        "Pretax Income": 9745000.0,
        "Other Income Expense": -151000.0,
        "Other Non Operating Income Expenses": -151000.0,
        "Special Income Charges": NaN,
        "Impairment Of Capital Assets": NaN,
        "Restructuring And Mergern Acquisition": NaN,
        "Net Non Operating Interest Income Expense": -8824000.0,
        "Interest Expense Non Operating": 8824000.0,
        "Operating Income": 18720000.0,
        "Operating Expense": 55159000.0,
        "Selling General And Administration": 55159000.0,
        "Gross Profit": 73879000.0,
        "Cost Of Revenue": 240668000.0,
        "Total Revenue": 314547000.0,
        "Operating Revenue": 314547000.0
    },
    "2023-09-30": {
        "Tax Effect Of Unusual Items": -3154005.0,
        "Tax Rate For Calcs": 0.383,
        "Normalized EBITDA": 33602000.0,
        "Total Unusual Items": -8235000.0,
        "Total Unusual Items Excluding Goodwill": -8235000.0,
        "Net Income From Continuing Operation Net Minority Interest": 451000.0,
        "Reconciled Depreciation": 16047000.0,
        "Reconciled Cost Of Revenue": 204408000.0,
        "EBITDA": 25367000.0,
        "EBIT": 9320000.0,
        "Net Interest Income": -8581000.0,
        "Interest Expense": 8581000.0,
        "Normalized Income": 5531995.0,
        "Net Income From Continuing And Discontinued Operation": 451000.0,
        "Total Expenses": 259429000.0,
        "Total Operating Income As Reported": 9355000.0,
        "Diluted Average Shares": 29715000.0,
        "Basic Average Shares": 29181000.0,
        "Diluted EPS": 0.02,
        "Basic EPS": 0.02,
        "Diluted NI Availto Com Stockholders": 451000.0,
        "Net Income Common Stockholders": 451000.0,
        "Net Income": 451000.0,
        "Minority Interests": -5000.0,
        "Net Income Including Noncontrolling Interests": 456000.0,
        "Net Income Continuous Operations": 456000.0,
        "Tax Provision": 283000.0,
        "Pretax Income": 739000.0,
        "Other Income Expense": -8270000.0,
        "Other Non Operating Income Expenses": -35000.0,
        "Special Income Charges": -8235000.0,
        "Impairment Of Capital Assets": 0.0,
        "Restructuring And Mergern Acquisition": 8235000.0,
        "Net Non Operating Interest Income Expense": -8581000.0,
        "Interest Expense Non Operating": 8581000.0,
        "Operating Income": 17590000.0,
        "Operating Expense": 55021000.0,
        "Selling General And Administration": 55021000.0,
        "Gross Profit": 72611000.0,
        "Cost Of Revenue": 204408000.0,
        "Total Revenue": 277019000.0,
        "Operating Revenue": 277019000.0
    },
    "2023-12-31": {
        "Tax Effect Of Unusual Items": -668818.662452,
        "Tax Rate For Calcs": 0.059737,
        "Normalized EBITDA": 9941000.0,
        "Total Unusual Items": -11196000.0,
        "Total Unusual Items Excluding Goodwill": -11196000.0,
        "Net Income From Continuing Operation Net Minority Interest": -17487000.0,
        "Reconciled Depreciation": 8682000.0,
        "Reconciled Cost Of Revenue": 175936000.0,
        "EBITDA": -1255000.0,
        "EBIT": -9937000.0,
        "Net Interest Income": -8410000.0,
        "Interest Expense": 8410000.0,
        "Normalized Income": -6959818.662452,
        "Net Income From Continuing And Discontinued Operation": -17487000.0,
        "Total Expenses": 218665000.0,
        "Total Operating Income As Reported": -9935000.0,
        "Diluted Average Shares": NaN,
        "Basic Average Shares": NaN,
        "Diluted EPS": NaN,
        "Basic EPS": NaN,
        "Diluted NI Availto Com Stockholders": -17487000.0,
        "Net Income Common Stockholders": -17487000.0,
        "Net Income": -17487000.0,
        "Minority Interests": -236000.0,
        "Net Income Including Noncontrolling Interests": -17251000.0,
        "Net Income Continuous Operations": -17251000.0,
        "Tax Provision": -1096000.0,
        "Pretax Income": -18347000.0,
        "Other Income Expense": -11198000.0,
        "Other Non Operating Income Expenses": -2000.0,
        "Special Income Charges": -11196000.0,
        "Impairment Of Capital Assets": 7680000.0,
        "Restructuring And Mergern Acquisition": 3516000.0,
        "Net Non Operating Interest Income Expense": -8410000.0,
        "Interest Expense Non Operating": 8410000.0,
        "Operating Income": 1261000.0,
        "Operating Expense": 42729000.0,
        "Selling General And Administration": 42729000.0,
        "Gross Profit": 43990000.0,
        "Cost Of Revenue": 175936000.0,
        "Total Revenue": 219926000.0,
        "Operating Revenue": 219926000.0
    },
    "2024-03-31": {
        "Tax Effect Of Unusual Items": 0.0,
        "Tax Rate For Calcs": 0.021,
        "Normalized EBITDA": 32824000.0,
        "Total Unusual Items": NaN,
        "Total Unusual Items Excluding Goodwill": NaN,
        "Net Income From Continuing Operation Net Minority Interest": 14907000.0,
        "Reconciled Depreciation": 8364000.0,
        "Reconciled Cost Of Revenue": 233900000.0,
        "EBITDA": 32824000.0,
        "EBIT": 24460000.0,
        "Net Interest Income": -9106000.0,
        "Interest Expense": 9106000.0,
        "Normalized Income": 14907000.0,
        "Net Income From Continuing And Discontinued Operation": 14907000.0,
        "Total Expenses": 284109000.0,
        "Total Operating Income As Reported": 24334000.0,
        "Diluted Average Shares": 34781000.0,
        "Basic Average Shares": 29283000.0,
        "Diluted EPS": 0.48,
        "Basic EPS": 0.51,
        "Diluted NI Availto Com Stockholders": 14907000.0,
        "Net Income Common Stockholders": 14907000.0,
        "Net Income": 14907000.0,
        "Minority Interests": -120000.0,
        "Net Income Including Noncontrolling Interests": 15027000.0,
        "Net Income Continuous Operations": 15027000.0,
        "Tax Provision": 327000.0,
        "Pretax Income": 15354000.0,
        "Other Income Expense": 126000.0,
        "Other Non Operating Income Expenses": 126000.0,
        "Special Income Charges": NaN,
        "Impairment Of Capital Assets": NaN,
        "Restructuring And Mergern Acquisition": NaN,
        "Net Non Operating Interest Income Expense": -9106000.0,
        "Interest Expense Non Operating": 9106000.0,
        "Operating Income": 24334000.0,
        "Operating Expense": 50209000.0,
        "Selling General And Administration": 50209000.0,
        "Gross Profit": 74543000.0,
        "Cost Of Revenue": 233900000.0,
        "Total Revenue": 308443000.0,
        "Operating Revenue": 308443000.0
    }
}