{
    "2023-03-31": {
        "Tax Effect Of Unusual Items": NaN,
        "Tax Rate For Calcs": NaN,
        "Net Income From Continuing Operation Net Minority Interest": NaN,
        "Reconciled Depreciation": NaN,
        "Net Interest Income": NaN,
        "Interest Expense": NaN,
        "Interest Income": NaN,
        "Normalized Income": NaN,
        "Net Income From Continuing And Discontinued Operation": NaN,
        "Diluted Average Shares": NaN,
        "Basic Average Shares": NaN,
        "Diluted EPS": NaN,
        "Basic EPS": NaN,
        "Diluted NI Availto Com Stockholders": NaN,
        "Average Dilution Earnings": 0.0,
        "Net Income Common Stockholders": NaN,
        "Net Income": NaN,
        "Net Income Including Noncontrolling Interests": NaN,
        "Net Income Continuous Operations": NaN,
        "Tax Provision": NaN,
        "Pretax Income": NaN,
        "Gain On Sale Of Security": NaN,
        "Selling General And Administration": NaN,
        "Selling And Marketing Expense": NaN,
        "General And Administrative Expense": NaN,
        "Other Gand A": 509000.0,
        "Salaries And Wages": NaN,
        "Total Revenue": NaN,
        "Operating Revenue": NaN,
        "Occupancy And Equipment": NaN,
        "Professional Expense And Contract Services Expense": NaN,
        "Other Non Interest Expense": NaN
    },
    "2022-12-31": {
        "Tax Effect Of Unusual Items": NaN,
        "Tax Rate For Calcs": NaN,
        "Net Income From Continuing Operation Net Minority Interest": NaN,
        "Reconciled Depreciation": NaN,
        "Net Interest Income": NaN,
        "Interest Expense": NaN,
        "Interest Income": NaN,
        "Normalized Income": NaN,
        "Net Income From Continuing And Discontinued Operation": NaN,
        "Diluted Average Shares": NaN,
        "Basic Average Shares": NaN,
        "Diluted EPS": NaN,
        "Basic EPS": NaN,
        "Diluted NI Availto Com Stockholders": NaN,
        "Average Dilution Earnings": NaN,
        "Net Income Common Stockholders": NaN,
        "Otherunder Preferred Stock Dividend": 0.0,
        "Net Income": NaN,
        "Net Income Including Noncontrolling Interests": NaN,
        "Net Income Continuous Operations": NaN,
        "Tax Provision": NaN,
        "Pretax Income": NaN,
        "Gain On Sale Of Security": NaN,
        "Selling General And Administration": NaN,
        "Selling And Marketing Expense": NaN,
        "General And Administrative Expense": NaN,
        "Other Gand A": NaN,
        "Salaries And Wages": NaN,
        "Total Revenue": NaN,
        "Operating Revenue": NaN,
        "Occupancy And Equipment": NaN,
        "Professional Expense And Contract Services Expense": NaN,
        "Other Non Interest Expense": NaN
    },
    "2022-09-30": {
        "Tax Effect Of Unusual Items": NaN,
        "Tax Rate For Calcs": NaN,
        "Net Income From Continuing Operation Net Minority Interest": NaN,
        "Reconciled Depreciation": NaN,
        "Net Interest Income": NaN,
        "Interest Expense": NaN,
        "Interest Income": NaN,
        "Normalized Income": NaN,
        "Net Income From Continuing And Discontinued Operation": NaN,
        "Diluted Average Shares": 14644452.0,
        "Basic Average Shares": 14408235.0,
        "Diluted EPS": 2.4,
        "Basic EPS": 2.44,
        "Diluted NI Availto Com Stockholders": NaN,
        "Average Dilution Earnings": 0.0,
        "Net Income Common Stockholders": NaN,
        "Otherunder Preferred Stock Dividend": NaN,
        "Net Income": NaN,
        "Net Income Including Noncontrolling Interests": NaN,
        "Net Income Continuous Operations": NaN,
        "Tax Provision": NaN,
        "Pretax Income": NaN,
        "Gain On Sale Of Security": NaN,
        "Selling General And Administration": NaN,
        "Selling And Marketing Expense": NaN,
        "General And Administrative Expense": NaN,
        "Other Gand A": 670000.0,
        "Salaries And Wages": NaN,
        "Total Revenue": NaN,
        "Operating Revenue": NaN
    },
    "2022-06-30": {
        "Tax Effect Of Unusual Items": 0.0,
        "Tax Rate For Calcs": 0.28,
        "Net Income From Continuing Operation Net Minority Interest": 28069000.0,
        "Reconciled Depreciation": 482000.0,
        "Net Interest Income": 56424000.0,
        "Interest Expense": 6135000.0,
        "Interest Income": 62559000.0,
        "Normalized Income": 28069000.0,
        "Net Income From Continuing And Discontinued Operation": 28069000.0,
        "Diluted Average Shares": 15006801.0,
        "Basic Average Shares": 14792298.0,
        "Diluted EPS": 1.87,
        "Basic EPS": 1.9,
        "Diluted NI Availto Com Stockholders": 28069000.0,
        "Average Dilution Earnings": 0.0,
        "Net Income Common Stockholders": 28069000.0,
        "Otherunder Preferred Stock Dividend": NaN,
        "Net Income": 28069000.0,
        "Net Income Including Noncontrolling Interests": 28069000.0,
        "Net Income Continuous Operations": 28069000.0,
        "Tax Provision": 10916000.0,
        "Pretax Income": 38985000.0,
        "Gain On Sale Of Security": NaN,
        "Selling General And Administration": 12323000.0,
        "Selling And Marketing Expense": NaN,
        "General And Administrative Expense": 12323000.0,
        "Other Gand A": 635000.0,
        "Salaries And Wages": 11688000.0,
        "Total Revenue": 59025000.0,
        "Operating Revenue": 59025000.0
    },
    "2023-06-30": {
        "Tax Effect Of Unusual Items": NaN,
        "Tax Rate For Calcs": NaN,
        "Net Income From Continuing Operation Net Minority Interest": NaN,
        "Reconciled Depreciation": NaN,
        "Net Interest Income": NaN,
        "Interest Expense": NaN,
        "Interest Income": NaN,
        "Normalized Income": NaN,
        "Net Income From Continuing And Discontinued Operation": NaN,
        "Diluted Average Shares": 14560693.0,
        "Basic Average Shares": 14419959.0,
        "Diluted EPS": 2.61,
        "Basic EPS": 2.63,
        "Diluted NI Availto Com Stockholders": NaN,
        "Average Dilution Earnings": 0.0,
        "Net Income Common Stockholders": NaN,
        "Net Income": NaN,
        "Net Income Including Noncontrolling Interests": NaN,
        "Net Income Continuous Operations": NaN,
        "Tax Provision": NaN,
        "Pretax Income": NaN,
        "Gain On Sale Of Security": NaN,
        "Selling General And Administration": NaN,
        "Selling And Marketing Expense": NaN,
        "General And Administrative Expense": NaN,
        "Salaries And Wages": NaN,
        "Total Revenue": NaN,
        "Operating Revenue": NaN,
        "Occupancy And Equipment": NaN,
        "Professional Expense And Contract Services Expense": NaN,
        "Other Non Interest Expense": NaN
    },
    "2022-03-31": {
        "Diluted EPS": 1.74,
        "Total Revenue": 57,
        "Gross Profit": 52,
        "Operating Income": 36,
        "EBIT": NaN,
        "Net Income": 26
    },
    "2021-12-31": {
        "Diluted EPS": 1.79,
        "Total Revenue": 57,
        "Gross Profit": 51,
        "Operating Income": 37,
        "EBIT": NaN,
        "Net Income": 26
    },
    "2021-09-30": {
        "Diluted EPS": 1.76,
        "Total Revenue": 56,
        "Gross Profit": 51,
        "Operating Income": 37,
        "EBIT": NaN,
        "Net Income": 26
    },
    "2021-06-30": {
        "Diluted EPS": 1.44,
        "Total Revenue": 52,
        "Gross Profit": 45,
        "Operating Income": 30,
        "EBIT": NaN,
        "Net Income": 21
    },
    "2021-03-31": {
        "Diluted EPS": 1.42,
        "Total Revenue": 54,
        "Gross Profit": 47,
        "Operating Income": 30,
        "EBIT": NaN,
        "Net Income": 21
    },
    "2020-12-31": {
        "Diluted EPS": 1.39,
        "Total Revenue": 55,
        "Gross Profit": 47,
        "Operating Income": 29,
        "EBIT": NaN,
        "Net Income": 21
    },
    "2020-09-30": {
        "Diluted EPS": 1.15,
        "Total Revenue": 54,
        "Gross Profit": 46,
        "Operating Income": 23,
        "EBIT": NaN,
        "Net Income": 17
    },
    "2020-06-30": {
        "Diluted EPS": 1.03,
        "Total Revenue": 54,
        "Gross Profit": 44,
        "Operating Income": 22,
        "EBIT": NaN,
        "Net Income": 15
    },
    "2020-03-31": {
        "Diluted EPS": 1.08,
        "Total Revenue": 57,
        "Gross Profit": 43,
        "Operating Income": 23,
        "EBIT": NaN,
        "Net Income": 16
    },
    "2019-12-31": {
        "Diluted EPS": 1.3,
        "Total Revenue": 57,
        "Gross Profit": 42,
        "Operating Income": 28,
        "EBIT": NaN,
        "Net Income": 19
    },
    "2019-09-30": {
        "Diluted EPS": 1.32,
        "Total Revenue": 60,
        "Gross Profit": 43,
        "Operating Income": 28,
        "EBIT": NaN,
        "Net Income": 20
    },
    "2019-06-30": {
        "Diluted EPS": 1.31,
        "Total Revenue": 60,
        "Gross Profit": 44,
        "Operating Income": 28,
        "EBIT": NaN,
        "Net Income": 20
    },
    "2019-03-31": {
        "Diluted EPS": 1.23,
        "Total Revenue": 57,
        "Gross Profit": 43,
        "Operating Income": 27,
        "EBIT": NaN,
        "Net Income": 19
    },
    "2018-12-31": {
        "Diluted EPS": 1.21,
        "Total Revenue": 59,
        "Gross Profit": 46,
        "Operating Income": 27,
        "EBIT": NaN,
        "Net Income": 18
    },
    "2018-09-30": {
        "Diluted EPS": 1.2,
        "Total Revenue": 52,
        "Gross Profit": 41,
        "Operating Income": 25,
        "EBIT": NaN,
        "Net Income": 18
    },
    "2018-06-30": {
        "Diluted EPS": 1.14,
        "Total Revenue": 49,
        "Gross Profit": 39,
        "Operating Income": 24,
        "EBIT": NaN,
        "Net Income": 17
    },
    "2018-03-31": {
        "Diluted EPS": 1.09,
        "Total Revenue": 45,
        "Gross Profit": 38,
        "Operating Income": 22,
        "EBIT": NaN,
        "Net Income": 16
    },
    "2017-12-31": {
        "Diluted EPS": 0.51,
        "Total Revenue": 43,
        "Gross Profit": 36,
        "Operating Income": 23,
        "EBIT": NaN,
        "Net Income": 8
    },
    "2017-09-30": {
        "Diluted EPS": 0.94,
        "Total Revenue": 44,
        "Gross Profit": 37,
        "Operating Income": 23,
        "EBIT": NaN,
        "Net Income": 14
    },
    "2017-06-30": {
        "Diluted EPS": 0.8,
        "Total Revenue": 39,
        "Gross Profit": 33,
        "Operating Income": 19,
        "EBIT": NaN,
        "Net Income": 12
    },
    "2017-03-31": {
        "Diluted EPS": 0.71,
        "Total Revenue": 37,
        "Gross Profit": 31,
        "Operating Income": 16,
        "EBIT": NaN,
        "Net Income": 10
    },
    "2016-12-31": {
        "Diluted EPS": 0.7,
        "Total Revenue": 35,
        "Gross Profit": 29,
        "Operating Income": 16,
        "EBIT": NaN,
        "Net Income": 10
    },
    "2016-09-30": {
        "Diluted EPS": 0.69,
        "Total Revenue": 33,
        "Gross Profit": 28,
        "Operating Income": 16,
        "EBIT": NaN,
        "Net Income": 10
    },
    "2016-06-30": {
        "Diluted EPS": 0.61,
        "Total Revenue": 31,
        "Gross Profit": 27,
        "Operating Income": 14,
        "EBIT": NaN,
        "Net Income": 8
    },
    "2016-03-31": {
        "Diluted EPS": 0.56,
        "Total Revenue": 28,
        "Gross Profit": 25,
        "Operating Income": 13,
        "EBIT": NaN,
        "Net Income": 8
    },
    "2015-12-31": {
        "Diluted EPS": 0.54,
        "Total Revenue": 26,
        "Gross Profit": 23,
        "Operating Income": 13,
        "EBIT": NaN,
        "Net Income": 7
    },
    "2015-09-30": {
        "Diluted EPS": 0.57,
        "Total Revenue": 25,
        "Gross Profit": 23,
        "Operating Income": 13,
        "EBIT": NaN,
        "Net Income": 8
    },
    "2015-06-30": {
        "Diluted EPS": 0.55,
        "Total Revenue": 24,
        "Gross Profit": 22,
        "Operating Income": 13,
        "EBIT": NaN,
        "Net Income": 7
    },
    "2015-03-31": {
        "Diluted EPS": 0.48,
        "Total Revenue": 23,
        "Gross Profit": 20,
        "Operating Income": 11,
        "EBIT": NaN,
        "Net Income": 7
    },
    "2014-12-31": {
        "Diluted EPS": 0.49,
        "Total Revenue": 23,
        "Gross Profit": 20,
        "Operating Income": 12,
        "EBIT": NaN,
        "Net Income": 7
    },
    "2014-09-30": {
        "Diluted EPS": 0.46,
        "Total Revenue": 21,
        "Gross Profit": 19,
        "Operating Income": 11,
        "EBIT": NaN,
        "Net Income": 6
    },
    "2014-06-30": {
        "Diluted EPS": 0.45,
        "Total Revenue": 20,
        "Gross Profit": 18,
        "Operating Income": 10,
        "EBIT": NaN,
        "Net Income": 6
    },
    "2014-03-31": {
        "Diluted EPS": 0.38,
        "Total Revenue": 20,
        "Gross Profit": 18,
        "Operating Income": 8,
        "EBIT": NaN,
        "Net Income": 5
    },
    "2013-12-31": {
        "Diluted EPS": 0.44,
        "Total Revenue": 19,
        "Gross Profit": 17,
        "Operating Income": 9,
        "EBIT": NaN,
        "Net Income": 6
    },
    "2013-09-30": {
        "Diluted EPS": 0.37,
        "Total Revenue": 19,
        "Gross Profit": 17,
        "Operating Income": 8,
        "EBIT": NaN,
        "Net Income": 5
    },
    "2013-06-30": {
        "Diluted EPS": 0.32,
        "Total Revenue": 17,
        "Gross Profit": 15,
        "Operating Income": 8,
        "EBIT": NaN,
        "Net Income": 4
    },
    "2013-03-31": {
        "Diluted EPS": 0.3,
        "Total Revenue": 17,
        "Gross Profit": 16,
        "Operating Income": 7,
        "EBIT": NaN,
        "Net Income": 4
    },
    "2012-12-31": {
        "Diluted EPS": 0.4,
        "Total Revenue": 17,
        "Gross Profit": 15,
        "Operating Income": 4,
        "EBIT": NaN,
        "Net Income": 5
    },
    "2012-09-30": {
        "Diluted EPS": 0.21,
        "Total Revenue": 16,
        "Gross Profit": 14,
        "Operating Income": 4,
        "EBIT": NaN,
        "Net Income": 3
    },
    "2012-06-30": {
        "Diluted EPS": -0.43,
        "Total Revenue": 17,
        "Gross Profit": 15,
        "Operating Income": -8,
        "EBIT": NaN,
        "Net Income": -6
    },
    "2012-03-31": {
        "Diluted EPS": 1.69,
        "Total Revenue": 16,
        "Gross Profit": 14,
        "Operating Income": 3,
        "EBIT": NaN,
        "Net Income": 22
    },
    "2011-12-31": {
        "Diluted EPS": 0.29,
        "Total Revenue": 15,
        "Gross Profit": 12,
        "Operating Income": 2,
        "EBIT": NaN,
        "Net Income": 4
    },
    "2011-09-30": {
        "Diluted EPS": 0.5,
        "Total Revenue": 14,
        "Gross Profit": 12,
        "Operating Income": 2,
        "EBIT": NaN,
        "Net Income": 7
    },
    "2011-06-30": {
        "Diluted EPS": 0.13,
        "Total Revenue": 14,
        "Gross Profit": 11,
        "Operating Income": 2,
        "EBIT": NaN,
        "Net Income": 2
    },
    "2011-03-31": {
        "Diluted EPS": 0.05,
        "Total Revenue": 14,
        "Gross Profit": 11,
        "Operating Income": 1,
        "EBIT": NaN,
        "Net Income": 1
    },
    "2010-12-31": {
        "Diluted EPS": -0.8,
        "Total Revenue": 13,
        "Gross Profit": 9,
        "Operating Income": -12,
        "EBIT": NaN,
        "Net Income": -10
    },
    "2010-09-30": {
        "Diluted EPS": -3.9,
        "Total Revenue": 14,
        "Gross Profit": 11,
        "Operating Income": -5,
        "EBIT": NaN,
        "Net Income": -5
    },
    "2010-06-30": {
        "Diluted EPS": -1.0,
        "Total Revenue": 14,
        "Gross Profit": 10,
        "Operating Income": -3,
        "EBIT": NaN,
        "Net Income": -3
    },
    "2010-03-31": {
        "Diluted EPS": 1.0,
        "Total Revenue": 15,
        "Gross Profit": 10,
        "Operating Income": 3,
        "EBIT": NaN,
        "Net Income": 3
    },
    "2009-12-31": {
        "Diluted EPS": -9.0,
        "Total Revenue": 17,
        "Gross Profit": 12,
        "Operating Income": -39,
        "EBIT": NaN,
        "Net Income": -28
    },
    "2009-09-30": {
        "Diluted EPS": -6.55,
        "Total Revenue": 17,
        "Gross Profit": 12,
        "Operating Income": -25,
        "EBIT": NaN,
        "Net Income": -14
    },
    "2009-06-30": {
        "Diluted EPS": -2.95,
        "Total Revenue": 17,
        "Gross Profit": 11,
        "Operating Income": -12,
        "EBIT": NaN,
        "Net Income": -6
    },
    "2009-03-31": {
        "Diluted EPS": -0.65,
        "Total Revenue": 13,
        "Gross Profit": 6,
        "Operating Income": -2,
        "EBIT": NaN,
        "Net Income": -1
    },
    "2023-09-30": {
        "Tax Effect Of Unusual Items": 0.0,
        "Tax Rate For Calcs": 0.285,
        "Net Income From Continuing Operation Net Minority Interest": 38192000.0,
        "Reconciled Depreciation": 460000.0,
        "Net Interest Income": 72954000.0,
        "Interest Expense": 52575000.0,
        "Interest Income": 125529000.0,
        "Normalized Income": 38192000.0,
        "Net Income From Continuing And Discontinued Operation": 38192000.0,
        "Diluted Average Shares": 14105915.0,
        "Basic Average Shares": 13925994.0,
        "Diluted EPS": 2.71,
        "Basic EPS": 2.74,
        "Diluted NI Availto Com Stockholders": 38192000.0,
        "Average Dilution Earnings": 0.0,
        "Net Income Common Stockholders": 38192000.0,
        "Net Income": 38192000.0,
        "Net Income Including Noncontrolling Interests": 38192000.0,
        "Net Income Continuous Operations": 38192000.0,
        "Tax Provision": 15225000.0,
        "Pretax Income": 53417000.0,
        "Gain On Sale Of Security": 0.0,
        "Selling General And Administration": 13201000.0,
        "Selling And Marketing Expense": 193000.0,
        "General And Administrative Expense": 13008000.0,
        "Salaries And Wages": 13008000.0,
        "Total Revenue": 75926000.0,
        "Operating Revenue": 75926000.0,
        "Occupancy And Equipment": 1958000.0,
        "Professional Expense And Contract Services Expense": 1423000.0,
        "Other Non Interest Expense": 2427000.0
    },
    "2024-03-31": {
        "Tax Effect Of Unusual Items": 0.0,
        "Tax Rate For Calcs": 0.29,
        "Net Income From Continuing Operation Net Minority Interest": 33466000.0,
        "Reconciled Depreciation": 573000.0,
        "Net Interest Income": 68500000.0,
        "Interest Expense": 58020000.0,
        "Interest Income": 126520000.0,
        "Normalized Income": 33466000.0,
        "Net Income From Continuing And Discontinued Operation": 33466000.0,
        "Diluted Average Shares": 13736986.0,
        "Basic Average Shares": 13508878.0,
        "Diluted EPS": 2.44,
        "Basic EPS": 2.48,
        "Diluted NI Availto Com Stockholders": 33466000.0,
        "Average Dilution Earnings": NaN,
        "Net Income Common Stockholders": 33466000.0,
        "Net Income": 33466000.0,
        "Net Income Including Noncontrolling Interests": 33466000.0,
        "Net Income Continuous Operations": 33466000.0,
        "Tax Provision": 13671000.0,
        "Pretax Income": 47137000.0,
        "Gain On Sale Of Security": 0.0,
        "Selling General And Administration": 14166000.0,
        "Selling And Marketing Expense": 266000.0,
        "General And Administrative Expense": 13900000.0,
        "Salaries And Wages": 13900000.0,
        "Total Revenue": 71565000.0,
        "Operating Revenue": 71565000.0,
        "Occupancy And Equipment": 2184000.0,
        "Professional Expense And Contract Services Expense": 1457000.0,
        "Other Non Interest Expense": 2221000.0
    },
    "2023-12-31": {
        "Tax Effect Of Unusual Items": 0.0,
        "Tax Rate For Calcs": 0.285065,
        "Net Income From Continuing Operation Net Minority Interest": 35839000.0,
        "Reconciled Depreciation": 444000.0,
        "Net Interest Income": 69396000.0,
        "Interest Expense": 55568000.0,
        "Interest Income": 124964000.0,
        "Normalized Income": 35839000.0,
        "Net Income From Continuing And Discontinued Operation": 35839000.0,
        "Diluted Average Shares": NaN,
        "Basic Average Shares": NaN,
        "Diluted EPS": NaN,
        "Basic EPS": NaN,
        "Diluted NI Availto Com Stockholders": 35839000.0,
        "Average Dilution Earnings": NaN,
        "Net Income Common Stockholders": 35839000.0,
        "Net Income": 35839000.0,
        "Net Income Including Noncontrolling Interests": 35839000.0,
        "Net Income Continuous Operations": 35839000.0,
        "Tax Provision": 14290000.0,
        "Pretax Income": 50129000.0,
        "Gain On Sale Of Security": -929000.0,
        "Selling General And Administration": 12297000.0,
        "Selling And Marketing Expense": 239000.0,
        "General And Administrative Expense": 12058000.0,
        "Salaries And Wages": 12058000.0,
        "Total Revenue": 68158000.0,
        "Operating Revenue": 68158000.0,
        "Occupancy And Equipment": 1927000.0,
        "Professional Expense And Contract Services Expense": 1355000.0,
        "Other Non Interest Expense": -1050000.0
    },
    "2024-06-30": {
        "Tax Effect Of Unusual Items": 0.0,
        "Tax Rate For Calcs": 0.29,
        "Net Income From Continuing Operation Net Minority Interest": 33592000.0,
        "Reconciled Depreciation": 551000.0,
        "Net Interest Income": 66107000.0,
        "Interest Expense": 61187000.0,
        "Interest Income": 127294000.0,
        "Normalized Income": 33592000.0,
        "Net Income From Continuing And Discontinued Operation": 33592000.0,
        "Diluted Average Shares": 13548400.0,
        "Basic Average Shares": 13362522.0,
        "Diluted EPS": 2.48,
        "Basic EPS": 2.51,
        "Diluted NI Availto Com Stockholders": 33592000.0,
        "Average Dilution Earnings": 0.0,
        "Net Income Common Stockholders": 33592000.0,
        "Net Income": 33592000.0,
        "Net Income Including Noncontrolling Interests": 33592000.0,
        "Net Income Continuous Operations": 33592000.0,
        "Tax Provision": 13722000.0,
        "Pretax Income": 47314000.0,
        "Gain On Sale Of Security": 0.0,
        "Selling General And Administration": 13347000.0,
        "Selling And Marketing Expense": 403000.0,
        "General And Administrative Expense": 12944000.0,
        "Salaries And Wages": 12944000.0,
        "Total Revenue": 69511000.0,
        "Operating Revenue": 69511000.0,
        "Occupancy And Equipment": 2193000.0,
        "Professional Expense And Contract Services Expense": 1832000.0,
        "Other Non Interest Expense": 2325000.0
    },
    "2024-09-30": {
        "Tax Effect Of Unusual Items": 0.0,
        "Tax Rate For Calcs": 0.29,
        "Net Income From Continuing Operation Net Minority Interest": 33383000.0,
        "Reconciled Depreciation": 522000.0,
        "Net Interest Income": 68848000.0,
        "Interest Expense": 60576000.0,
        "Interest Income": 129424000.0,
        "Normalized Income": 33383000.0,
        "Net Income From Continuing And Discontinued Operation": 33383000.0,
        "Diluted Average Shares": 13544273.0,
        "Basic Average Shares": 13327848.0,
        "Diluted EPS": 2.46,
        "Basic EPS": 2.5,
        "Diluted NI Availto Com Stockholders": 33383000.0,
        "Average Dilution Earnings": 0.0,
        "Net Income Common Stockholders": 33383000.0,
        "Net Income": 33383000.0,
        "Net Income Including Noncontrolling Interests": 33383000.0,
        "Net Income Continuous Operations": 33383000.0,
        "Tax Provision": 13635000.0,
        "Pretax Income": 47018000.0,
        "Gain On Sale Of Security": 0.0,
        "Selling General And Administration": 13766000.0,
        "Selling And Marketing Expense": 241000.0,
        "General And Administrative Expense": 13525000.0,
        "Salaries And Wages": 13525000.0,
        "Total Revenue": 72307000.0,
        "Operating Revenue": 72307000.0,
        "Occupancy And Equipment": 2318000.0,
        "Professional Expense And Contract Services Expense": 1816000.0,
        "Other Non Interest Expense": 4189000.0
    }
}