{
    "2023-06-30": {
        "Tax Effect Of Unusual Items": 8506139.379748,
        "Tax Rate For Calcs": 0.234355,
        "Total Unusual Items": 36296000.0,
        "Total Unusual Items Excluding Goodwill": 36296000.0,
        "Net Income From Continuing Operation Net Minority Interest": 45451000.0,
        "Reconciled Depreciation": 3679000.0,
        "Net Interest Income": 53087000.0,
        "Interest Expense": 36167000.0,
        "Interest Income": 89254000.0,
        "Normalized Income": 17661139.379748,
        "Net Income From Continuing And Discontinued Operation": 45451000.0,
        "Diluted Average Shares": 35800000.0,
        "Basic Average Shares": 35750000.0,
        "Diluted EPS": 1.35,
        "Basic EPS": 1.35,
        "Diluted NI Availto Com Stockholders": 45432000.0,
        "Net Income Common Stockholders": 45432000.0,
        "Otherunder Preferred Stock Dividend": 19000.0,
        "Net Income": 45451000.0,
        "Net Income Including Noncontrolling Interests": 45451000.0,
        "Net Income Continuous Operations": 45451000.0,
        "Tax Provision": 13912000.0,
        "Pretax Income": 59363000.0,
        "Gain On Sale Of Security": 64000.0,
        "Depreciation Amortization Depletion Income Statement": 1223000.0,
        "Depreciation And Amortization In Income Statement": 1223000.0,
        "Amortization": 1223000.0,
        "Amortization Of Intangibles Income Statement": 1223000.0,
        "Selling General And Administration": 25961000.0,
        "General And Administrative Expense": 25961000.0,
        "Other Gand A": NaN,
        "Insurance And Claims": 1786000.0,
        "Salaries And Wages": 24175000.0,
        "Total Revenue": 104398000.0,
        "Operating Revenue": 104398000.0,
        "Occupancy And Equipment": 3320000.0,
        "Other Non Interest Expense": 13991000.0
    },
    "2023-03-31": {
        "Tax Effect Of Unusual Items": 0.0,
        "Tax Rate For Calcs": 0.182145,
        "Total Unusual Items": NaN,
        "Total Unusual Items Excluding Goodwill": NaN,
        "Net Income From Continuing Operation Net Minority Interest": 18423000.0,
        "Reconciled Depreciation": 3943000.0,
        "Net Interest Income": 55893000.0,
        "Interest Expense": 27869000.0,
        "Interest Income": 83762000.0,
        "Normalized Income": 18423000.0,
        "Net Income From Continuing And Discontinued Operation": 18423000.0,
        "Diluted Average Shares": 35719000.0,
        "Basic Average Shares": 35606000.0,
        "Diluted EPS": 0.51,
        "Basic EPS": 0.51,
        "Diluted NI Availto Com Stockholders": 18381000.0,
        "Net Income Common Stockholders": 18381000.0,
        "Otherunder Preferred Stock Dividend": 42000.0,
        "Net Income": 18423000.0,
        "Net Income Including Noncontrolling Interests": 18423000.0,
        "Net Income Continuous Operations": 18423000.0,
        "Tax Provision": 4103000.0,
        "Pretax Income": 22526000.0,
        "Gain On Sale Of Security": -1411000.0,
        "Depreciation Amortization Depletion Income Statement": 1270000.0,
        "Depreciation And Amortization In Income Statement": 1270000.0,
        "Amortization": 1270000.0,
        "Amortization Of Intangibles Income Statement": 1270000.0,
        "Selling General And Administration": 26946000.0,
        "General And Administrative Expense": 26946000.0,
        "Other Gand A": NaN,
        "Insurance And Claims": 1288000.0,
        "Salaries And Wages": 25658000.0,
        "Total Revenue": 69023000.0,
        "Operating Revenue": 69023000.0,
        "Occupancy And Equipment": 3574000.0,
        "Other Non Interest Expense": 11001000.0
    },
    "2022-12-31": {
        "Tax Effect Of Unusual Items": NaN,
        "Tax Rate For Calcs": NaN,
        "Total Unusual Items": NaN,
        "Total Unusual Items Excluding Goodwill": NaN,
        "Net Income From Continuing Operation Net Minority Interest": NaN,
        "Reconciled Depreciation": NaN,
        "Net Interest Income": NaN,
        "Interest Expense": NaN,
        "Interest Income": NaN,
        "Normalized Income": NaN,
        "Net Income From Continuing And Discontinued Operation": NaN,
        "Diluted Average Shares": NaN,
        "Basic Average Shares": NaN,
        "Diluted EPS": NaN,
        "Basic EPS": NaN,
        "Diluted NI Availto Com Stockholders": NaN,
        "Net Income Common Stockholders": NaN,
        "Otherunder Preferred Stock Dividend": NaN,
        "Net Income": NaN,
        "Net Income Including Noncontrolling Interests": NaN,
        "Net Income Continuous Operations": NaN,
        "Tax Provision": NaN,
        "Pretax Income": NaN,
        "Gain On Sale Of Security": NaN,
        "Depreciation Amortization Depletion Income Statement": NaN,
        "Depreciation And Amortization In Income Statement": NaN,
        "Amortization": NaN,
        "Amortization Of Intangibles Income Statement": NaN,
        "Selling General And Administration": NaN,
        "General And Administrative Expense": NaN,
        "Other Gand A": 3881000.0,
        "Insurance And Claims": NaN,
        "Salaries And Wages": NaN,
        "Total Revenue": NaN,
        "Operating Revenue": NaN,
        "Occupancy And Equipment": NaN,
        "Other Non Interest Expense": NaN
    },
    "2022-09-30": {
        "Tax Effect Of Unusual Items": NaN,
        "Tax Rate For Calcs": NaN,
        "Total Unusual Items": 0.0,
        "Total Unusual Items Excluding Goodwill": 0.0,
        "Net Income From Continuing Operation Net Minority Interest": NaN,
        "Reconciled Depreciation": NaN,
        "Net Interest Income": NaN,
        "Interest Expense": NaN,
        "Interest Income": NaN,
        "Normalized Income": NaN,
        "Net Income From Continuing And Discontinued Operation": NaN,
        "Diluted Average Shares": NaN,
        "Basic Average Shares": NaN,
        "Diluted EPS": NaN,
        "Basic EPS": NaN,
        "Diluted NI Availto Com Stockholders": NaN,
        "Net Income Common Stockholders": NaN,
        "Otherunder Preferred Stock Dividend": NaN,
        "Net Income": NaN,
        "Net Income Including Noncontrolling Interests": NaN,
        "Net Income Continuous Operations": NaN,
        "Tax Provision": NaN,
        "Pretax Income": NaN,
        "Gain On Sale Of Security": NaN,
        "Depreciation Amortization Depletion Income Statement": NaN,
        "Depreciation And Amortization In Income Statement": NaN,
        "Amortization": NaN,
        "Amortization Of Intangibles Income Statement": NaN,
        "Selling General And Administration": NaN,
        "General And Administrative Expense": NaN,
        "Other Gand A": 3121000.0,
        "Insurance And Claims": NaN,
        "Salaries And Wages": NaN,
        "Total Revenue": NaN,
        "Operating Revenue": NaN
    },
    "2022-06-30": {
        "Tax Effect Of Unusual Items": 0.0,
        "Tax Rate For Calcs": 0.1959,
        "Total Unusual Items": NaN,
        "Total Unusual Items Excluding Goodwill": NaN,
        "Net Income From Continuing Operation Net Minority Interest": 22360000.0,
        "Reconciled Depreciation": 1380000.0,
        "Net Interest Income": 58922000.0,
        "Interest Expense": 3962000.0,
        "Interest Income": 62884000.0,
        "Normalized Income": 22360000.0,
        "Net Income From Continuing And Discontinued Operation": 22360000.0,
        "Diluted Average Shares": 35682000.0,
        "Basic Average Shares": 35581000.0,
        "Diluted EPS": 0.63,
        "Basic EPS": 0.63,
        "Diluted NI Availto Com Stockholders": 22360000.0,
        "Net Income Common Stockholders": 22360000.0,
        "Otherunder Preferred Stock Dividend": 17000.0,
        "Net Income": 22360000.0,
        "Net Income Including Noncontrolling Interests": 22360000.0,
        "Net Income Continuous Operations": 22360000.0,
        "Tax Provision": 5446000.0,
        "Pretax Income": 27806000.0,
        "Gain On Sale Of Security": -1161000.0,
        "Depreciation Amortization Depletion Income Statement": 1380000.0,
        "Depreciation And Amortization In Income Statement": 1380000.0,
        "Amortization": 1380000.0,
        "Amortization Of Intangibles Income Statement": 1380000.0,
        "Selling General And Administration": 26578000.0,
        "General And Administrative Expense": 26578000.0,
        "Other Gand A": 3442000.0,
        "Insurance And Claims": 802000.0,
        "Salaries And Wages": 22334000.0,
        "Total Revenue": 73461000.0,
        "Operating Revenue": 73461000.0
    },
    "2022-03-31": {
        "Diluted EPS": 0.73,
        "Total Revenue": 78,
        "Gross Profit": 75,
        "Operating Income": 33,
        "EBIT": NaN,
        "Net Income": 26
    },
    "2021-12-31": {
        "Diluted EPS": 0.69,
        "Total Revenue": 78,
        "Gross Profit": 75,
        "Operating Income": 31,
        "EBIT": NaN,
        "Net Income": 25
    },
    "2021-09-30": {
        "Diluted EPS": 0.76,
        "Total Revenue": 79,
        "Gross Profit": 75,
        "Operating Income": 34,
        "EBIT": NaN,
        "Net Income": 28
    },
    "2021-06-30": {
        "Diluted EPS": 0.84,
        "Total Revenue": 78,
        "Gross Profit": 74,
        "Operating Income": 40,
        "EBIT": NaN,
        "Net Income": 31
    },
    "2021-03-31": {
        "Diluted EPS": 1.1,
        "Total Revenue": 88,
        "Gross Profit": 83,
        "Operating Income": 51,
        "EBIT": NaN,
        "Net Income": 41
    },
    "2020-12-31": {
        "Diluted EPS": 0.99,
        "Total Revenue": 79,
        "Gross Profit": 73,
        "Operating Income": 41,
        "EBIT": NaN,
        "Net Income": 31
    },
    "2020-09-30": {
        "Diluted EPS": 0.69,
        "Total Revenue": 85,
        "Gross Profit": 78,
        "Operating Income": 36,
        "EBIT": NaN,
        "Net Income": 26
    },
    "2020-06-30": {
        "Diluted EPS": 0.78,
        "Total Revenue": 85,
        "Gross Profit": 77,
        "Operating Income": 38,
        "EBIT": NaN,
        "Net Income": 29
    },
    "2020-03-31": {
        "Diluted EPS": -0.71,
        "Total Revenue": 69,
        "Gross Profit": 59,
        "Operating Income": -17,
        "EBIT": NaN,
        "Net Income": -22
    },
    "2019-12-31": {
        "Diluted EPS": 0.64,
        "Total Revenue": 48,
        "Gross Profit": 41,
        "Operating Income": 16,
        "EBIT": NaN,
        "Net Income": 12
    },
    "2019-09-30": {
        "Diluted EPS": 0.66,
        "Total Revenue": 48,
        "Gross Profit": 41,
        "Operating Income": 17,
        "EBIT": NaN,
        "Net Income": 13
    },
    "2019-06-30": {
        "Diluted EPS": 0.61,
        "Total Revenue": 46,
        "Gross Profit": 39,
        "Operating Income": 15,
        "EBIT": NaN,
        "Net Income": 12
    },
    "2019-03-31": {
        "Diluted EPS": 0.57,
        "Total Revenue": 45,
        "Gross Profit": 39,
        "Operating Income": 14,
        "EBIT": NaN,
        "Net Income": 11
    },
    "2018-12-31": {
        "Diluted EPS": 0.6,
        "Total Revenue": 42,
        "Gross Profit": 37,
        "Operating Income": 15,
        "EBIT": NaN,
        "Net Income": 12
    },
    "2018-09-30": {
        "Diluted EPS": 0.55,
        "Total Revenue": 42,
        "Gross Profit": 37,
        "Operating Income": 14,
        "EBIT": NaN,
        "Net Income": 11
    },
    "2018-06-30": {
        "Diluted EPS": 0.54,
        "Total Revenue": 41,
        "Gross Profit": 37,
        "Operating Income": 14,
        "EBIT": NaN,
        "Net Income": 11
    },
    "2018-03-31": {
        "Diluted EPS": 0.57,
        "Total Revenue": 40,
        "Gross Profit": 36,
        "Operating Income": 14,
        "EBIT": NaN,
        "Net Income": 12
    },
    "2017-12-31": {
        "Diluted EPS": 0.47,
        "Total Revenue": 38,
        "Gross Profit": 35,
        "Operating Income": 13,
        "EBIT": NaN,
        "Net Income": 9
    },
    "2017-09-30": {
        "Diluted EPS": 0.46,
        "Total Revenue": 38,
        "Gross Profit": 35,
        "Operating Income": 14,
        "EBIT": NaN,
        "Net Income": 9
    },
    "2017-06-30": {
        "Diluted EPS": 0.41,
        "Total Revenue": 38,
        "Gross Profit": 35,
        "Operating Income": 12,
        "EBIT": NaN,
        "Net Income": 8
    },
    "2017-03-31": {
        "Diluted EPS": 0.27,
        "Total Revenue": 35,
        "Gross Profit": 32,
        "Operating Income": 9,
        "EBIT": NaN,
        "Net Income": 5
    },
    "2016-12-31": {
        "Diluted EPS": 0.42,
        "Total Revenue": 31,
        "Gross Profit": 29,
        "Operating Income": 10,
        "EBIT": NaN,
        "Net Income": 7
    },
    "2016-09-30": {
        "Diluted EPS": 0.39,
        "Total Revenue": 31,
        "Gross Profit": 28,
        "Operating Income": 10,
        "EBIT": NaN,
        "Net Income": 7
    },
    "2016-06-30": {
        "Diluted EPS": 0.4,
        "Total Revenue": 30,
        "Gross Profit": 28,
        "Operating Income": 11,
        "EBIT": NaN,
        "Net Income": 7
    },
    "2016-03-31": {
        "Diluted EPS": 0.4,
        "Total Revenue": 30,
        "Gross Profit": 28,
        "Operating Income": 10,
        "EBIT": NaN,
        "Net Income": 7
    },
    "2015-12-31": {
        "Diluted EPS": 0.36,
        "Total Revenue": 29,
        "Gross Profit": 27,
        "Operating Income": 9,
        "EBIT": NaN,
        "Net Income": 7
    },
    "2015-09-30": {
        "Diluted EPS": 0.36,
        "Total Revenue": 28,
        "Gross Profit": 27,
        "Operating Income": 10,
        "EBIT": NaN,
        "Net Income": 7
    },
    "2015-06-30": {
        "Diluted EPS": 0.35,
        "Total Revenue": 28,
        "Gross Profit": 26,
        "Operating Income": 9,
        "EBIT": NaN,
        "Net Income": 7
    },
    "2015-03-31": {
        "Diluted EPS": 0.35,
        "Total Revenue": 28,
        "Gross Profit": 26,
        "Operating Income": 9,
        "EBIT": NaN,
        "Net Income": 7
    },
    "2014-12-31": {
        "Diluted EPS": 0.33,
        "Total Revenue": 27,
        "Gross Profit": 25,
        "Operating Income": 7,
        "EBIT": NaN,
        "Net Income": 6
    },
    "2014-09-30": {
        "Diluted EPS": 0.36,
        "Total Revenue": 29,
        "Gross Profit": 27,
        "Operating Income": 10,
        "EBIT": NaN,
        "Net Income": 7
    },
    "2014-06-30": {
        "Diluted EPS": 0.29,
        "Total Revenue": 26,
        "Gross Profit": 25,
        "Operating Income": 8,
        "EBIT": NaN,
        "Net Income": 6
    },
    "2014-03-31": {
        "Diluted EPS": 0.26,
        "Total Revenue": 26,
        "Gross Profit": 24,
        "Operating Income": 7,
        "EBIT": NaN,
        "Net Income": 5
    },
    "2013-12-31": {
        "Diluted EPS": 0.25,
        "Total Revenue": 25,
        "Gross Profit": 24,
        "Operating Income": 6,
        "EBIT": NaN,
        "Net Income": 5
    },
    "2013-09-30": {
        "Diluted EPS": 0.27,
        "Total Revenue": 26,
        "Gross Profit": 25,
        "Operating Income": 8,
        "EBIT": NaN,
        "Net Income": 5
    },
    "2013-06-30": {
        "Diluted EPS": 0.3,
        "Total Revenue": 27,
        "Gross Profit": 25,
        "Operating Income": 9,
        "EBIT": NaN,
        "Net Income": 6
    },
    "2013-03-31": {
        "Diluted EPS": 0.28,
        "Total Revenue": 27,
        "Gross Profit": 26,
        "Operating Income": 8,
        "EBIT": NaN,
        "Net Income": 6
    },
    "2012-12-31": {
        "Diluted EPS": 0.26,
        "Total Revenue": 30,
        "Gross Profit": 28,
        "Operating Income": 6,
        "EBIT": NaN,
        "Net Income": 5
    },
    "2012-09-30": {
        "Diluted EPS": 0.27,
        "Total Revenue": 28,
        "Gross Profit": 25,
        "Operating Income": 8,
        "EBIT": NaN,
        "Net Income": 5
    },
    "2012-06-30": {
        "Diluted EPS": 0.19,
        "Total Revenue": 29,
        "Gross Profit": 25,
        "Operating Income": 6,
        "EBIT": NaN,
        "Net Income": 4
    },
    "2012-03-31": {
        "Diluted EPS": 0.19,
        "Total Revenue": 29,
        "Gross Profit": 26,
        "Operating Income": 6,
        "EBIT": NaN,
        "Net Income": 4
    },
    "2011-12-31": {
        "Diluted EPS": 0.19,
        "Total Revenue": 29,
        "Gross Profit": 25,
        "Operating Income": 5,
        "EBIT": NaN,
        "Net Income": 4
    },
    "2011-09-30": {
        "Diluted EPS": 0.18,
        "Total Revenue": 29,
        "Gross Profit": 25,
        "Operating Income": 6,
        "EBIT": NaN,
        "Net Income": 4
    },
    "2011-06-30": {
        "Diluted EPS": 0.22,
        "Total Revenue": 29,
        "Gross Profit": 24,
        "Operating Income": 7,
        "EBIT": NaN,
        "Net Income": 4
    },
    "2011-03-31": {
        "Diluted EPS": 0.13,
        "Total Revenue": 28,
        "Gross Profit": 23,
        "Operating Income": 4,
        "EBIT": NaN,
        "Net Income": 2
    },
    "2010-12-31": {
        "Diluted EPS": 0.11,
        "Total Revenue": 31,
        "Gross Profit": 25,
        "Operating Income": 2,
        "EBIT": NaN,
        "Net Income": 2
    },
    "2010-09-30": {
        "Diluted EPS": 0.11,
        "Total Revenue": 32,
        "Gross Profit": 25,
        "Operating Income": 3,
        "EBIT": NaN,
        "Net Income": 2
    },
    "2010-06-30": {
        "Diluted EPS": 0.1,
        "Total Revenue": 30,
        "Gross Profit": 23,
        "Operating Income": 3,
        "EBIT": NaN,
        "Net Income": 2
    },
    "2010-03-31": {
        "Diluted EPS": 0.06,
        "Total Revenue": 31,
        "Gross Profit": 24,
        "Operating Income": 2,
        "EBIT": NaN,
        "Net Income": 1
    },
    "2009-12-31": {
        "Diluted EPS": 0.0,
        "Total Revenue": 31,
        "Gross Profit": 23,
        "Operating Income": -1,
        "EBIT": NaN,
        "Net Income": 0
    },
    "2009-09-30": {
        "Diluted EPS": -0.01,
        "Total Revenue": 31,
        "Gross Profit": 23,
        "Operating Income": 0,
        "EBIT": NaN,
        "Net Income": 0
    },
    "2009-06-30": {
        "Diluted EPS": 0.15,
        "Total Revenue": 33,
        "Gross Profit": 25,
        "Operating Income": 4,
        "EBIT": NaN,
        "Net Income": 2
    },
    "2009-03-31": {
        "Diluted EPS": 0.18,
        "Total Revenue": 32,
        "Gross Profit": 23,
        "Operating Income": 5,
        "EBIT": NaN,
        "Net Income": 3
    },
    "2023-09-30": {
        "Tax Effect Of Unusual Items": 0.0,
        "Tax Rate For Calcs": 0.205867,
        "Total Unusual Items": 0.0,
        "Total Unusual Items Excluding Goodwill": 0.0,
        "Net Income From Continuing Operation Net Minority Interest": 21413000.0,
        "Reconciled Depreciation": 3561000.0,
        "Net Interest Income": 53574000.0,
        "Interest Expense": 40633000.0,
        "Interest Income": 94207000.0,
        "Normalized Income": 21413000.0,
        "Net Income From Continuing And Discontinued Operation": 21413000.0,
        "Diluted Average Shares": 35793000.0,
        "Basic Average Shares": 35713000.0,
        "Diluted EPS": 0.69,
        "Basic EPS": 0.69,
        "Diluted NI Availto Com Stockholders": 21373000.0,
        "Net Income Common Stockholders": 21373000.0,
        "Otherunder Preferred Stock Dividend": 40000.0,
        "Net Income": 21413000.0,
        "Net Income Including Noncontrolling Interests": 21413000.0,
        "Net Income Continuous Operations": 21413000.0,
        "Tax Provision": 5551000.0,
        "Pretax Income": 26964000.0,
        "Gain On Sale Of Security": 256000.0,
        "Depreciation Amortization Depletion Income Statement": 1078000.0,
        "Depreciation And Amortization In Income Statement": 1078000.0,
        "Amortization": 1078000.0,
        "Amortization Of Intangibles Income Statement": 1078000.0,
        "Selling General And Administration": 23159000.0,
        "General And Administrative Expense": 23159000.0,
        "Other Gand A": NaN,
        "Insurance And Claims": 1346000.0,
        "Salaries And Wages": 21813000.0,
        "Total Revenue": 64243000.0,
        "Operating Revenue": 64243000.0,
        "Occupancy And Equipment": 3145000.0,
        "Other Non Interest Expense": 10670000.0
    },
    "2023-12-31": {
        "Tax Effect Of Unusual Items": 0.0,
        "Tax Rate For Calcs": 0.193292,
        "Total Unusual Items": 0.0,
        "Total Unusual Items Excluding Goodwill": 0.0,
        "Net Income From Continuing Operation Net Minority Interest": 19265000.0,
        "Reconciled Depreciation": 3868000.0,
        "Net Interest Income": 51929000.0,
        "Interest Expense": 43748000.0,
        "Interest Income": 95677000.0,
        "Normalized Income": 19265000.0,
        "Net Income From Continuing And Discontinued Operation": 19265000.0,
        "Diluted Average Shares": 35772000.0,
        "Basic Average Shares": 35655000.0,
        "Diluted EPS": 0.56,
        "Basic EPS": 0.56,
        "Diluted NI Availto Com Stockholders": 19220000.0,
        "Net Income Common Stockholders": 19220000.0,
        "Otherunder Preferred Stock Dividend": 45000.0,
        "Net Income": 19265000.0,
        "Net Income Including Noncontrolling Interests": 19265000.0,
        "Net Income Continuous Operations": 19265000.0,
        "Tax Provision": 4616000.0,
        "Pretax Income": 23881000.0,
        "Gain On Sale Of Security": 675000.0,
        "Depreciation Amortization Depletion Income Statement": 1033000.0,
        "Depreciation And Amortization In Income Statement": 1033000.0,
        "Amortization": 1033000.0,
        "Amortization Of Intangibles Income Statement": 1033000.0,
        "Selling General And Administration": 24060000.0,
        "General And Administrative Expense": 22346000.0,
        "Other Gand A": NaN,
        "Insurance And Claims": 1383000.0,
        "Salaries And Wages": 20963000.0,
        "Total Revenue": 62898000.0,
        "Operating Revenue": 62898000.0,
        "Occupancy And Equipment": 3319000.0,
        "Other Non Interest Expense": 2101000.0
    },
    "2024-03-31": {
        "Tax Effect Of Unusual Items": 0.0,
        "Tax Rate For Calcs": 0.226232,
        "Total Unusual Items": NaN,
        "Total Unusual Items Excluding Goodwill": NaN,
        "Net Income From Continuing Operation Net Minority Interest": 15439000.0,
        "Reconciled Depreciation": 3181000.0,
        "Net Interest Income": 49040000.0,
        "Interest Expense": 46768000.0,
        "Interest Income": 95808000.0,
        "Normalized Income": 15439000.0,
        "Net Income From Continuing And Discontinued Operation": 15439000.0,
        "Diluted Average Shares": 35771000.0,
        "Basic Average Shares": 35664000.0,
        "Diluted EPS": 0.5,
        "Basic EPS": 0.5,
        "Diluted NI Availto Com Stockholders": 15364000.0,
        "Net Income Common Stockholders": 15364000.0,
        "Otherunder Preferred Stock Dividend": 75000.0,
        "Net Income": 15439000.0,
        "Net Income Including Noncontrolling Interests": 15439000.0,
        "Net Income Continuous Operations": 15439000.0,
        "Tax Provision": 4514000.0,
        "Pretax Income": 19953000.0,
        "Gain On Sale Of Security": -37000.0,
        "Depreciation Amortization Depletion Income Statement": 990000.0,
        "Depreciation And Amortization In Income Statement": 990000.0,
        "Amortization": 990000.0,
        "Amortization Of Intangibles Income Statement": 990000.0,
        "Selling General And Administration": 24514000.0,
        "General And Administrative Expense": 24514000.0,
        "Other Gand A": NaN,
        "Insurance And Claims": 1120000.0,
        "Salaries And Wages": 23394000.0,
        "Total Revenue": 59720000.0,
        "Operating Revenue": 59720000.0,
        "Occupancy And Equipment": 3365000.0,
        "Other Non Interest Expense": 11031000.0
    }
}