{
    "2023-03-31": {
        "Tax Effect Of Unusual Items": NaN,
        "Tax Rate For Calcs": NaN,
        "Normalized EBITDA": NaN,
        "Total Unusual Items": NaN,
        "Total Unusual Items Excluding Goodwill": NaN,
        "Net Income From Continuing Operation Net Minority Interest": NaN,
        "Reconciled Depreciation": NaN,
        "EBITDA": NaN,
        "EBIT": NaN,
        "Net Interest Income": NaN,
        "Interest Expense": NaN,
        "Interest Income": NaN,
        "Normalized Income": NaN,
        "Net Income From Continuing And Discontinued Operation": NaN,
        "Total Expenses": NaN,
        "Total Operating Income As Reported": NaN,
        "Diluted Average Shares": NaN,
        "Basic Average Shares": NaN,
        "Diluted EPS": NaN,
        "Basic EPS": NaN,
        "Diluted NI Availto Com Stockholders": NaN,
        "Net Income Common Stockholders": NaN,
        "Net Income": NaN,
        "Net Income Including Noncontrolling Interests": NaN,
        "Net Income Continuous Operations": NaN,
        "Tax Provision": NaN,
        "Pretax Income": NaN,
        "Other Income Expense": 3000.0,
        "Other Non Operating Income Expenses": 3000.0,
        "Special Income Charges": NaN,
        "Gain On Sale Of Ppe": NaN,
        "Net Non Operating Interest Income Expense": NaN,
        "Interest Expense Non Operating": NaN,
        "Interest Income Non Operating": NaN,
        "Operating Income": NaN,
        "Operating Expense": NaN,
        "Other Operating Expenses": NaN,
        "Selling General And Administration": NaN,
        "General And Administrative Expense": NaN,
        "Salaries And Wages": NaN,
        "Total Revenue": NaN,
        "Operating Revenue": NaN
    },
    "2022-12-31": {
        "Tax Effect Of Unusual Items": NaN,
        "Tax Rate For Calcs": NaN,
        "Normalized EBITDA": NaN,
        "Total Unusual Items": 0.0,
        "Total Unusual Items Excluding Goodwill": 0.0,
        "Net Income From Continuing Operation Net Minority Interest": NaN,
        "Reconciled Depreciation": NaN,
        "EBITDA": NaN,
        "EBIT": NaN,
        "Net Interest Income": NaN,
        "Interest Expense": NaN,
        "Interest Income": NaN,
        "Normalized Income": NaN,
        "Net Income From Continuing And Discontinued Operation": NaN,
        "Total Expenses": NaN,
        "Total Operating Income As Reported": NaN,
        "Diluted Average Shares": NaN,
        "Basic Average Shares": NaN,
        "Diluted EPS": NaN,
        "Basic EPS": NaN,
        "Diluted NI Availto Com Stockholders": NaN,
        "Net Income Common Stockholders": NaN,
        "Net Income": NaN,
        "Net Income Including Noncontrolling Interests": NaN,
        "Net Income Continuous Operations": NaN,
        "Tax Provision": NaN,
        "Pretax Income": NaN,
        "Other Income Expense": 0.0,
        "Other Non Operating Income Expenses": NaN,
        "Special Income Charges": 0.0,
        "Gain On Sale Of Ppe": 0.0,
        "Net Non Operating Interest Income Expense": NaN,
        "Interest Expense Non Operating": NaN,
        "Interest Income Non Operating": NaN,
        "Operating Income": NaN,
        "Operating Expense": NaN,
        "Other Operating Expenses": NaN,
        "Selling General And Administration": NaN,
        "General And Administrative Expense": NaN,
        "Salaries And Wages": NaN,
        "Total Revenue": NaN,
        "Operating Revenue": NaN
    },
    "2022-09-30": {
        "Tax Effect Of Unusual Items": NaN,
        "Tax Rate For Calcs": NaN,
        "Normalized EBITDA": NaN,
        "Total Unusual Items": 1120000.0,
        "Total Unusual Items Excluding Goodwill": 1120000.0,
        "Net Income From Continuing Operation Net Minority Interest": NaN,
        "Reconciled Depreciation": NaN,
        "EBITDA": NaN,
        "EBIT": NaN,
        "Net Interest Income": NaN,
        "Interest Expense": NaN,
        "Interest Income": 0.0,
        "Normalized Income": NaN,
        "Net Income From Continuing And Discontinued Operation": NaN,
        "Total Expenses": NaN,
        "Total Operating Income As Reported": NaN,
        "Diluted Average Shares": NaN,
        "Basic Average Shares": NaN,
        "Diluted EPS": NaN,
        "Basic EPS": NaN,
        "Diluted NI Availto Com Stockholders": NaN,
        "Net Income Common Stockholders": NaN,
        "Net Income": NaN,
        "Net Income Including Noncontrolling Interests": NaN,
        "Net Income Continuous Operations": NaN,
        "Tax Provision": NaN,
        "Pretax Income": NaN,
        "Other Income Expense": 1120000.0,
        "Other Non Operating Income Expenses": NaN,
        "Special Income Charges": 1120000.0,
        "Gain On Sale Of Ppe": 1120000.0,
        "Net Non Operating Interest Income Expense": NaN,
        "Interest Expense Non Operating": NaN,
        "Interest Income Non Operating": 0.0,
        "Operating Income": NaN,
        "Operating Expense": NaN,
        "Other Operating Expenses": NaN,
        "Selling General And Administration": NaN,
        "General And Administrative Expense": NaN,
        "Salaries And Wages": NaN,
        "Total Revenue": NaN,
        "Operating Revenue": NaN
    },
    "2022-06-30": {
        "Tax Effect Of Unusual Items": 152800.0,
        "Tax Rate For Calcs": 0.4,
        "Normalized EBITDA": -2032000.0,
        "Total Unusual Items": 382000.0,
        "Total Unusual Items Excluding Goodwill": 382000.0,
        "Net Income From Continuing Operation Net Minority Interest": -3169000.0,
        "Reconciled Depreciation": 1271000.0,
        "EBITDA": -1650000.0,
        "EBIT": -2921000.0,
        "Net Interest Income": -216000.0,
        "Interest Expense": 216000.0,
        "Normalized Income": -3398200.0,
        "Net Income From Continuing And Discontinued Operation": -3169000.0,
        "Total Expenses": 28984000.0,
        "Total Operating Income As Reported": -3303000.0,
        "Diluted Average Shares": 73502000.0,
        "Basic Average Shares": 73502000.0,
        "Diluted EPS": -0.04,
        "Basic EPS": -0.04,
        "Diluted NI Availto Com Stockholders": -3169000.0,
        "Net Income Common Stockholders": -3169000.0,
        "Net Income": -3169000.0,
        "Net Income Including Noncontrolling Interests": -3169000.0,
        "Net Income Continuous Operations": -3169000.0,
        "Tax Provision": 32000.0,
        "Pretax Income": -3137000.0,
        "Other Income Expense": 382000.0,
        "Other Non Operating Income Expenses": NaN,
        "Special Income Charges": 382000.0,
        "Gain On Sale Of Ppe": 382000.0,
        "Net Non Operating Interest Income Expense": -216000.0,
        "Interest Expense Non Operating": 216000.0,
        "Operating Income": -3303000.0,
        "Operating Expense": 28984000.0,
        "Other Operating Expenses": 8081000.0,
        "Selling General And Administration": 20903000.0,
        "General And Administrative Expense": 20903000.0,
        "Salaries And Wages": 20903000.0,
        "Total Revenue": 25681000.0,
        "Operating Revenue": 25681000.0
    },
    "2022-03-31": {
        "Diluted EPS": -0.02,
        "Total Revenue": 27,
        "Gross Profit": 27,
        "Operating Income": -1,
        "EBIT": 0,
        "Net Income": -2
    },
    "2021-12-31": {
        "Diluted EPS": -0.03,
        "Total Revenue": 32,
        "Gross Profit": 32,
        "Operating Income": 3,
        "EBIT": 5,
        "Net Income": -3
    },
    "2021-09-30": {
        "Diluted EPS": -0.03,
        "Total Revenue": 29,
        "Gross Profit": 29,
        "Operating Income": 0,
        "EBIT": 1,
        "Net Income": -2
    },
    "2021-06-30": {
        "Diluted EPS": -0.03,
        "Total Revenue": 33,
        "Gross Profit": 33,
        "Operating Income": -1,
        "EBIT": 1,
        "Net Income": -2
    },
    "2021-03-31": {
        "Diluted EPS": -0.08,
        "Total Revenue": 31,
        "Gross Profit": 31,
        "Operating Income": -3,
        "EBIT": -2,
        "Net Income": -4
    },
    "2020-12-31": {
        "Diluted EPS": 0.06,
        "Total Revenue": 40,
        "Gross Profit": 40,
        "Operating Income": 4,
        "EBIT": 5,
        "Net Income": 4
    },
    "2020-09-30": {
        "Diluted EPS": 0.04,
        "Total Revenue": 36,
        "Gross Profit": 36,
        "Operating Income": 2,
        "EBIT": 4,
        "Net Income": 2
    },
    "2020-06-30": {
        "Diluted EPS": -0.13,
        "Total Revenue": 34,
        "Gross Profit": 34,
        "Operating Income": -5,
        "EBIT": 5,
        "Net Income": -7
    },
    "2020-03-31": {
        "Diluted EPS": -0.23,
        "Total Revenue": 46,
        "Gross Profit": 46,
        "Operating Income": -14,
        "EBIT": 7,
        "Net Income": -12
    },
    "2019-12-31": {
        "Diluted EPS": -0.07,
        "Total Revenue": 44,
        "Gross Profit": 44,
        "Operating Income": -2,
        "EBIT": 7,
        "Net Income": -4
    },
    "2019-09-30": {
        "Diluted EPS": -0.15,
        "Total Revenue": 36,
        "Gross Profit": 36,
        "Operating Income": -6,
        "EBIT": -3,
        "Net Income": -8
    },
    "2019-06-30": {
        "Diluted EPS": -0.12,
        "Total Revenue": 36,
        "Gross Profit": 36,
        "Operating Income": -4,
        "EBIT": -1,
        "Net Income": -6
    },
    "2019-03-31": {
        "Diluted EPS": -0.16,
        "Total Revenue": 35,
        "Gross Profit": 35,
        "Operating Income": -7,
        "EBIT": -4,
        "Net Income": -8
    },
    "2018-12-31": {
        "Diluted EPS": -0.09,
        "Total Revenue": 40,
        "Gross Profit": 40,
        "Operating Income": -3,
        "EBIT": 2,
        "Net Income": -5
    },
    "2018-09-30": {
        "Diluted EPS": -0.15,
        "Total Revenue": 28,
        "Gross Profit": 28,
        "Operating Income": -7,
        "EBIT": -5,
        "Net Income": -8
    },
    "2018-06-30": {
        "Diluted EPS": -0.07,
        "Total Revenue": 31,
        "Gross Profit": 31,
        "Operating Income": -3,
        "EBIT": -1,
        "Net Income": -4
    },
    "2018-03-31": {
        "Diluted EPS": 0.16,
        "Total Revenue": 57,
        "Gross Profit": 57,
        "Operating Income": 12,
        "EBIT": 15,
        "Net Income": 8
    },
    "2017-12-31": {
        "Diluted EPS": 0.01,
        "Total Revenue": 33,
        "Gross Profit": 33,
        "Operating Income": -1,
        "EBIT": 1,
        "Net Income": 1
    },
    "2017-09-30": {
        "Diluted EPS": -0.15,
        "Total Revenue": 30,
        "Gross Profit": 30,
        "Operating Income": -4,
        "EBIT": -2,
        "Net Income": -8
    },
    "2017-06-30": {
        "Diluted EPS": -0.05,
        "Total Revenue": 36,
        "Gross Profit": 36,
        "Operating Income": -1,
        "EBIT": 3,
        "Net Income": -2
    },
    "2017-03-31": {
        "Diluted EPS": -0.06,
        "Total Revenue": 33,
        "Gross Profit": 33,
        "Operating Income": -1,
        "EBIT": 2,
        "Net Income": -3
    },
    "2016-12-31": {
        "Diluted EPS": -0.25,
        "Total Revenue": 34,
        "Gross Profit": 34,
        "Operating Income": -15,
        "EBIT": 4,
        "Net Income": -12
    },
    "2016-09-30": {
        "Diluted EPS": -0.01,
        "Total Revenue": 31,
        "Gross Profit": 31,
        "Operating Income": 0,
        "EBIT": 3,
        "Net Income": -1
    },
    "2016-06-30": {
        "Diluted EPS": 0.03,
        "Total Revenue": 38,
        "Gross Profit": 38,
        "Operating Income": 4,
        "EBIT": 8,
        "Net Income": 1
    },
    "2016-03-31": {
        "Diluted EPS": 0.0,
        "Total Revenue": 38,
        "Gross Profit": 38,
        "Operating Income": 3,
        "EBIT": 6,
        "Net Income": 0
    },
    "2015-12-31": {
        "Diluted EPS": 0.05,
        "Total Revenue": 41,
        "Gross Profit": 41,
        "Operating Income": 5,
        "EBIT": 8,
        "Net Income": 2
    },
    "2015-09-30": {
        "Diluted EPS": -0.01,
        "Total Revenue": 39,
        "Gross Profit": 39,
        "Operating Income": 3,
        "EBIT": 6,
        "Net Income": 0
    },
    "2015-06-30": {
        "Diluted EPS": 0.01,
        "Total Revenue": 41,
        "Gross Profit": 41,
        "Operating Income": 4,
        "EBIT": 7,
        "Net Income": 1
    },
    "2015-03-31": {
        "Diluted EPS": -0.09,
        "Total Revenue": 39,
        "Gross Profit": 39,
        "Operating Income": -4,
        "EBIT": -1,
        "Net Income": -4
    },
    "2014-12-31": {
        "Diluted EPS": -0.05,
        "Total Revenue": 40,
        "Gross Profit": 40,
        "Operating Income": -1,
        "EBIT": 3,
        "Net Income": -2
    },
    "2014-09-30": {
        "Diluted EPS": -0.01,
        "Total Revenue": 40,
        "Gross Profit": 40,
        "Operating Income": 2,
        "EBIT": 5,
        "Net Income": 0
    },
    "2014-06-30": {
        "Diluted EPS": 0.12,
        "Total Revenue": 57,
        "Gross Profit": 57,
        "Operating Income": 13,
        "EBIT": 16,
        "Net Income": 6
    },
    "2014-03-31": {
        "Diluted EPS": 0.13,
        "Total Revenue": 59,
        "Gross Profit": 59,
        "Operating Income": 14,
        "EBIT": 17,
        "Net Income": 6
    },
    "2013-12-31": {
        "Diluted EPS": 0.16,
        "Total Revenue": 60,
        "Gross Profit": 60,
        "Operating Income": 16,
        "EBIT": 19,
        "Net Income": 8
    },
    "2013-09-30": {
        "Diluted EPS": 0.31,
        "Total Revenue": 77,
        "Gross Profit": 77,
        "Operating Income": 28,
        "EBIT": 31,
        "Net Income": 15
    },
    "2013-06-30": {
        "Diluted EPS": 0.23,
        "Total Revenue": 69,
        "Gross Profit": 69,
        "Operating Income": 22,
        "EBIT": 25,
        "Net Income": 11
    },
    "2013-03-31": {
        "Diluted EPS": 0.04,
        "Total Revenue": 49,
        "Gross Profit": 49,
        "Operating Income": 7,
        "EBIT": 9,
        "Net Income": 2
    },
    "2012-12-31": {
        "Diluted EPS": 0.13,
        "Total Revenue": 56,
        "Gross Profit": 56,
        "Operating Income": 14,
        "EBIT": 17,
        "Net Income": 6
    },
    "2012-09-30": {
        "Diluted EPS": 0.13,
        "Total Revenue": 53,
        "Gross Profit": 53,
        "Operating Income": 14,
        "EBIT": 17,
        "Net Income": 6
    },
    "2012-06-30": {
        "Diluted EPS": 0.16,
        "Total Revenue": 55,
        "Gross Profit": 55,
        "Operating Income": 16,
        "EBIT": 19,
        "Net Income": 8
    },
    "2012-03-31": {
        "Diluted EPS": 0.02,
        "Total Revenue": 46,
        "Gross Profit": 46,
        "Operating Income": 11,
        "EBIT": 13,
        "Net Income": 1
    },
    "2011-12-31": {
        "Diluted EPS": 0.0,
        "Total Revenue": NaN,
        "Gross Profit": NaN,
        "Operating Income": NaN,
        "EBIT": NaN,
        "Net Income": NaN
    },
    "2011-09-30": {
        "Diluted EPS": 0.08,
        "Total Revenue": 42,
        "Gross Profit": 42,
        "Operating Income": 12,
        "EBIT": 12,
        "Net Income": 4
    },
    "2010-12-31": {
        "Diluted EPS": 0.0,
        "Total Revenue": NaN,
        "Gross Profit": NaN,
        "Operating Income": NaN,
        "EBIT": NaN,
        "Net Income": NaN
    },
    "2023-06-30": {
        "Tax Effect Of Unusual Items": 0.0,
        "Tax Rate For Calcs": 0.21,
        "Normalized EBITDA": -2144000.0,
        "Total Unusual Items": NaN,
        "Total Unusual Items Excluding Goodwill": NaN,
        "Net Income From Continuing Operation Net Minority Interest": -3973000.0,
        "Reconciled Depreciation": 1457000.0,
        "EBITDA": -2144000.0,
        "EBIT": -3601000.0,
        "Net Interest Income": -351000.0,
        "Interest Expense": 351000.0,
        "Interest Income": 0.0,
        "Normalized Income": -3973000.0,
        "Net Income From Continuing And Discontinued Operation": -3973000.0,
        "Total Expenses": 29086000.0,
        "Total Operating Income As Reported": -3601000.0,
        "Diluted Average Shares": 75752000.0,
        "Basic Average Shares": 75752000.0,
        "Diluted EPS": -0.05,
        "Basic EPS": -0.05,
        "Diluted NI Availto Com Stockholders": -3973000.0,
        "Net Income Common Stockholders": -3973000.0,
        "Net Income": -3973000.0,
        "Net Income Including Noncontrolling Interests": -3973000.0,
        "Net Income Continuous Operations": -3973000.0,
        "Tax Provision": 21000.0,
        "Pretax Income": -3952000.0,
        "Other Income Expense": NaN,
        "Other Non Operating Income Expenses": NaN,
        "Special Income Charges": NaN,
        "Gain On Sale Of Ppe": NaN,
        "Net Non Operating Interest Income Expense": -351000.0,
        "Interest Expense Non Operating": 351000.0,
        "Interest Income Non Operating": 0.0,
        "Operating Income": -3601000.0,
        "Operating Expense": 29086000.0,
        "Other Operating Expenses": 7376000.0,
        "Selling General And Administration": 21710000.0,
        "General And Administrative Expense": 21710000.0,
        "Salaries And Wages": 21710000.0,
        "Total Revenue": 25485000.0,
        "Operating Revenue": 25485000.0
    },
    "2023-09-30": {
        "Tax Effect Of Unusual Items": 0.0,
        "Tax Rate For Calcs": 0.21,
        "Normalized EBITDA": 685000.0,
        "Total Unusual Items": 0.0,
        "Total Unusual Items Excluding Goodwill": 0.0,
        "Net Income From Continuing Operation Net Minority Interest": -580000.0,
        "Reconciled Depreciation": 1249000.0,
        "EBITDA": 685000.0,
        "EBIT": -564000.0,
        "Net Interest Income": -337000.0,
        "Interest Expense": 423000.0,
        "Interest Income": 86000.0,
        "Normalized Income": -580000.0,
        "Net Income From Continuing And Discontinued Operation": -580000.0,
        "Total Expenses": 30612000.0,
        "Total Operating Income As Reported": -650000.0,
        "Diluted Average Shares": 76454000.0,
        "Basic Average Shares": 76454000.0,
        "Diluted EPS": -0.01,
        "Basic EPS": -0.01,
        "Diluted NI Availto Com Stockholders": -580000.0,
        "Net Income Common Stockholders": -580000.0,
        "Net Income": -580000.0,
        "Net Income Including Noncontrolling Interests": -580000.0,
        "Net Income Continuous Operations": -580000.0,
        "Tax Provision": -407000.0,
        "Pretax Income": -987000.0,
        "Other Income Expense": NaN,
        "Other Non Operating Income Expenses": NaN,
        "Special Income Charges": 0.0,
        "Gain On Sale Of Ppe": 0.0,
        "Net Non Operating Interest Income Expense": -337000.0,
        "Interest Expense Non Operating": 423000.0,
        "Interest Income Non Operating": 86000.0,
        "Operating Income": -650000.0,
        "Operating Expense": 30612000.0,
        "Other Operating Expenses": 7632000.0,
        "Selling General And Administration": 22980000.0,
        "General And Administrative Expense": 22980000.0,
        "Salaries And Wages": 22980000.0,
        "Total Revenue": 29962000.0,
        "Operating Revenue": 29962000.0
    },
    "2023-12-31": {
        "Tax Effect Of Unusual Items": 58.59375,
        "Tax Rate For Calcs": 0.019531,
        "Normalized EBITDA": 3560000.0,
        "Total Unusual Items": 3000.0,
        "Total Unusual Items Excluding Goodwill": 3000.0,
        "Net Income From Continuing Operation Net Minority Interest": 1255000.0,
        "Reconciled Depreciation": 1497000.0,
        "EBITDA": 3563000.0,
        "EBIT": 2066000.0,
        "Net Interest Income": -632000.0,
        "Interest Expense": 786000.0,
        "Interest Income": 154000.0,
        "Normalized Income": 1252058.59375,
        "Net Income From Continuing And Discontinued Operation": 1255000.0,
        "Total Expenses": 30655000.0,
        "Total Operating Income As Reported": 1912000.0,
        "Diluted Average Shares": 77361000.0,
        "Basic Average Shares": 76896000.0,
        "Diluted EPS": 0.02,
        "Basic EPS": 0.02,
        "Diluted NI Availto Com Stockholders": 1255000.0,
        "Net Income Common Stockholders": 1255000.0,
        "Net Income": 1255000.0,
        "Net Income Including Noncontrolling Interests": 1255000.0,
        "Net Income Continuous Operations": 1255000.0,
        "Tax Provision": 25000.0,
        "Pretax Income": 1280000.0,
        "Other Income Expense": 0.0,
        "Other Non Operating Income Expenses": NaN,
        "Special Income Charges": 3000.0,
        "Gain On Sale Of Ppe": 3000.0,
        "Net Non Operating Interest Income Expense": -632000.0,
        "Interest Expense Non Operating": 786000.0,
        "Interest Income Non Operating": 154000.0,
        "Operating Income": 1912000.0,
        "Operating Expense": 30655000.0,
        "Other Operating Expenses": 7347000.0,
        "Selling General And Administration": 23308000.0,
        "General And Administrative Expense": 23308000.0,
        "Salaries And Wages": 23308000.0,
        "Total Revenue": 32567000.0,
        "Operating Revenue": 32567000.0
    },
    "2024-03-31": {
        "Tax Effect Of Unusual Items": 0.0,
        "Tax Rate For Calcs": 0.0,
        "Normalized EBITDA": -2309000.0,
        "Total Unusual Items": NaN,
        "Total Unusual Items Excluding Goodwill": NaN,
        "Net Income From Continuing Operation Net Minority Interest": -4017000.0,
        "Reconciled Depreciation": 1506000.0,
        "EBITDA": -2309000.0,
        "EBIT": -3815000.0,
        "Net Interest Income": -80000.0,
        "Interest Expense": 186000.0,
        "Interest Income": 106000.0,
        "Normalized Income": -4017000.0,
        "Net Income From Continuing And Discontinued Operation": -4017000.0,
        "Total Expenses": 31255000.0,
        "Total Operating Income As Reported": -3921000.0,
        "Diluted Average Shares": 76920000.0,
        "Basic Average Shares": 76920000.0,
        "Diluted EPS": -0.05,
        "Basic EPS": -0.05,
        "Diluted NI Availto Com Stockholders": -4017000.0,
        "Net Income Common Stockholders": -4017000.0,
        "Net Income": -4017000.0,
        "Net Income Including Noncontrolling Interests": -4017000.0,
        "Net Income Continuous Operations": -4017000.0,
        "Tax Provision": 16000.0,
        "Pretax Income": -4001000.0,
        "Other Income Expense": NaN,
        "Other Non Operating Income Expenses": NaN,
        "Special Income Charges": NaN,
        "Gain On Sale Of Ppe": NaN,
        "Net Non Operating Interest Income Expense": -80000.0,
        "Interest Expense Non Operating": 186000.0,
        "Interest Income Non Operating": 106000.0,
        "Operating Income": -3921000.0,
        "Operating Expense": 31255000.0,
        "Other Operating Expenses": 8034000.0,
        "Selling General And Administration": 23221000.0,
        "General And Administrative Expense": 23221000.0,
        "Salaries And Wages": 23221000.0,
        "Total Revenue": 27334000.0,
        "Operating Revenue": 27334000.0
    },
    "2024-06-30": {
        "Tax Effect Of Unusual Items": 0.0,
        "Tax Rate For Calcs": 0.21,
        "Normalized EBITDA": -645000.0,
        "Total Unusual Items": NaN,
        "Total Unusual Items Excluding Goodwill": NaN,
        "Net Income From Continuing Operation Net Minority Interest": -2996000.0,
        "Reconciled Depreciation": 2035000.0,
        "EBITDA": -645000.0,
        "EBIT": -2680000.0,
        "Net Interest Income": -239000.0,
        "Interest Expense": 300000.0,
        "Interest Income": 61000.0,
        "Normalized Income": -2996000.0,
        "Net Income From Continuing And Discontinued Operation": -2996000.0,
        "Total Expenses": 32103000.0,
        "Total Operating Income As Reported": -2741000.0,
        "Diluted Average Shares": 76975000.0,
        "Basic Average Shares": 76975000.0,
        "Diluted EPS": -0.04,
        "Basic EPS": -0.04,
        "Diluted NI Availto Com Stockholders": -2996000.0,
        "Net Income Common Stockholders": -2996000.0,
        "Net Income": -2996000.0,
        "Net Income Including Noncontrolling Interests": -2996000.0,
        "Net Income Continuous Operations": -2996000.0,
        "Tax Provision": 16000.0,
        "Pretax Income": -2980000.0,
        "Other Income Expense": NaN,
        "Other Non Operating Income Expenses": NaN,
        "Special Income Charges": NaN,
        "Gain On Sale Of Ppe": NaN,
        "Net Non Operating Interest Income Expense": -239000.0,
        "Interest Expense Non Operating": 300000.0,
        "Interest Income Non Operating": 61000.0,
        "Operating Income": -2741000.0,
        "Operating Expense": 32103000.0,
        "Other Operating Expenses": 7569000.0,
        "Selling General And Administration": 24534000.0,
        "General And Administrative Expense": 24534000.0,
        "Salaries And Wages": 24534000.0,
        "Total Revenue": 29362000.0,
        "Operating Revenue": 29362000.0
    },
    "2024-09-30": {
        "Tax Effect Of Unusual Items": 0.0,
        "Tax Rate For Calcs": 0.21,
        "Normalized EBITDA": -41000.0,
        "Total Unusual Items": NaN,
        "Total Unusual Items Excluding Goodwill": NaN,
        "Net Income From Continuing Operation Net Minority Interest": -2384000.0,
        "Reconciled Depreciation": 2015000.0,
        "EBITDA": -41000.0,
        "EBIT": -2056000.0,
        "Net Interest Income": -220000.0,
        "Interest Expense": 313000.0,
        "Interest Income": 93000.0,
        "Normalized Income": -2384000.0,
        "Net Income From Continuing And Discontinued Operation": -2384000.0,
        "Total Expenses": 33668000.0,
        "Total Operating Income As Reported": -2149000.0,
        "Diluted Average Shares": 77748000.0,
        "Basic Average Shares": 77748000.0,
        "Diluted EPS": -0.03,
        "Basic EPS": -0.03,
        "Diluted NI Availto Com Stockholders": -2384000.0,
        "Net Income Common Stockholders": -2384000.0,
        "Net Income": -2384000.0,
        "Net Income Including Noncontrolling Interests": -2384000.0,
        "Net Income Continuous Operations": -2384000.0,
        "Tax Provision": 15000.0,
        "Pretax Income": -2369000.0,
        "Other Income Expense": NaN,
        "Other Non Operating Income Expenses": NaN,
        "Special Income Charges": NaN,
        "Gain On Sale Of Ppe": NaN,
        "Net Non Operating Interest Income Expense": -220000.0,
        "Interest Expense Non Operating": 313000.0,
        "Interest Income Non Operating": 93000.0,
        "Operating Income": -2149000.0,
        "Operating Expense": 33668000.0,
        "Other Operating Expenses": 7702000.0,
        "Selling General And Administration": 25966000.0,
        "General And Administrative Expense": 25966000.0,
        "Salaries And Wages": 25966000.0,
        "Total Revenue": 31519000.0,
        "Operating Revenue": 31519000.0
    }
}