{
    "2023-06-30": {
        "Tax Effect Of Unusual Items": 0.0,
        "Tax Rate For Calcs": 0.201147,
        "Normalized EBITDA": 72917000.0,
        "Net Income From Continuing Operation Net Minority Interest": 58250000.0,
        "Reconciled Depreciation": NaN,
        "Reconciled Cost Of Revenue": 361922000.0,
        "EBIT": 72917000.0,
        "Normalized Income": 58250000.0,
        "Net Income From Continuing And Discontinued Operation": 58250000.0,
        "Total Expenses": 497529000.0,
        "Rent Expense Supplemental": 10066000.0,
        "Diluted Average Shares": 52264000.0,
        "Basic Average Shares": 49874000.0,
        "Diluted EPS": 1.11,
        "Basic EPS": 1.17,
        "Diluted NI Availto Com Stockholders": 58250000.0,
        "Net Income Common Stockholders": 58250000.0,
        "Net Income": 58250000.0,
        "Net Income Including Noncontrolling Interests": 58250000.0,
        "Net Income Continuous Operations": 58250000.0,
        "Tax Provision": 14667000.0,
        "Pretax Income": 72917000.0,
        "Operating Income": 72917000.0,
        "Operating Expense": 135607000.0,
        "Other Operating Expenses": 102075000.0,
        "Selling General And Administration": 33532000.0,
        "Selling And Marketing Expense": 5578000.0,
        "General And Administrative Expense": 27954000.0,
        "Other Gand A": 17888000.0,
        "Rent And Landing Fees": 10066000.0,
        "Gross Profit": 208524000.0,
        "Cost Of Revenue": 361922000.0,
        "Total Revenue": 570446000.0,
        "Operating Revenue": 567193000.0
    },
    "2023-03-31": {
        "Tax Effect Of Unusual Items": 0.0,
        "Tax Rate For Calcs": 0.204,
        "Normalized EBITDA": 38147000.0,
        "Net Income From Continuing Operation Net Minority Interest": 30378000.0,
        "Reconciled Depreciation": 17760000.0,
        "Reconciled Cost Of Revenue": 319424000.0,
        "EBIT": 38147000.0,
        "Normalized Income": 30378000.0,
        "Net Income From Continuing And Discontinued Operation": 30378000.0,
        "Total Expenses": 632933000.0,
        "Rent Expense Supplemental": 8820000.0,
        "Diluted Average Shares": 53352000.0,
        "Basic Average Shares": 50154000.0,
        "Diluted EPS": 0.57,
        "Basic EPS": 0.61,
        "Diluted NI Availto Com Stockholders": 30378000.0,
        "Net Income Common Stockholders": 30378000.0,
        "Net Income": 30378000.0,
        "Net Income Including Noncontrolling Interests": 30378000.0,
        "Net Income Continuous Operations": 30378000.0,
        "Tax Provision": 7769000.0,
        "Pretax Income": 38147000.0,
        "Operating Income": 38147000.0,
        "Operating Expense": 313509000.0,
        "Other Operating Expenses": 280441000.0,
        "Selling General And Administration": 33068000.0,
        "Selling And Marketing Expense": 3241000.0,
        "General And Administrative Expense": 29827000.0,
        "Other Gand A": 21007000.0,
        "Rent And Landing Fees": 8820000.0,
        "Gross Profit": 351656000.0,
        "Cost Of Revenue": 319424000.0,
        "Total Revenue": 671080000.0,
        "Operating Revenue": 668717000.0
    },
    "2022-12-31": {
        "Tax Effect Of Unusual Items": 0.0,
        "Tax Rate For Calcs": 0.4,
        "Normalized EBITDA": 67729000.0,
        "Net Income From Continuing Operation Net Minority Interest": 37617000.0,
        "Reconciled Depreciation": 14635000.0,
        "Reconciled Cost Of Revenue": 300153000.0,
        "EBIT": 67729000.0,
        "Normalized Income": 37617000.0,
        "Net Income From Continuing And Discontinued Operation": 37617000.0,
        "Total Expenses": 442993000.0,
        "Rent Expense Supplemental": 9985000.0,
        "Diluted Average Shares": 53088000.0,
        "Basic Average Shares": 50164000.0,
        "Diluted EPS": 0.71,
        "Basic EPS": 0.75,
        "Diluted NI Availto Com Stockholders": 37617000.0,
        "Net Income Common Stockholders": 37617000.0,
        "Net Income": 37617000.0,
        "Net Income Including Noncontrolling Interests": 37617000.0,
        "Net Income Continuous Operations": 37617000.0,
        "Tax Provision": 30112000.0,
        "Pretax Income": 67729000.0,
        "Operating Income": 67729000.0,
        "Operating Expense": 142840000.0,
        "Other Operating Expenses": 112960000.0,
        "Selling General And Administration": 29880000.0,
        "Selling And Marketing Expense": 3751000.0,
        "General And Administrative Expense": 26129000.0,
        "Other Gand A": 16144000.0,
        "Rent And Landing Fees": 9985000.0,
        "Gross Profit": 210569000.0,
        "Cost Of Revenue": 300153000.0,
        "Total Revenue": 510722000.0,
        "Operating Revenue": 505824000.0
    },
    "2022-09-30": {
        "Tax Effect Of Unusual Items": 0.0,
        "Tax Rate For Calcs": 0.271405,
        "Normalized EBITDA": 185472000.0,
        "Net Income From Continuing Operation Net Minority Interest": 135134000.0,
        "Reconciled Depreciation": 13475000.0,
        "Reconciled Cost Of Revenue": 289513000.0,
        "EBIT": 185472000.0,
        "Normalized Income": 135134000.0,
        "Net Income From Continuing And Discontinued Operation": 135134000.0,
        "Total Expenses": 278372000.0,
        "Rent Expense Supplemental": 11299000.0,
        "Diluted Average Shares": 54968000.0,
        "Basic Average Shares": 52170000.0,
        "Diluted EPS": 2.46,
        "Basic EPS": 2.59,
        "Diluted NI Availto Com Stockholders": 135134000.0,
        "Net Income Common Stockholders": 135134000.0,
        "Net Income": 135134000.0,
        "Net Income Including Noncontrolling Interests": 135134000.0,
        "Net Income Continuous Operations": 135134000.0,
        "Tax Provision": 50338000.0,
        "Pretax Income": 185472000.0,
        "Operating Income": 185472000.0,
        "Operating Expense": -11141000.0,
        "Other Operating Expenses": -46271000.0,
        "Selling General And Administration": 35130000.0,
        "Selling And Marketing Expense": 7601000.0,
        "General And Administrative Expense": 27529000.0,
        "Other Gand A": 16230000.0,
        "Rent And Landing Fees": 11299000.0,
        "Gross Profit": 174331000.0,
        "Cost Of Revenue": 289513000.0,
        "Total Revenue": 463844000.0,
        "Operating Revenue": 460194000.0
    },
    "2022-06-30": {
        "Tax Effect Of Unusual Items": 0.0,
        "Tax Rate For Calcs": 0.272428,
        "Normalized EBITDA": 177526000.0,
        "Net Income From Continuing Operation Net Minority Interest": 129163000.0,
        "Reconciled Depreciation": 11341000.0,
        "Reconciled Cost Of Revenue": 317301000.0,
        "EBIT": 177526000.0,
        "Normalized Income": 129163000.0,
        "Net Income From Continuing And Discontinued Operation": 129163000.0,
        "Total Expenses": 405116000.0,
        "Rent Expense Supplemental": 9371000.0,
        "Diluted Average Shares": 56642000.0,
        "Basic Average Shares": 54167000.0,
        "Diluted EPS": 2.28,
        "Basic EPS": 2.38,
        "Diluted NI Availto Com Stockholders": 129163000.0,
        "Net Income Common Stockholders": 129163000.0,
        "Net Income": 129163000.0,
        "Net Income Including Noncontrolling Interests": 129163000.0,
        "Net Income Continuous Operations": 129163000.0,
        "Tax Provision": 48363000.0,
        "Pretax Income": 177526000.0,
        "Operating Income": 177526000.0,
        "Operating Expense": 87815000.0,
        "Other Operating Expenses": 44644000.0,
        "Selling General And Administration": 43171000.0,
        "Selling And Marketing Expense": 13007000.0,
        "General And Administrative Expense": 30164000.0,
        "Other Gand A": 20793000.0,
        "Rent And Landing Fees": 9371000.0,
        "Gross Profit": 265341000.0,
        "Cost Of Revenue": 317301000.0,
        "Total Revenue": 582642000.0,
        "Operating Revenue": 579379000.0
    },
    "2022-03-31": {
        "Diluted EPS": 2.94,
        "Total Revenue": 658,
        "Gross Profit": 583,
        "Operating Income": 261,
        "EBIT": 276,
        "Net Income": 174
    },
    "2021-12-31": {
        "Diluted EPS": 2.98,
        "Total Revenue": 694,
        "Gross Profit": 576,
        "Operating Income": 259,
        "EBIT": 275,
        "Net Income": 173
    },
    "2021-09-30": {
        "Diluted EPS": 3.8,
        "Total Revenue": 787,
        "Gross Profit": 678,
        "Operating Income": 360,
        "EBIT": 376,
        "Net Income": 249
    },
    "2021-06-30": {
        "Diluted EPS": 2.94,
        "Total Revenue": 742,
        "Gross Profit": 635,
        "Operating Income": 301,
        "EBIT": 318,
        "Net Income": 204
    },
    "2021-03-31": {
        "Diluted EPS": 5.15,
        "Total Revenue": 945,
        "Gross Profit": 838,
        "Operating Income": 526,
        "EBIT": 544,
        "Net Income": 377
    },
    "2020-12-31": {
        "Diluted EPS": 5.77,
        "Total Revenue": NaN,
        "Gross Profit": 886,
        "Operating Income": 627,
        "EBIT": 645,
        "Net Income": 453
    },
    "2020-09-30": {
        "Diluted EPS": 7.03,
        "Total Revenue": NaN,
        "Gross Profit": 995,
        "Operating Income": 745,
        "EBIT": 762,
        "Net Income": 535
    },
    "2020-06-30": {
        "Diluted EPS": 4.39,
        "Total Revenue": 822,
        "Gross Profit": 714,
        "Operating Income": 500,
        "EBIT": 512,
        "Net Income": 353
    },
    "2020-03-31": {
        "Diluted EPS": 3.73,
        "Total Revenue": 722,
        "Gross Profit": 634,
        "Operating Income": 433,
        "EBIT": 443,
        "Net Income": 306
    },
    "2019-12-31": {
        "Diluted EPS": 1.88,
        "Total Revenue": 490,
        "Gross Profit": 388,
        "Operating Income": 215,
        "EBIT": 225,
        "Net Income": 153
    },
    "2019-09-30": {
        "Diluted EPS": 1.51,
        "Total Revenue": 436,
        "Gross Profit": 354,
        "Operating Income": 182,
        "EBIT": 190,
        "Net Income": 121
    },
    "2019-06-30": {
        "Diluted EPS": 0.92,
        "Total Revenue": 303,
        "Gross Profit": 251,
        "Operating Income": 114,
        "EBIT": 0,
        "Net Income": 73
    },
    "2019-03-31": {
        "Diluted EPS": 0.58,
        "Total Revenue": 248,
        "Gross Profit": 203,
        "Operating Income": 74,
        "EBIT": 192,
        "Net Income": 46
    },
    "2018-12-31": {
        "Diluted EPS": 0.65,
        "Total Revenue": 251,
        "Gross Profit": 197,
        "Operating Income": 75,
        "EBIT": -87,
        "Net Income": 39
    },
    "2018-09-30": {
        "Diluted EPS": 0.57,
        "Total Revenue": 251,
        "Gross Profit": 203,
        "Operating Income": 77,
        "EBIT": 139,
        "Net Income": 14
    },
    "2018-06-30": {
        "Diluted EPS": 0.7,
        "Total Revenue": 244,
        "Gross Profit": 211,
        "Operating Income": 91,
        "EBIT": 133,
        "Net Income": 18
    },
    "2018-03-31": {
        "Diluted EPS": 0.67,
        "Total Revenue": 238,
        "Gross Profit": 210,
        "Operating Income": 85,
        "EBIT": 128,
        "Net Income": 17
    },
    "2017-12-31": {
        "Diluted EPS": 2.41,
        "Total Revenue": 299,
        "Gross Profit": 252,
        "Operating Income": 141,
        "EBIT": 193,
        "Net Income": 62
    },
    "2017-09-30": {
        "Diluted EPS": 0.71,
        "Total Revenue": 251,
        "Gross Profit": 220,
        "Operating Income": 106,
        "EBIT": 188,
        "Net Income": 17
    },
    "2017-06-30": {
        "Diluted EPS": 0.44,
        "Total Revenue": 202,
        "Gross Profit": 172,
        "Operating Income": 70,
        "EBIT": 164,
        "Net Income": 10
    },
    "2017-03-31": {
        "Diluted EPS": 0.47,
        "Total Revenue": 204,
        "Gross Profit": 173,
        "Operating Income": 71,
        "EBIT": 132,
        "Net Income": 11
    },
    "2016-12-31": {
        "Diluted EPS": 1.0,
        "Total Revenue": 289,
        "Gross Profit": 253,
        "Operating Income": 137,
        "EBIT": 174,
        "Net Income": 23
    },
    "2016-09-30": {
        "Diluted EPS": 1.06,
        "Total Revenue": 291,
        "Gross Profit": 263,
        "Operating Income": 152,
        "EBIT": 233,
        "Net Income": 24
    },
    "2016-06-30": {
        "Diluted EPS": 0.65,
        "Total Revenue": 208,
        "Gross Profit": 189,
        "Operating Income": 94,
        "EBIT": 192,
        "Net Income": 14
    },
    "2016-03-31": {
        "Diluted EPS": 0.23,
        "Total Revenue": 143,
        "Gross Profit": 118,
        "Operating Income": 39,
        "EBIT": 140,
        "Net Income": 5
    },
    "2015-12-31": {
        "Diluted EPS": 0.58,
        "Total Revenue": 187,
        "Gross Profit": 170,
        "Operating Income": 81,
        "EBIT": 119,
        "Net Income": 13
    },
    "2015-09-30": {
        "Diluted EPS": 0.58,
        "Total Revenue": 189,
        "Gross Profit": 168,
        "Operating Income": 84,
        "EBIT": 135,
        "Net Income": 13
    },
    "2015-06-30": {
        "Diluted EPS": 0.59,
        "Total Revenue": 196,
        "Gross Profit": 164,
        "Operating Income": 83,
        "EBIT": 108,
        "Net Income": 13
    },
    "2015-03-31": {
        "Diluted EPS": 0.42,
        "Total Revenue": 140,
        "Gross Profit": 126,
        "Operating Income": 60,
        "EBIT": 109,
        "Net Income": 9
    },
    "2014-12-31": {
        "Diluted EPS": 0.41,
        "Total Revenue": 142,
        "Gross Profit": 118,
        "Operating Income": 58,
        "EBIT": 68,
        "Net Income": 9
    },
    "2014-09-30": {
        "Diluted EPS": 0.49,
        "Total Revenue": 141,
        "Gross Profit": 124,
        "Operating Income": 68,
        "EBIT": 81,
        "Net Income": 10
    },
    "2014-06-30": {
        "Diluted EPS": 0.45,
        "Total Revenue": 130,
        "Gross Profit": 117,
        "Operating Income": 63,
        "EBIT": 75,
        "Net Income": 10
    },
    "2014-03-31": {
        "Diluted EPS": 0.38,
        "Total Revenue": 105,
        "Gross Profit": 101,
        "Operating Income": 53,
        "EBIT": 68,
        "Net Income": 8
    },
    "2013-12-31": {
        "Diluted EPS": 0.32,
        "Total Revenue": 90,
        "Gross Profit": 86,
        "Operating Income": 46,
        "EBIT": 61,
        "Net Income": -49
    },
    "2013-09-30": {
        "Diluted EPS": 0.28,
        "Total Revenue": 87,
        "Gross Profit": 82,
        "Operating Income": 41,
        "EBIT": 51,
        "Net Income": 5
    },
    "2013-06-30": {
        "Diluted EPS": 0.22,
        "Total Revenue": 107,
        "Gross Profit": 102,
        "Operating Income": 55,
        "EBIT": 60,
        "Net Income": 3
    },
    "2013-03-31": {
        "Diluted EPS": 0.0,
        "Total Revenue": 102,
        "Gross Profit": 98,
        "Operating Income": 59,
        "EBIT": 65,
        "Net Income": 55
    },
    "2012-12-31": {
        "Diluted EPS": 0.0,
        "Total Revenue": NaN,
        "Gross Profit": NaN,
        "Operating Income": NaN,
        "EBIT": NaN,
        "Net Income": NaN
    },
    "2012-09-30": {
        "Diluted EPS": 0.0,
        "Total Revenue": 76,
        "Gross Profit": 73,
        "Operating Income": 39,
        "EBIT": 44,
        "Net Income": 38
    },
    "2012-06-30": {
        "Diluted EPS": 0.14,
        "Total Revenue": 43,
        "Gross Profit": 40,
        "Operating Income": 12,
        "EBIT": 12,
        "Net Income": 10
    },
    "2011-12-31": {
        "Diluted EPS": 0.0,
        "Total Revenue": NaN,
        "Gross Profit": NaN,
        "Operating Income": NaN,
        "EBIT": NaN,
        "Net Income": NaN
    },
    "2010-12-31": {
        "Diluted EPS": 0.0,
        "Total Revenue": NaN,
        "Gross Profit": NaN,
        "Operating Income": NaN,
        "EBIT": NaN,
        "Net Income": NaN
    }
}