{
    "2023-03-31": {
        "Tax Effect Of Unusual Items": 0.0,
        "Tax Rate For Calcs": 0.4,
        "Normalized EBITDA": 1134000.0,
        "Total Unusual Items": NaN,
        "Total Unusual Items Excluding Goodwill": NaN,
        "Net Income From Continuing Operation Net Minority Interest": -1484000.0,
        "Reconciled Depreciation": 2051000.0,
        "Reconciled Cost Of Revenue": 57649000.0,
        "EBIT": -917000.0,
        "Net Interest Income": 78000.0,
        "Normalized Income": -1484000.0,
        "Net Income From Continuing And Discontinued Operation": -1484000.0,
        "Total Expenses": 70181000.0,
        "Total Operating Income As Reported": -917000.0,
        "Diluted Average Shares": 23079000.0,
        "Basic Average Shares": 23079000.0,
        "Diluted EPS": -0.06,
        "Basic EPS": -0.06,
        "Diluted NI Availto Com Stockholders": -1484000.0,
        "Net Income Common Stockholders": -1484000.0,
        "Net Income": -1484000.0,
        "Net Income Including Noncontrolling Interests": -1484000.0,
        "Net Income Discontinuous Operations": NaN,
        "Net Income Continuous Operations": -1484000.0,
        "Tax Provision": 645000.0,
        "Pretax Income": -839000.0,
        "Special Income Charges": NaN,
        "Net Non Operating Interest Income Expense": 78000.0,
        "Total Other Finance Cost": -78000.0,
        "Operating Income": -917000.0,
        "Operating Expense": 12532000.0,
        "Selling General And Administration": 12532000.0,
        "Gross Profit": 11615000.0,
        "Cost Of Revenue": 57649000.0,
        "Total Revenue": 69264000.0,
        "Operating Revenue": 69264000.0
    },
    "2022-12-31": {
        "Tax Effect Of Unusual Items": 0.0,
        "Tax Rate For Calcs": 0.4,
        "Normalized EBITDA": -1943000.0,
        "Total Unusual Items": 0.0,
        "Total Unusual Items Excluding Goodwill": 0.0,
        "Net Income From Continuing Operation Net Minority Interest": -2145000.0,
        "Reconciled Depreciation": 2006000.0,
        "Reconciled Cost Of Revenue": 83348000.0,
        "EBIT": -1943000.0,
        "Net Interest Income": 727000.0,
        "Normalized Income": -2145000.0,
        "Net Income From Continuing And Discontinued Operation": 1322000.0,
        "Total Expenses": 100459000.0,
        "Total Operating Income As Reported": -1943000.0,
        "Diluted Average Shares": 22916000.0,
        "Basic Average Shares": 22916000.0,
        "Diluted EPS": 0.06,
        "Basic EPS": 0.06,
        "Diluted NI Availto Com Stockholders": 1322000.0,
        "Net Income Common Stockholders": 1322000.0,
        "Net Income": 1322000.0,
        "Net Income Including Noncontrolling Interests": 1322000.0,
        "Net Income Discontinuous Operations": 3467000.0,
        "Net Income Continuous Operations": -2145000.0,
        "Tax Provision": 929000.0,
        "Pretax Income": -1216000.0,
        "Special Income Charges": 0.0,
        "Net Non Operating Interest Income Expense": 727000.0,
        "Total Other Finance Cost": -727000.0,
        "Operating Income": -1943000.0,
        "Operating Expense": 17111000.0,
        "Selling General And Administration": 17111000.0,
        "Gross Profit": 15168000.0,
        "Cost Of Revenue": 83348000.0,
        "Total Revenue": 98516000.0,
        "Operating Revenue": 98516000.0
    },
    "2022-09-30": {
        "Tax Effect Of Unusual Items": 0.0,
        "Tax Rate For Calcs": 0.4,
        "Normalized EBITDA": -4585000.0,
        "Total Unusual Items": 0.0,
        "Total Unusual Items Excluding Goodwill": 0.0,
        "Net Income From Continuing Operation Net Minority Interest": -6090000.0,
        "Reconciled Depreciation": 1873000.0,
        "Reconciled Cost Of Revenue": 55602000.0,
        "EBIT": -6458000.0,
        "Net Interest Income": 554000.0,
        "Normalized Income": -6090000.0,
        "Net Income From Continuing And Discontinued Operation": -6090000.0,
        "Total Expenses": 71943000.0,
        "Total Operating Income As Reported": -6458000.0,
        "Diluted Average Shares": 22644000.0,
        "Basic Average Shares": 22644000.0,
        "Diluted EPS": -0.27,
        "Basic EPS": -0.27,
        "Diluted NI Availto Com Stockholders": -6090000.0,
        "Net Income Common Stockholders": -6090000.0,
        "Net Income": -6090000.0,
        "Net Income Including Noncontrolling Interests": -6090000.0,
        "Net Income Discontinuous Operations": 0.0,
        "Net Income Continuous Operations": -6090000.0,
        "Tax Provision": 186000.0,
        "Pretax Income": -5904000.0,
        "Special Income Charges": 0.0,
        "Net Non Operating Interest Income Expense": 554000.0,
        "Total Other Finance Cost": -554000.0,
        "Operating Income": -6458000.0,
        "Operating Expense": 16341000.0,
        "Selling General And Administration": 16341000.0,
        "Gross Profit": 9883000.0,
        "Cost Of Revenue": 55602000.0,
        "Total Revenue": 65485000.0,
        "Operating Revenue": 65485000.0
    },
    "2022-06-30": {
        "Tax Effect Of Unusual Items": 0.0,
        "Tax Rate For Calcs": 0.4,
        "Normalized EBITDA": -2748000.0,
        "Total Unusual Items": NaN,
        "Total Unusual Items Excluding Goodwill": NaN,
        "Net Income From Continuing Operation Net Minority Interest": -4503000.0,
        "Reconciled Depreciation": 1722000.0,
        "Reconciled Cost Of Revenue": 55027000.0,
        "EBIT": -4470000.0,
        "Net Interest Income": 151000.0,
        "Normalized Income": -4503000.0,
        "Net Income From Continuing And Discontinued Operation": -4323000.0,
        "Total Expenses": 69104000.0,
        "Total Operating Income As Reported": -4470000.0,
        "Diluted Average Shares": 22650000.0,
        "Basic Average Shares": 22650000.0,
        "Diluted EPS": -0.19,
        "Basic EPS": -0.19,
        "Diluted NI Availto Com Stockholders": -4323000.0,
        "Net Income Common Stockholders": -4323000.0,
        "Net Income": -4323000.0,
        "Net Income Including Noncontrolling Interests": -4323000.0,
        "Net Income Discontinuous Operations": 180000.0,
        "Net Income Continuous Operations": -4503000.0,
        "Tax Provision": 184000.0,
        "Pretax Income": -4319000.0,
        "Special Income Charges": NaN,
        "Net Non Operating Interest Income Expense": 151000.0,
        "Total Other Finance Cost": -151000.0,
        "Operating Income": -4470000.0,
        "Operating Expense": 14077000.0,
        "Selling General And Administration": 14077000.0,
        "Gross Profit": 9607000.0,
        "Cost Of Revenue": 55027000.0,
        "Total Revenue": 64634000.0,
        "Operating Revenue": 64634000.0
    },
    "2022-03-31": {
        "Diluted EPS": -0.33,
        "Total Revenue": 66,
        "Gross Profit": 9,
        "Operating Income": -7,
        "EBIT": -5,
        "Net Income": -7
    },
    "2021-12-31": {
        "Diluted EPS": -0.06,
        "Total Revenue": 94,
        "Gross Profit": 16,
        "Operating Income": -1,
        "EBIT": 1,
        "Net Income": 0
    },
    "2021-09-30": {
        "Diluted EPS": 7.39,
        "Total Revenue": 61,
        "Gross Profit": 11,
        "Operating Income": -5,
        "EBIT": -3,
        "Net Income": 157
    },
    "2021-06-30": {
        "Diluted EPS": -0.36,
        "Total Revenue": 61,
        "Gross Profit": 11,
        "Operating Income": -4,
        "EBIT": -2,
        "Net Income": -8
    },
    "2021-03-31": {
        "Diluted EPS": -0.1,
        "Total Revenue": 61,
        "Gross Profit": 12,
        "Operating Income": -1,
        "EBIT": 1,
        "Net Income": -2
    },
    "2020-12-31": {
        "Diluted EPS": -0.07,
        "Total Revenue": 72,
        "Gross Profit": 6,
        "Operating Income": -2,
        "EBIT": 0,
        "Net Income": -1
    },
    "2020-09-30": {
        "Diluted EPS": -0.13,
        "Total Revenue": 59,
        "Gross Profit": 11,
        "Operating Income": -3,
        "EBIT": -1,
        "Net Income": -3
    },
    "2020-06-30": {
        "Diluted EPS": -0.04,
        "Total Revenue": 65,
        "Gross Profit": 14,
        "Operating Income": 1,
        "EBIT": 3,
        "Net Income": -1
    },
    "2020-03-31": {
        "Diluted EPS": -0.01,
        "Total Revenue": 77,
        "Gross Profit": 20,
        "Operating Income": 1,
        "EBIT": 3,
        "Net Income": 0
    },
    "2019-12-31": {
        "Diluted EPS": 0.08,
        "Total Revenue": 85,
        "Gross Profit": 21,
        "Operating Income": 3,
        "EBIT": 5,
        "Net Income": 2
    },
    "2019-09-30": {
        "Diluted EPS": -0.08,
        "Total Revenue": 68,
        "Gross Profit": 18,
        "Operating Income": -1,
        "EBIT": 1,
        "Net Income": -2
    },
    "2019-06-30": {
        "Diluted EPS": -0.05,
        "Total Revenue": 69,
        "Gross Profit": 18,
        "Operating Income": 0,
        "EBIT": 2,
        "Net Income": -1
    },
    "2019-03-31": {
        "Diluted EPS": -0.06,
        "Total Revenue": 72,
        "Gross Profit": 18,
        "Operating Income": 0,
        "EBIT": 2,
        "Net Income": -1
    },
    "2018-12-31": {
        "Diluted EPS": 0.17,
        "Total Revenue": 93,
        "Gross Profit": 24,
        "Operating Income": 5,
        "EBIT": 7,
        "Net Income": 3
    },
    "2018-09-30": {
        "Diluted EPS": -0.04,
        "Total Revenue": 78,
        "Gross Profit": 20,
        "Operating Income": 1,
        "EBIT": 3,
        "Net Income": -1
    },
    "2018-06-30": {
        "Diluted EPS": -0.03,
        "Total Revenue": 77,
        "Gross Profit": 20,
        "Operating Income": 1,
        "EBIT": 4,
        "Net Income": -1
    },
    "2018-03-31": {
        "Diluted EPS": -0.04,
        "Total Revenue": 78,
        "Gross Profit": 21,
        "Operating Income": 1,
        "EBIT": 4,
        "Net Income": -1
    },
    "2017-12-31": {
        "Diluted EPS": 0.2,
        "Total Revenue": 93,
        "Gross Profit": 24,
        "Operating Income": 4,
        "EBIT": 8,
        "Net Income": 4
    },
    "2017-09-30": {
        "Diluted EPS": -0.01,
        "Total Revenue": 77,
        "Gross Profit": 19,
        "Operating Income": 1,
        "EBIT": 5,
        "Net Income": 0
    },
    "2017-06-30": {
        "Diluted EPS": -0.14,
        "Total Revenue": 78,
        "Gross Profit": 19,
        "Operating Income": -2,
        "EBIT": 2,
        "Net Income": -3
    },
    "2017-03-31": {
        "Diluted EPS": -0.26,
        "Total Revenue": 79,
        "Gross Profit": 18,
        "Operating Income": -3,
        "EBIT": 1,
        "Net Income": -5
    },
    "2016-12-31": {
        "Diluted EPS": -0.19,
        "Total Revenue": 102,
        "Gross Profit": 21,
        "Operating Income": -2,
        "EBIT": 3,
        "Net Income": -4
    },
    "2016-09-30": {
        "Diluted EPS": -0.06,
        "Total Revenue": 80,
        "Gross Profit": 18,
        "Operating Income": 0,
        "EBIT": 4,
        "Net Income": -1
    },
    "2016-06-30": {
        "Diluted EPS": -0.12,
        "Total Revenue": 77,
        "Gross Profit": 17,
        "Operating Income": -1,
        "EBIT": 2,
        "Net Income": -2
    },
    "2016-03-31": {
        "Diluted EPS": -0.04,
        "Total Revenue": 75,
        "Gross Profit": 18,
        "Operating Income": 0,
        "EBIT": 4,
        "Net Income": -1
    },
    "2015-12-31": {
        "Diluted EPS": -0.03,
        "Total Revenue": 90,
        "Gross Profit": 20,
        "Operating Income": 1,
        "EBIT": 5,
        "Net Income": -1
    },
    "2015-09-30": {
        "Diluted EPS": -0.21,
        "Total Revenue": 71,
        "Gross Profit": 16,
        "Operating Income": -3,
        "EBIT": 1,
        "Net Income": -4
    },
    "2015-06-30": {
        "Diluted EPS": -0.11,
        "Total Revenue": 63,
        "Gross Profit": 13,
        "Operating Income": -1,
        "EBIT": 2,
        "Net Income": -2
    },
    "2015-03-31": {
        "Diluted EPS": -0.1,
        "Total Revenue": 64,
        "Gross Profit": 12,
        "Operating Income": -1,
        "EBIT": 2,
        "Net Income": -2
    },
    "2014-12-31": {
        "Diluted EPS": 0.12,
        "Total Revenue": 79,
        "Gross Profit": 15,
        "Operating Income": 2,
        "EBIT": 5,
        "Net Income": 2
    },
    "2014-09-30": {
        "Diluted EPS": -0.15,
        "Total Revenue": 57,
        "Gross Profit": 10,
        "Operating Income": -2,
        "EBIT": 0,
        "Net Income": -3
    },
    "2014-06-30": {
        "Diluted EPS": -0.14,
        "Total Revenue": 54,
        "Gross Profit": 9,
        "Operating Income": -2,
        "EBIT": 1,
        "Net Income": -2
    },
    "2014-03-31": {
        "Diluted EPS": -0.11,
        "Total Revenue": 57,
        "Gross Profit": 10,
        "Operating Income": -1,
        "EBIT": 1,
        "Net Income": -2
    },
    "2013-12-31": {
        "Diluted EPS": 0.0,
        "Total Revenue": 67,
        "Gross Profit": 12,
        "Operating Income": 0,
        "EBIT": 3,
        "Net Income": 0
    },
    "2013-09-30": {
        "Diluted EPS": -0.12,
        "Total Revenue": 54,
        "Gross Profit": 9,
        "Operating Income": -2,
        "EBIT": 1,
        "Net Income": -2
    },
    "2013-06-30": {
        "Diluted EPS": -0.07,
        "Total Revenue": 58,
        "Gross Profit": 10,
        "Operating Income": -1,
        "EBIT": 2,
        "Net Income": -1
    },
    "2013-03-31": {
        "Diluted EPS": -0.2,
        "Total Revenue": 63,
        "Gross Profit": 11,
        "Operating Income": -2,
        "EBIT": 0,
        "Net Income": -3
    },
    "2012-12-31": {
        "Diluted EPS": 0.05,
        "Total Revenue": 77,
        "Gross Profit": 12,
        "Operating Income": 1,
        "EBIT": 3,
        "Net Income": 1
    },
    "2012-09-30": {
        "Diluted EPS": -0.03,
        "Total Revenue": 65,
        "Gross Profit": 9,
        "Operating Income": 0,
        "EBIT": 3,
        "Net Income": 0
    },
    "2012-06-30": {
        "Diluted EPS": -0.04,
        "Total Revenue": 67,
        "Gross Profit": 10,
        "Operating Income": 0,
        "EBIT": 2,
        "Net Income": -1
    },
    "2012-03-31": {
        "Diluted EPS": -0.1,
        "Total Revenue": 73,
        "Gross Profit": 10,
        "Operating Income": -1,
        "EBIT": 1,
        "Net Income": -1
    },
    "2011-12-31": {
        "Diluted EPS": 0.06,
        "Total Revenue": 87,
        "Gross Profit": 11,
        "Operating Income": 1,
        "EBIT": 3,
        "Net Income": 1
    },
    "2011-09-30": {
        "Diluted EPS": -0.14,
        "Total Revenue": 71,
        "Gross Profit": 8,
        "Operating Income": -1,
        "EBIT": 0,
        "Net Income": -2
    },
    "2011-06-30": {
        "Diluted EPS": -0.1,
        "Total Revenue": 68,
        "Gross Profit": 9,
        "Operating Income": -1,
        "EBIT": 1,
        "Net Income": -1
    },
    "2011-03-31": {
        "Diluted EPS": -0.19,
        "Total Revenue": 72,
        "Gross Profit": 8,
        "Operating Income": -1,
        "EBIT": 0,
        "Net Income": -2
    },
    "2010-12-31": {
        "Diluted EPS": -0.22,
        "Total Revenue": 76,
        "Gross Profit": 57,
        "Operating Income": 54,
        "EBIT": 55,
        "Net Income": -3
    },
    "2010-09-30": {
        "Diluted EPS": -0.16,
        "Total Revenue": 80,
        "Gross Profit": 9,
        "Operating Income": -2,
        "EBIT": 0,
        "Net Income": -2
    },
    "2010-06-30": {
        "Diluted EPS": -0.14,
        "Total Revenue": 82,
        "Gross Profit": 9,
        "Operating Income": -1,
        "EBIT": 0,
        "Net Income": -1
    },
    "2010-03-31": {
        "Diluted EPS": -0.12,
        "Total Revenue": 88,
        "Gross Profit": 10,
        "Operating Income": -1,
        "EBIT": 1,
        "Net Income": -1
    },
    "2009-12-31": {
        "Diluted EPS": -0.1,
        "Total Revenue": 96,
        "Gross Profit": 86,
        "Operating Income": 84,
        "EBIT": 85,
        "Net Income": -1
    },
    "2009-09-30": {
        "Diluted EPS": -0.09,
        "Total Revenue": 86,
        "Gross Profit": 10,
        "Operating Income": 0,
        "EBIT": 1,
        "Net Income": -1
    },
    "2009-06-30": {
        "Diluted EPS": -0.26,
        "Total Revenue": 82,
        "Gross Profit": 8,
        "Operating Income": -2,
        "EBIT": -1,
        "Net Income": -3
    },
    "2009-03-31": {
        "Diluted EPS": -0.02,
        "Total Revenue": 89,
        "Gross Profit": 11,
        "Operating Income": 1,
        "EBIT": 3,
        "Net Income": 0
    },
    "2023-06-30": {
        "Tax Effect Of Unusual Items": 0.0,
        "Tax Rate For Calcs": 0.085714,
        "Normalized EBITDA": 1661000.0,
        "Total Unusual Items": NaN,
        "Total Unusual Items Excluding Goodwill": NaN,
        "Net Income From Continuing Operation Net Minority Interest": -128000.0,
        "Reconciled Depreciation": 2055000.0,
        "Reconciled Cost Of Revenue": 56030000.0,
        "EBIT": -394000.0,
        "Net Interest Income": 254000.0,
        "Normalized Income": -128000.0,
        "Net Income From Continuing And Discontinued Operation": -128000.0,
        "Total Expenses": 68316000.0,
        "Total Operating Income As Reported": -394000.0,
        "Diluted Average Shares": 22788000.0,
        "Basic Average Shares": 22788000.0,
        "Diluted EPS": -0.01,
        "Basic EPS": -0.01,
        "Diluted NI Availto Com Stockholders": -128000.0,
        "Net Income Common Stockholders": -128000.0,
        "Net Income": -128000.0,
        "Net Income Including Noncontrolling Interests": -128000.0,
        "Net Income Discontinuous Operations": 0.0,
        "Net Income Continuous Operations": -128000.0,
        "Tax Provision": -12000.0,
        "Pretax Income": -140000.0,
        "Special Income Charges": NaN,
        "Net Non Operating Interest Income Expense": 254000.0,
        "Total Other Finance Cost": -254000.0,
        "Operating Income": -394000.0,
        "Operating Expense": 12286000.0,
        "Selling General And Administration": 12286000.0,
        "Gross Profit": 11892000.0,
        "Cost Of Revenue": 56030000.0,
        "Total Revenue": 67922000.0,
        "Operating Revenue": 67922000.0
    }
}