{
    "2023-06-30": {
        "Tax Effect Of Unusual Items": 0.0,
        "Tax Rate For Calcs": 0.2741,
        "Total Unusual Items": 0.0,
        "Total Unusual Items Excluding Goodwill": 0.0,
        "Net Income From Continuing Operation Net Minority Interest": 13145000.0,
        "Reconciled Depreciation": 1245000.0,
        "Net Interest Income": 38921000.0,
        "Interest Expense": 35931000.0,
        "Interest Income": 74852000.0,
        "Normalized Income": 13145000.0,
        "Net Income From Continuing And Discontinued Operation": 13145000.0,
        "Diluted Average Shares": 18078848.0,
        "Basic Average Shares": 17930611.0,
        "Diluted EPS": 0.73,
        "Basic EPS": 0.73,
        "Diluted NI Availto Com Stockholders": 13145000.0,
        "Net Income Common Stockholders": 13145000.0,
        "Net Income": 13145000.0,
        "Net Income Including Noncontrolling Interests": 13145000.0,
        "Net Income Continuous Operations": 13145000.0,
        "Tax Provision": 4963000.0,
        "Pretax Income": 18108000.0,
        "Special Income Charges": 0.0,
        "Restructuring And Mergern Acquisition": 0.0,
        "Gain On Sale Of Security": -209000.0,
        "Depreciation Amortization Depletion Income Statement": 355000.0,
        "Depreciation And Amortization In Income Statement": 355000.0,
        "Amortization": 355000.0,
        "Amortization Of Intangibles Income Statement": 355000.0,
        "Selling General And Administration": 28151000.0,
        "Selling And Marketing Expense": 706000.0,
        "General And Administrative Expense": 27445000.0,
        "Other Gand A": 362000.0,
        "Insurance And Claims": 729000.0,
        "Salaries And Wages": 26354000.0,
        "Total Revenue": 57496000.0,
        "Operating Revenue": 57496000.0,
        "Occupancy And Equipment": 4729000.0,
        "Professional Expense And Contract Services Expense": 1179000.0,
        "Other Non Interest Expense": 3278000.0
    },
    "2023-03-31": {
        "Tax Effect Of Unusual Items": NaN,
        "Tax Rate For Calcs": NaN,
        "Total Unusual Items": NaN,
        "Total Unusual Items Excluding Goodwill": NaN,
        "Net Income From Continuing Operation Net Minority Interest": NaN,
        "Reconciled Depreciation": NaN,
        "Net Interest Income": NaN,
        "Interest Expense": NaN,
        "Interest Income": NaN,
        "Normalized Income": NaN,
        "Net Income From Continuing And Discontinued Operation": NaN,
        "Diluted Average Shares": NaN,
        "Basic Average Shares": NaN,
        "Diluted EPS": NaN,
        "Basic EPS": NaN,
        "Diluted NI Availto Com Stockholders": NaN,
        "Net Income Common Stockholders": NaN,
        "Net Income": NaN,
        "Net Income Including Noncontrolling Interests": NaN,
        "Net Income Continuous Operations": NaN,
        "Tax Provision": NaN,
        "Pretax Income": NaN,
        "Special Income Charges": NaN,
        "Restructuring And Mergern Acquisition": NaN,
        "Gain On Sale Of Security": NaN,
        "Depreciation Amortization Depletion Income Statement": NaN,
        "Depreciation And Amortization In Income Statement": NaN,
        "Amortization": NaN,
        "Amortization Of Intangibles Income Statement": NaN,
        "Selling General And Administration": NaN,
        "Selling And Marketing Expense": NaN,
        "General And Administrative Expense": NaN,
        "Other Gand A": 369000.0,
        "Insurance And Claims": NaN,
        "Salaries And Wages": NaN,
        "Total Revenue": NaN,
        "Operating Revenue": NaN,
        "Occupancy And Equipment": NaN,
        "Professional Expense And Contract Services Expense": NaN,
        "Other Non Interest Expense": NaN
    },
    "2022-12-31": {
        "Tax Effect Of Unusual Items": NaN,
        "Tax Rate For Calcs": NaN,
        "Total Unusual Items": NaN,
        "Total Unusual Items Excluding Goodwill": NaN,
        "Net Income From Continuing Operation Net Minority Interest": NaN,
        "Reconciled Depreciation": NaN,
        "Net Interest Income": NaN,
        "Interest Expense": NaN,
        "Interest Income": NaN,
        "Normalized Income": NaN,
        "Net Income From Continuing And Discontinued Operation": NaN,
        "Diluted Average Shares": NaN,
        "Basic Average Shares": NaN,
        "Diluted EPS": NaN,
        "Basic EPS": NaN,
        "Diluted NI Availto Com Stockholders": NaN,
        "Net Income Common Stockholders": NaN,
        "Net Income": NaN,
        "Net Income Including Noncontrolling Interests": NaN,
        "Net Income Continuous Operations": NaN,
        "Tax Provision": NaN,
        "Pretax Income": NaN,
        "Special Income Charges": NaN,
        "Restructuring And Mergern Acquisition": NaN,
        "Gain On Sale Of Security": NaN,
        "Depreciation Amortization Depletion Income Statement": NaN,
        "Depreciation And Amortization In Income Statement": NaN,
        "Amortization": NaN,
        "Amortization Of Intangibles Income Statement": NaN,
        "Selling General And Administration": NaN,
        "Selling And Marketing Expense": NaN,
        "General And Administrative Expense": NaN,
        "Other Gand A": 375000.0,
        "Insurance And Claims": NaN,
        "Salaries And Wages": NaN,
        "Total Revenue": NaN,
        "Operating Revenue": NaN,
        "Occupancy And Equipment": NaN,
        "Professional Expense And Contract Services Expense": NaN,
        "Other Non Interest Expense": NaN
    },
    "2022-09-30": {
        "Tax Effect Of Unusual Items": NaN,
        "Tax Rate For Calcs": NaN,
        "Total Unusual Items": NaN,
        "Total Unusual Items Excluding Goodwill": NaN,
        "Net Income From Continuing Operation Net Minority Interest": NaN,
        "Reconciled Depreciation": NaN,
        "Net Interest Income": NaN,
        "Interest Expense": NaN,
        "Interest Income": NaN,
        "Normalized Income": NaN,
        "Net Income From Continuing And Discontinued Operation": NaN,
        "Diluted Average Shares": NaN,
        "Basic Average Shares": NaN,
        "Diluted EPS": NaN,
        "Basic EPS": NaN,
        "Diluted NI Availto Com Stockholders": NaN,
        "Net Income Common Stockholders": NaN,
        "Net Income": NaN,
        "Net Income Including Noncontrolling Interests": NaN,
        "Net Income Continuous Operations": NaN,
        "Tax Provision": NaN,
        "Pretax Income": NaN,
        "Special Income Charges": NaN,
        "Restructuring And Mergern Acquisition": NaN,
        "Gain On Sale Of Security": NaN,
        "Depreciation Amortization Depletion Income Statement": NaN,
        "Depreciation And Amortization In Income Statement": NaN,
        "Amortization": NaN,
        "Amortization Of Intangibles Income Statement": NaN,
        "Selling General And Administration": NaN,
        "Selling And Marketing Expense": NaN,
        "General And Administrative Expense": NaN,
        "Other Gand A": 403000.0,
        "Insurance And Claims": NaN,
        "Salaries And Wages": NaN,
        "Total Revenue": NaN,
        "Operating Revenue": NaN
    },
    "2022-06-30": {
        "Tax Effect Of Unusual Items": 0.0,
        "Tax Rate For Calcs": 0.2635,
        "Total Unusual Items": 0.0,
        "Total Unusual Items Excluding Goodwill": 0.0,
        "Net Income From Continuing Operation Net Minority Interest": 20100000.0,
        "Reconciled Depreciation": 1247000.0,
        "Net Interest Income": 42893000.0,
        "Interest Expense": 5627000.0,
        "Interest Income": 48520000.0,
        "Normalized Income": 20100000.0,
        "Net Income From Continuing And Discontinued Operation": 20100000.0,
        "Diluted Average Shares": 18637340.0,
        "Basic Average Shares": 18325605.0,
        "Diluted EPS": 1.08,
        "Basic EPS": 1.1,
        "Diluted NI Availto Com Stockholders": 20100000.0,
        "Net Income Common Stockholders": 20100000.0,
        "Net Income": 20100000.0,
        "Net Income Including Noncontrolling Interests": 20100000.0,
        "Net Income Continuous Operations": 20100000.0,
        "Tax Provision": 7193000.0,
        "Pretax Income": 27293000.0,
        "Special Income Charges": 0.0,
        "Restructuring And Mergern Acquisition": 0.0,
        "Gain On Sale Of Security": -475000.0,
        "Depreciation Amortization Depletion Income Statement": 389000.0,
        "Depreciation And Amortization In Income Statement": 389000.0,
        "Amortization": 389000.0,
        "Amortization Of Intangibles Income Statement": 389000.0,
        "Selling General And Administration": 22385000.0,
        "Selling And Marketing Expense": 681000.0,
        "General And Administrative Expense": 22385000.0,
        "Other Gand A": 348000.0,
        "Insurance And Claims": 503000.0,
        "Salaries And Wages": 21882000.0,
        "Total Revenue": 61401000.0,
        "Operating Revenue": 61401000.0
    },
    "2022-03-31": {
        "Diluted EPS": 0.71,
        "Total Revenue": 59,
        "Gross Profit": 54,
        "Operating Income": 18,
        "EBIT": NaN,
        "Net Income": 13
    },
    "2021-12-31": {
        "Diluted EPS": 0.78,
        "Total Revenue": 61,
        "Gross Profit": 56,
        "Operating Income": 21,
        "EBIT": NaN,
        "Net Income": 15
    },
    "2021-09-30": {
        "Diluted EPS": 0.74,
        "Total Revenue": 58,
        "Gross Profit": 53,
        "Operating Income": 19,
        "EBIT": NaN,
        "Net Income": 14
    },
    "2021-06-30": {
        "Diluted EPS": 0.74,
        "Total Revenue": 57,
        "Gross Profit": 52,
        "Operating Income": 20,
        "EBIT": NaN,
        "Net Income": 14
    },
    "2021-03-31": {
        "Diluted EPS": 0.67,
        "Total Revenue": 56,
        "Gross Profit": 50,
        "Operating Income": 18,
        "EBIT": NaN,
        "Net Income": 13
    },
    "2020-12-31": {
        "Diluted EPS": 0.16,
        "Total Revenue": 53,
        "Gross Profit": 46,
        "Operating Income": 5,
        "EBIT": NaN,
        "Net Income": 3
    },
    "2020-09-30": {
        "Diluted EPS": 0.71,
        "Total Revenue": 60,
        "Gross Profit": 52,
        "Operating Income": 19,
        "EBIT": NaN,
        "Net Income": 14
    },
    "2020-06-30": {
        "Diluted EPS": 0.43,
        "Total Revenue": 54,
        "Gross Profit": 45,
        "Operating Income": 11,
        "EBIT": NaN,
        "Net Income": 8
    },
    "2020-03-31": {
        "Diluted EPS": 0.07,
        "Total Revenue": 60,
        "Gross Profit": 46,
        "Operating Income": -2,
        "EBIT": NaN,
        "Net Income": 1
    },
    "2019-12-31": {
        "Diluted EPS": 0.64,
        "Total Revenue": 61,
        "Gross Profit": 46,
        "Operating Income": 18,
        "EBIT": NaN,
        "Net Income": 12
    },
    "2019-09-30": {
        "Diluted EPS": 0.63,
        "Total Revenue": 60,
        "Gross Profit": 45,
        "Operating Income": 17,
        "EBIT": NaN,
        "Net Income": 12
    },
    "2019-06-30": {
        "Diluted EPS": 0.59,
        "Total Revenue": 58,
        "Gross Profit": 42,
        "Operating Income": 15,
        "EBIT": NaN,
        "Net Income": 12
    },
    "2019-03-31": {
        "Diluted EPS": 0.58,
        "Total Revenue": 56,
        "Gross Profit": 42,
        "Operating Income": 16,
        "EBIT": NaN,
        "Net Income": 11
    },
    "2018-12-31": {
        "Diluted EPS": 0.56,
        "Total Revenue": 54,
        "Gross Profit": 41,
        "Operating Income": 14,
        "EBIT": NaN,
        "Net Income": 11
    },
    "2018-09-30": {
        "Diluted EPS": 0.56,
        "Total Revenue": 51,
        "Gross Profit": 39,
        "Operating Income": 14,
        "EBIT": NaN,
        "Net Income": 11
    },
    "2018-06-30": {
        "Diluted EPS": 0.62,
        "Total Revenue": 51,
        "Gross Profit": 41,
        "Operating Income": 16,
        "EBIT": NaN,
        "Net Income": 12
    },
    "2018-03-31": {
        "Diluted EPS": 0.57,
        "Total Revenue": 47,
        "Gross Profit": 39,
        "Operating Income": 14,
        "EBIT": NaN,
        "Net Income": 11
    },
    "2017-12-31": {
        "Diluted EPS": 0.56,
        "Total Revenue": 47,
        "Gross Profit": 39,
        "Operating Income": 13,
        "EBIT": NaN,
        "Net Income": 10
    },
    "2017-09-30": {
        "Diluted EPS": 0.56,
        "Total Revenue": 46,
        "Gross Profit": 39,
        "Operating Income": 16,
        "EBIT": NaN,
        "Net Income": 10
    },
    "2017-06-30": {
        "Diluted EPS": 0.45,
        "Total Revenue": 42,
        "Gross Profit": 35,
        "Operating Income": 13,
        "EBIT": NaN,
        "Net Income": 8
    },
    "2017-03-31": {
        "Diluted EPS": 0.46,
        "Total Revenue": 38,
        "Gross Profit": 33,
        "Operating Income": 12,
        "EBIT": NaN,
        "Net Income": 8
    },
    "2016-12-31": {
        "Diluted EPS": 0.43,
        "Total Revenue": 38,
        "Gross Profit": 32,
        "Operating Income": 12,
        "EBIT": NaN,
        "Net Income": 7
    },
    "2016-09-30": {
        "Diluted EPS": 0.43,
        "Total Revenue": 37,
        "Gross Profit": 32,
        "Operating Income": 12,
        "EBIT": NaN,
        "Net Income": 7
    },
    "2016-06-30": {
        "Diluted EPS": 0.4,
        "Total Revenue": 36,
        "Gross Profit": 32,
        "Operating Income": 11,
        "EBIT": NaN,
        "Net Income": 7
    },
    "2016-03-31": {
        "Diluted EPS": 0.34,
        "Total Revenue": 34,
        "Gross Profit": 30,
        "Operating Income": 9,
        "EBIT": NaN,
        "Net Income": 5
    },
    "2015-12-31": {
        "Diluted EPS": 0.27,
        "Total Revenue": 33,
        "Gross Profit": 29,
        "Operating Income": 7,
        "EBIT": NaN,
        "Net Income": 4
    },
    "2015-09-30": {
        "Diluted EPS": 0.35,
        "Total Revenue": 31,
        "Gross Profit": 27,
        "Operating Income": 9,
        "EBIT": NaN,
        "Net Income": 5
    },
    "2015-06-30": {
        "Diluted EPS": 0.34,
        "Total Revenue": 30,
        "Gross Profit": 27,
        "Operating Income": 8,
        "EBIT": NaN,
        "Net Income": 5
    },
    "2015-03-31": {
        "Diluted EPS": 0.33,
        "Total Revenue": 28,
        "Gross Profit": 25,
        "Operating Income": 8,
        "EBIT": NaN,
        "Net Income": 5
    },
    "2014-12-31": {
        "Diluted EPS": 0.32,
        "Total Revenue": 26,
        "Gross Profit": 24,
        "Operating Income": 7,
        "EBIT": NaN,
        "Net Income": 4
    },
    "2014-09-30": {
        "Diluted EPS": 0.32,
        "Total Revenue": 24,
        "Gross Profit": 22,
        "Operating Income": 6,
        "EBIT": NaN,
        "Net Income": 4
    },
    "2014-06-30": {
        "Diluted EPS": 0.32,
        "Total Revenue": 24,
        "Gross Profit": 22,
        "Operating Income": 6,
        "EBIT": NaN,
        "Net Income": 4
    },
    "2014-03-31": {
        "Diluted EPS": 0.26,
        "Total Revenue": 22,
        "Gross Profit": 21,
        "Operating Income": 5,
        "EBIT": NaN,
        "Net Income": 3
    },
    "2013-12-31": {
        "Diluted EPS": 0.25,
        "Total Revenue": 21,
        "Gross Profit": 20,
        "Operating Income": 4,
        "EBIT": NaN,
        "Net Income": 2
    },
    "2013-09-30": {
        "Diluted EPS": 0.22,
        "Total Revenue": 19,
        "Gross Profit": 18,
        "Operating Income": 3,
        "EBIT": NaN,
        "Net Income": 2
    },
    "2013-06-30": {
        "Diluted EPS": 0.22,
        "Total Revenue": 19,
        "Gross Profit": 18,
        "Operating Income": 3,
        "EBIT": NaN,
        "Net Income": 2
    },
    "2013-03-31": {
        "Diluted EPS": 0.32,
        "Total Revenue": 19,
        "Gross Profit": 18,
        "Operating Income": 5,
        "EBIT": NaN,
        "Net Income": 3
    },
    "2012-12-31": {
        "Diluted EPS": 0.12,
        "Total Revenue": 21,
        "Gross Profit": 20,
        "Operating Income": 2,
        "EBIT": NaN,
        "Net Income": 1
    },
    "2012-09-30": {
        "Diluted EPS": 0.32,
        "Total Revenue": 19,
        "Gross Profit": 17,
        "Operating Income": 5,
        "EBIT": NaN,
        "Net Income": 3
    },
    "2012-06-30": {
        "Diluted EPS": 0.31,
        "Total Revenue": 19,
        "Gross Profit": 18,
        "Operating Income": 4,
        "EBIT": NaN,
        "Net Income": 3
    },
    "2012-03-31": {
        "Diluted EPS": 0.3,
        "Total Revenue": 19,
        "Gross Profit": 18,
        "Operating Income": 5,
        "EBIT": NaN,
        "Net Income": 3
    },
    "2011-12-31": {
        "Diluted EPS": 0.27,
        "Total Revenue": 18,
        "Gross Profit": 17,
        "Operating Income": 4,
        "EBIT": NaN,
        "Net Income": 2
    },
    "2011-09-30": {
        "Diluted EPS": 0.58,
        "Total Revenue": 18,
        "Gross Profit": 16,
        "Operating Income": 4,
        "EBIT": NaN,
        "Net Income": 5
    },
    "2011-06-30": {
        "Diluted EPS": 0.22,
        "Total Revenue": 18,
        "Gross Profit": 17,
        "Operating Income": 3,
        "EBIT": NaN,
        "Net Income": 2
    },
    "2011-03-31": {
        "Diluted EPS": 0.18,
        "Total Revenue": 18,
        "Gross Profit": 16,
        "Operating Income": 3,
        "EBIT": NaN,
        "Net Income": 2
    },
    "2010-12-31": {
        "Diluted EPS": 0.18,
        "Total Revenue": 18,
        "Gross Profit": 16,
        "Operating Income": 1,
        "EBIT": NaN,
        "Net Income": 2
    },
    "2010-09-30": {
        "Diluted EPS": 0.18,
        "Total Revenue": 18,
        "Gross Profit": 16,
        "Operating Income": 3,
        "EBIT": NaN,
        "Net Income": 2
    },
    "2010-06-30": {
        "Diluted EPS": 0.16,
        "Total Revenue": 19,
        "Gross Profit": 16,
        "Operating Income": 3,
        "EBIT": NaN,
        "Net Income": 1
    },
    "2010-03-31": {
        "Diluted EPS": 0.16,
        "Total Revenue": 19,
        "Gross Profit": 16,
        "Operating Income": 3,
        "EBIT": NaN,
        "Net Income": 1
    },
    "2009-12-31": {
        "Diluted EPS": 0.11,
        "Total Revenue": 19,
        "Gross Profit": 15,
        "Operating Income": 2,
        "EBIT": NaN,
        "Net Income": 1
    },
    "2009-09-30": {
        "Diluted EPS": 0.1,
        "Total Revenue": 20,
        "Gross Profit": 16,
        "Operating Income": 2,
        "EBIT": NaN,
        "Net Income": 1
    },
    "2009-06-30": {
        "Diluted EPS": 0.17,
        "Total Revenue": 20,
        "Gross Profit": 16,
        "Operating Income": 3,
        "EBIT": NaN,
        "Net Income": 2
    },
    "2009-03-31": {
        "Diluted EPS": 0.26,
        "Total Revenue": 20,
        "Gross Profit": 15,
        "Operating Income": 4,
        "EBIT": NaN,
        "Net Income": 2
    },
    "2023-09-30": {
        "Tax Effect Of Unusual Items": 0.0,
        "Tax Rate For Calcs": 0.3052,
        "Total Unusual Items": 0.0,
        "Total Unusual Items Excluding Goodwill": 0.0,
        "Net Income From Continuing Operation Net Minority Interest": 8755000.0,
        "Reconciled Depreciation": 1290000.0,
        "Net Interest Income": 36515000.0,
        "Interest Expense": 41974000.0,
        "Interest Income": 78489000.0,
        "Normalized Income": 8755000.0,
        "Net Income From Continuing And Discontinued Operation": 8755000.0,
        "Diluted Average Shares": 18010127.0,
        "Basic Average Shares": 17856961.0,
        "Diluted EPS": 0.49,
        "Basic EPS": 0.49,
        "Diluted NI Availto Com Stockholders": 8755000.0,
        "Net Income Common Stockholders": 8755000.0,
        "Net Income": 8755000.0,
        "Net Income Including Noncontrolling Interests": 8755000.0,
        "Net Income Continuous Operations": 8755000.0,
        "Tax Provision": 3845000.0,
        "Pretax Income": 12600000.0,
        "Special Income Charges": 0.0,
        "Restructuring And Mergern Acquisition": 0.0,
        "Gain On Sale Of Security": -404000.0,
        "Depreciation Amortization Depletion Income Statement": 339000.0,
        "Depreciation And Amortization In Income Statement": 339000.0,
        "Amortization": 339000.0,
        "Amortization Of Intangibles Income Statement": 339000.0,
        "Selling General And Administration": 26487000.0,
        "Selling And Marketing Expense": 482000.0,
        "General And Administrative Expense": 26005000.0,
        "Other Gand A": NaN,
        "Insurance And Claims": 741000.0,
        "Salaries And Wages": 25264000.0,
        "Total Revenue": 55869000.0,
        "Operating Revenue": 55869000.0,
        "Occupancy And Equipment": 5214000.0,
        "Professional Expense And Contract Services Expense": 1619000.0,
        "Other Non Interest Expense": 3754000.0
    },
    "2023-12-31": {
        "Tax Effect Of Unusual Items": -101467.779403,
        "Tax Rate For Calcs": 0.260174,
        "Total Unusual Items": -390000.0,
        "Total Unusual Items Excluding Goodwill": -390000.0,
        "Net Income From Continuing Operation Net Minority Interest": 8599000.0,
        "Reconciled Depreciation": 1239000.0,
        "Net Interest Income": 36675000.0,
        "Interest Expense": 43503000.0,
        "Interest Income": 80178000.0,
        "Normalized Income": 8887532.220597,
        "Net Income From Continuing And Discontinued Operation": 8599000.0,
        "Diluted Average Shares": 17961400.0,
        "Basic Average Shares": 17770158.0,
        "Diluted EPS": 0.48,
        "Basic EPS": 0.48,
        "Diluted NI Availto Com Stockholders": 8599000.0,
        "Net Income Common Stockholders": 8599000.0,
        "Net Income": 8599000.0,
        "Net Income Including Noncontrolling Interests": 8599000.0,
        "Net Income Continuous Operations": 8599000.0,
        "Tax Provision": 3024000.0,
        "Pretax Income": 11623000.0,
        "Special Income Charges": -390000.0,
        "Restructuring And Mergern Acquisition": 390000.0,
        "Gain On Sale Of Security": 585000.0,
        "Depreciation Amortization Depletion Income Statement": 271000.0,
        "Depreciation And Amortization In Income Statement": 271000.0,
        "Amortization": 271000.0,
        "Amortization Of Intangibles Income Statement": 271000.0,
        "Selling General And Administration": 25373000.0,
        "Selling And Marketing Expense": 288000.0,
        "General And Administrative Expense": 25085000.0,
        "Other Gand A": NaN,
        "Insurance And Claims": 765000.0,
        "Salaries And Wages": 24320000.0,
        "Total Revenue": 50428000.0,
        "Operating Revenue": 50428000.0,
        "Occupancy And Equipment": 5416000.0,
        "Professional Expense And Contract Services Expense": 1567000.0,
        "Other Non Interest Expense": 762000.0
    },
    "2024-03-31": {
        "Tax Effect Of Unusual Items": 0.0,
        "Tax Rate For Calcs": 0.3044,
        "Total Unusual Items": 0.0,
        "Total Unusual Items Excluding Goodwill": 0.0,
        "Net Income From Continuing Operation Net Minority Interest": 8631000.0,
        "Reconciled Depreciation": 1238000.0,
        "Net Interest Income": 34375000.0,
        "Interest Expense": 44819000.0,
        "Interest Income": 79194000.0,
        "Normalized Income": 8631000.0,
        "Net Income From Continuing And Discontinued Operation": 8631000.0,
        "Diluted Average Shares": 17805347.0,
        "Basic Average Shares": 17711639.0,
        "Diluted EPS": 0.48,
        "Basic EPS": 0.49,
        "Diluted NI Availto Com Stockholders": 8631000.0,
        "Net Income Common Stockholders": 8631000.0,
        "Net Income": 8631000.0,
        "Net Income Including Noncontrolling Interests": 8631000.0,
        "Net Income Continuous Operations": 8631000.0,
        "Tax Provision": 3777000.0,
        "Pretax Income": 12408000.0,
        "Special Income Charges": 0.0,
        "Restructuring And Mergern Acquisition": 0.0,
        "Gain On Sale Of Security": -111000.0,
        "Depreciation Amortization Depletion Income Statement": 272000.0,
        "Depreciation And Amortization In Income Statement": 272000.0,
        "Amortization": 272000.0,
        "Amortization Of Intangibles Income Statement": 272000.0,
        "Selling General And Administration": 30159000.0,
        "Selling And Marketing Expense": 343000.0,
        "General And Administrative Expense": 29816000.0,
        "Other Gand A": 395000.0,
        "Insurance And Claims": 945000.0,
        "Salaries And Wages": 28476000.0,
        "Total Revenue": 52138000.0,
        "Operating Revenue": 52138000.0,
        "Occupancy And Equipment": 5081000.0,
        "Professional Expense And Contract Services Expense": 1362000.0,
        "Other Non Interest Expense": 2229000.0
    },
    "2024-06-30": {
        "Tax Effect Of Unusual Items": 0.0,
        "Tax Rate For Calcs": 0.212343,
        "Total Unusual Items": 0.0,
        "Total Unusual Items Excluding Goodwill": 0.0,
        "Net Income From Continuing Operation Net Minority Interest": 7530000.0,
        "Reconciled Depreciation": 1161000.0,
        "Net Interest Income": 35042000.0,
        "Interest Expense": 44196000.0,
        "Interest Income": 79238000.0,
        "Normalized Income": 7530000.0,
        "Net Income From Continuing And Discontinued Operation": 7530000.0,
        "Diluted Average Shares": 17792296.0,
        "Basic Average Shares": 17747070.0,
        "Diluted EPS": 0.42,
        "Basic EPS": 0.42,
        "Diluted NI Availto Com Stockholders": 7530000.0,
        "Net Income Common Stockholders": 7530000.0,
        "Net Income": 7530000.0,
        "Net Income Including Noncontrolling Interests": 7530000.0,
        "Net Income Continuous Operations": 7530000.0,
        "Tax Provision": 2030000.0,
        "Pretax Income": 9560000.0,
        "Special Income Charges": 0.0,
        "Restructuring And Mergern Acquisition": 0.0,
        "Gain On Sale Of Security": -84000.0,
        "Depreciation Amortization Depletion Income Statement": 272000.0,
        "Depreciation And Amortization In Income Statement": 272000.0,
        "Amortization": 272000.0,
        "Amortization Of Intangibles Income Statement": 272000.0,
        "Selling General And Administration": 31379000.0,
        "Selling And Marketing Expense": 625000.0,
        "General And Administrative Expense": 30754000.0,
        "Other Gand A": NaN,
        "Insurance And Claims": 870000.0,
        "Salaries And Wages": 29884000.0,
        "Total Revenue": 55661000.0,
        "Operating Revenue": 55661000.0,
        "Occupancy And Equipment": 5776000.0,
        "Professional Expense And Contract Services Expense": 1693000.0,
        "Other Non Interest Expense": 3070000.0
    }
}