{
    "2023-03-31": {
        "Tax Effect Of Unusual Items": NaN,
        "Tax Rate For Calcs": NaN,
        "Normalized EBITDA": NaN,
        "Total Unusual Items": NaN,
        "Total Unusual Items Excluding Goodwill": NaN,
        "Net Income From Continuing Operation Net Minority Interest": NaN,
        "Reconciled Depreciation": NaN,
        "Reconciled Cost Of Revenue": NaN,
        "EBITDA": NaN,
        "EBIT": NaN,
        "Net Interest Income": NaN,
        "Interest Expense": NaN,
        "Interest Income": NaN,
        "Normalized Income": NaN,
        "Net Income From Continuing And Discontinued Operation": NaN,
        "Total Expenses": NaN,
        "Total Operating Income As Reported": NaN,
        "Diluted Average Shares": NaN,
        "Basic Average Shares": NaN,
        "Diluted EPS": NaN,
        "Basic EPS": NaN,
        "Diluted NI Availto Com Stockholders": NaN,
        "Net Income Common Stockholders": NaN,
        "Net Income": NaN,
        "Net Income Including Noncontrolling Interests": NaN,
        "Net Income Discontinuous Operations": 0.0,
        "Net Income Continuous Operations": NaN,
        "Tax Provision": NaN,
        "Pretax Income": NaN,
        "Other Income Expense": NaN,
        "Other Non Operating Income Expenses": NaN,
        "Special Income Charges": NaN,
        "Impairment Of Capital Assets": NaN,
        "Earnings From Equity Interest": 0.0,
        "Net Non Operating Interest Income Expense": NaN,
        "Interest Expense Non Operating": NaN,
        "Interest Income Non Operating": NaN,
        "Operating Income": NaN,
        "Operating Expense": NaN,
        "Research And Development": NaN,
        "Selling General And Administration": NaN,
        "Gross Profit": NaN,
        "Cost Of Revenue": NaN,
        "Total Revenue": NaN,
        "Operating Revenue": NaN
    },
    "2022-12-31": {
        "Tax Effect Of Unusual Items": NaN,
        "Tax Rate For Calcs": NaN,
        "Normalized EBITDA": NaN,
        "Total Unusual Items": NaN,
        "Total Unusual Items Excluding Goodwill": NaN,
        "Net Income From Continuing Operation Net Minority Interest": NaN,
        "Reconciled Depreciation": NaN,
        "Reconciled Cost Of Revenue": NaN,
        "EBITDA": NaN,
        "EBIT": NaN,
        "Net Interest Income": NaN,
        "Interest Expense": NaN,
        "Interest Income": NaN,
        "Normalized Income": NaN,
        "Net Income From Continuing And Discontinued Operation": NaN,
        "Total Expenses": NaN,
        "Total Operating Income As Reported": NaN,
        "Diluted Average Shares": NaN,
        "Basic Average Shares": NaN,
        "Diluted EPS": NaN,
        "Basic EPS": NaN,
        "Diluted NI Availto Com Stockholders": NaN,
        "Net Income Common Stockholders": NaN,
        "Net Income": NaN,
        "Net Income Including Noncontrolling Interests": NaN,
        "Net Income Discontinuous Operations": 0.0,
        "Net Income Continuous Operations": NaN,
        "Tax Provision": NaN,
        "Pretax Income": NaN,
        "Other Income Expense": NaN,
        "Other Non Operating Income Expenses": NaN,
        "Special Income Charges": NaN,
        "Impairment Of Capital Assets": NaN,
        "Earnings From Equity Interest": 1000.0,
        "Net Non Operating Interest Income Expense": NaN,
        "Interest Expense Non Operating": NaN,
        "Interest Income Non Operating": NaN,
        "Operating Income": NaN,
        "Operating Expense": NaN,
        "Research And Development": NaN,
        "Selling General And Administration": NaN,
        "Gross Profit": NaN,
        "Cost Of Revenue": NaN,
        "Total Revenue": NaN,
        "Operating Revenue": NaN
    },
    "2022-09-30": {
        "Tax Effect Of Unusual Items": NaN,
        "Tax Rate For Calcs": NaN,
        "Normalized EBITDA": NaN,
        "Total Unusual Items": NaN,
        "Total Unusual Items Excluding Goodwill": NaN,
        "Net Income From Continuing Operation Net Minority Interest": NaN,
        "Reconciled Depreciation": NaN,
        "Reconciled Cost Of Revenue": NaN,
        "EBITDA": NaN,
        "EBIT": NaN,
        "Net Interest Income": NaN,
        "Interest Expense": NaN,
        "Interest Income": NaN,
        "Normalized Income": NaN,
        "Net Income From Continuing And Discontinued Operation": NaN,
        "Total Expenses": NaN,
        "Total Operating Income As Reported": NaN,
        "Diluted Average Shares": 200670590.0,
        "Basic Average Shares": 200670590.0,
        "Diluted EPS": 0.44,
        "Basic EPS": 0.44,
        "Diluted NI Availto Com Stockholders": NaN,
        "Net Income Common Stockholders": NaN,
        "Net Income": NaN,
        "Net Income Including Noncontrolling Interests": NaN,
        "Net Income Discontinuous Operations": NaN,
        "Net Income Continuous Operations": NaN,
        "Tax Provision": NaN,
        "Pretax Income": NaN,
        "Other Income Expense": NaN,
        "Other Non Operating Income Expenses": NaN,
        "Special Income Charges": NaN,
        "Impairment Of Capital Assets": NaN,
        "Earnings From Equity Interest": NaN,
        "Net Non Operating Interest Income Expense": NaN,
        "Interest Expense Non Operating": NaN,
        "Interest Income Non Operating": NaN,
        "Operating Income": NaN,
        "Operating Expense": NaN,
        "Research And Development": NaN,
        "Selling General And Administration": NaN,
        "Gross Profit": NaN,
        "Cost Of Revenue": NaN,
        "Total Revenue": NaN,
        "Operating Revenue": NaN
    },
    "2022-06-30": {
        "Tax Effect Of Unusual Items": -2171.561879,
        "Tax Rate For Calcs": 0.003404,
        "Normalized EBITDA": -20221000.0,
        "Total Unusual Items": -638000.0,
        "Total Unusual Items Excluding Goodwill": -638000.0,
        "Net Income From Continuing Operation Net Minority Interest": -26059000.0,
        "Reconciled Depreciation": 3226000.0,
        "Reconciled Cost Of Revenue": 1811000.0,
        "EBITDA": -20859000.0,
        "EBIT": -24085000.0,
        "Net Interest Income": -2026000.0,
        "Interest Expense": 2063000.0,
        "Interest Income": 37000.0,
        "Normalized Income": -25423171.561879,
        "Net Income From Continuing And Discontinued Operation": -17635000.0,
        "Total Expenses": 26435000.0,
        "Total Operating Income As Reported": -24162000.0,
        "Diluted Average Shares": 200461441.0,
        "Basic Average Shares": 200461441.0,
        "Diluted EPS": -0.09,
        "Basic EPS": -0.09,
        "Diluted NI Availto Com Stockholders": -17635000.0,
        "Net Income Common Stockholders": -17635000.0,
        "Net Income": -17635000.0,
        "Net Income Including Noncontrolling Interests": -17635000.0,
        "Net Income Discontinuous Operations": 8424000.0,
        "Net Income Continuous Operations": -26059000.0,
        "Tax Provision": -89000.0,
        "Pretax Income": -26148000.0,
        "Other Income Expense": -598000.0,
        "Other Non Operating Income Expenses": 40000.0,
        "Special Income Charges": -638000.0,
        "Write Off": 638000.0,
        "Impairment Of Capital Assets": 0.0,
        "Earnings From Equity Interest": 0.0,
        "Net Non Operating Interest Income Expense": -2026000.0,
        "Interest Expense Non Operating": 2063000.0,
        "Interest Income Non Operating": 37000.0,
        "Operating Income": -23524000.0,
        "Operating Expense": 24624000.0,
        "Research And Development": 11954000.0,
        "Selling General And Administration": 12670000.0,
        "Gross Profit": 1100000.0,
        "Cost Of Revenue": 1811000.0,
        "Total Revenue": 2911000.0,
        "Operating Revenue": 2834000.0
    },
    "2022-03-31": {
        "Diluted EPS": -0.1,
        "Total Revenue": 6,
        "Gross Profit": 4,
        "Operating Income": -22,
        "EBIT": -18,
        "Net Income": -19
    },
    "2021-12-31": {
        "Diluted EPS": -0.13,
        "Total Revenue": -17,
        "Gross Profit": -7,
        "Operating Income": -27,
        "EBIT": -20,
        "Net Income": -25
    },
    "2021-09-30": {
        "Diluted EPS": -0.15,
        "Total Revenue": 3,
        "Gross Profit": 2,
        "Operating Income": -22,
        "EBIT": -15,
        "Net Income": -30
    },
    "2021-06-30": {
        "Diluted EPS": -0.1,
        "Total Revenue": 4,
        "Gross Profit": 2,
        "Operating Income": -26,
        "EBIT": -19,
        "Net Income": -20
    },
    "2021-03-31": {
        "Diluted EPS": -0.09,
        "Total Revenue": 25,
        "Gross Profit": 12,
        "Operating Income": -18,
        "EBIT": -11,
        "Net Income": -17
    },
    "2020-12-31": {
        "Diluted EPS": -0.23,
        "Total Revenue": -52,
        "Gross Profit": -16,
        "Operating Income": -35,
        "EBIT": -28,
        "Net Income": -42
    },
    "2020-09-30": {
        "Diluted EPS": -0.18,
        "Total Revenue": 24,
        "Gross Profit": 10,
        "Operating Income": -23,
        "EBIT": -16,
        "Net Income": -30
    },
    "2020-06-30": {
        "Diluted EPS": -0.26,
        "Total Revenue": 30,
        "Gross Profit": 16,
        "Operating Income": -12,
        "EBIT": 5,
        "Net Income": -43
    },
    "2020-03-31": {
        "Diluted EPS": -0.35,
        "Total Revenue": 30,
        "Gross Profit": 16,
        "Operating Income": -17,
        "EBIT": -9,
        "Net Income": -56
    },
    "2019-12-31": {
        "Diluted EPS": -1.09,
        "Total Revenue": 17,
        "Gross Profit": 2,
        "Operating Income": -41,
        "EBIT": 51,
        "Net Income": -169
    },
    "2019-09-30": {
        "Diluted EPS": -0.35,
        "Total Revenue": 18,
        "Gross Profit": 4,
        "Operating Income": -45,
        "EBIT": -33,
        "Net Income": -54
    },
    "2019-06-30": {
        "Diluted EPS": -0.25,
        "Total Revenue": 33,
        "Gross Profit": 16,
        "Operating Income": -31,
        "EBIT": -29,
        "Net Income": -39
    },
    "2019-03-31": {
        "Diluted EPS": -0.4,
        "Total Revenue": 23,
        "Gross Profit": 8,
        "Operating Income": -50,
        "EBIT": -42,
        "Net Income": -61
    },
    "2018-12-31": {
        "Diluted EPS": -2.62,
        "Total Revenue": 34,
        "Gross Profit": 20,
        "Operating Income": -201,
        "EBIT": -188,
        "Net Income": -340
    },
    "2018-09-30": {
        "Diluted EPS": -0.44,
        "Total Revenue": 32,
        "Gross Profit": 17,
        "Operating Income": -66,
        "EBIT": -49,
        "Net Income": -57
    },
    "2018-06-30": {
        "Diluted EPS": -0.51,
        "Total Revenue": 45,
        "Gross Profit": 27,
        "Operating Income": -50,
        "EBIT": -22,
        "Net Income": -65
    },
    "2018-03-31": {
        "Diluted EPS": -0.36,
        "Total Revenue": 40,
        "Gross Profit": 24,
        "Operating Income": -53,
        "EBIT": -43,
        "Net Income": -46
    },
    "2017-12-31": {
        "Diluted EPS": -0.23,
        "Total Revenue": 65,
        "Gross Profit": 51,
        "Operating Income": 15,
        "EBIT": 30,
        "Net Income": -27
    },
    "2017-09-30": {
        "Diluted EPS": -0.33,
        "Total Revenue": 46,
        "Gross Profit": 31,
        "Operating Income": -45,
        "EBIT": -39,
        "Net Income": -40
    },
    "2017-06-30": {
        "Diluted EPS": -0.16,
        "Total Revenue": 54,
        "Gross Profit": 38,
        "Operating Income": -35,
        "EBIT": -36,
        "Net Income": -19
    },
    "2017-03-31": {
        "Diluted EPS": -0.26,
        "Total Revenue": 54,
        "Gross Profit": 38,
        "Operating Income": -31,
        "EBIT": -22,
        "Net Income": -31
    },
    "2016-12-31": {
        "Diluted EPS": -0.37,
        "Total Revenue": 46,
        "Gross Profit": 32,
        "Operating Income": -33,
        "EBIT": -12,
        "Net Income": -44
    },
    "2016-09-30": {
        "Diluted EPS": -0.24,
        "Total Revenue": 49,
        "Gross Profit": 34,
        "Operating Income": -29,
        "EBIT": -23,
        "Net Income": -29
    },
    "2016-06-30": {
        "Diluted EPS": -0.42,
        "Total Revenue": 53,
        "Gross Profit": 35,
        "Operating Income": -23,
        "EBIT": 7,
        "Net Income": -49
    },
    "2016-03-31": {
        "Diluted EPS": -0.55,
        "Total Revenue": 43,
        "Gross Profit": 28,
        "Operating Income": -41,
        "EBIT": -12,
        "Net Income": -64
    },
    "2015-12-31": {
        "Diluted EPS": -0.3,
        "Total Revenue": 41,
        "Gross Profit": 27,
        "Operating Income": -34,
        "EBIT": -31,
        "Net Income": -33
    },
    "2015-09-30": {
        "Diluted EPS": -0.34,
        "Total Revenue": 53,
        "Gross Profit": 37,
        "Operating Income": -8,
        "EBIT": 27,
        "Net Income": -38
    },
    "2015-06-30": {
        "Diluted EPS": -0.37,
        "Total Revenue": 45,
        "Gross Profit": 27,
        "Operating Income": -17,
        "EBIT": 7,
        "Net Income": -41
    },
    "2015-03-31": {
        "Diluted EPS": 0.25,
        "Total Revenue": 34,
        "Gross Profit": 20,
        "Operating Income": -87,
        "EBIT": -199,
        "Net Income": 27
    },
    "2014-12-31": {
        "Diluted EPS": 0.19,
        "Total Revenue": 31,
        "Gross Profit": 18,
        "Operating Income": -19,
        "EBIT": -54,
        "Net Income": 19
    },
    "2014-09-30": {
        "Diluted EPS": -0.53,
        "Total Revenue": 21,
        "Gross Profit": 15,
        "Operating Income": -15,
        "EBIT": 25,
        "Net Income": -53
    },
    "2014-06-30": {
        "Diluted EPS": -0.53,
        "Total Revenue": 12,
        "Gross Profit": 12,
        "Operating Income": -18,
        "EBIT": 18,
        "Net Income": -52
    },
    "2014-03-31": {
        "Diluted EPS": 0.04,
        "Total Revenue": 8,
        "Gross Profit": 8,
        "Operating Income": -18,
        "EBIT": -38,
        "Net Income": 4
    },
    "2013-12-31": {
        "Diluted EPS": 8.44,
        "Total Revenue": 7,
        "Gross Profit": 7,
        "Operating Income": -18,
        "EBIT": -20,
        "Net Income": -9
    },
    "2013-09-30": {
        "Diluted EPS": 0.15,
        "Total Revenue": 6,
        "Gross Profit": 6,
        "Operating Income": -12,
        "EBIT": -37,
        "Net Income": 8
    },
    "2013-06-30": {
        "Diluted EPS": -2.45,
        "Total Revenue": 7,
        "Gross Profit": 7,
        "Operating Income": -14,
        "EBIT": -20,
        "Net Income": -14
    },
    "2013-03-31": {
        "Diluted EPS": -7.54,
        "Total Revenue": 4,
        "Gross Profit": 4,
        "Operating Income": -14,
        "EBIT": 17,
        "Net Income": -43
    },
    "2012-12-31": {
        "Diluted EPS": 0.0,
        "Total Revenue": NaN,
        "Gross Profit": NaN,
        "Operating Income": NaN,
        "EBIT": NaN,
        "Net Income": NaN
    },
    "2012-09-30": {
        "Diluted EPS": -4.66,
        "Total Revenue": 3,
        "Gross Profit": 3,
        "Operating Income": -16,
        "EBIT": -10,
        "Net Income": -26
    },
    "2012-06-30": {
        "Diluted EPS": -3.99,
        "Total Revenue": 3,
        "Gross Profit": 3,
        "Operating Income": -21,
        "EBIT": -21,
        "Net Income": -22
    },
    "2011-12-31": {
        "Diluted EPS": 0.0,
        "Total Revenue": NaN,
        "Gross Profit": NaN,
        "Operating Income": NaN,
        "EBIT": NaN,
        "Net Income": NaN
    },
    "2023-06-30": {
        "Tax Effect Of Unusual Items": NaN,
        "Tax Rate For Calcs": NaN,
        "Normalized EBITDA": NaN,
        "Total Unusual Items": 0.0,
        "Total Unusual Items Excluding Goodwill": 0.0,
        "Net Income From Continuing Operation Net Minority Interest": NaN,
        "Reconciled Depreciation": NaN,
        "Reconciled Cost Of Revenue": NaN,
        "EBITDA": NaN,
        "EBIT": NaN,
        "Net Interest Income": NaN,
        "Interest Expense": NaN,
        "Interest Income": NaN,
        "Normalized Income": NaN,
        "Net Income From Continuing And Discontinued Operation": NaN,
        "Total Expenses": NaN,
        "Total Operating Income As Reported": NaN,
        "Diluted Average Shares": 248003322.0,
        "Basic Average Shares": 248003322.0,
        "Diluted EPS": -0.08,
        "Basic EPS": -0.08,
        "Diluted NI Availto Com Stockholders": NaN,
        "Net Income Common Stockholders": NaN,
        "Net Income": NaN,
        "Net Income Including Noncontrolling Interests": NaN,
        "Net Income Discontinuous Operations": 0.0,
        "Net Income Continuous Operations": NaN,
        "Tax Provision": NaN,
        "Pretax Income": NaN,
        "Other Income Expense": NaN,
        "Other Non Operating Income Expenses": NaN,
        "Special Income Charges": 0.0,
        "Impairment Of Capital Assets": 0.0,
        "Earnings From Equity Interest": 0.0,
        "Net Non Operating Interest Income Expense": NaN,
        "Interest Expense Non Operating": NaN,
        "Interest Income Non Operating": NaN,
        "Operating Income": NaN,
        "Operating Expense": NaN,
        "Research And Development": NaN,
        "Selling General And Administration": NaN,
        "Gross Profit": NaN,
        "Cost Of Revenue": NaN,
        "Total Revenue": NaN,
        "Operating Revenue": NaN
    },
    "2023-09-30": {
        "Tax Effect Of Unusual Items": 0.0,
        "Tax Rate For Calcs": 0.000303,
        "Normalized EBITDA": -18150000.0,
        "Total Unusual Items": 0.0,
        "Total Unusual Items Excluding Goodwill": 0.0,
        "Net Income From Continuing Operation Net Minority Interest": -19795000.0,
        "Reconciled Depreciation": 1650000.0,
        "Reconciled Cost Of Revenue": 1537000.0,
        "EBITDA": -18150000.0,
        "EBIT": -19800000.0,
        "Net Interest Income": 855000.0,
        "Interest Expense": 1000.0,
        "Interest Income": 856000.0,
        "Normalized Income": -19795000.0,
        "Net Income From Continuing And Discontinued Operation": -19795000.0,
        "Total Expenses": 22316000.0,
        "Total Operating Income As Reported": -20937000.0,
        "Diluted Average Shares": 248520724.0,
        "Basic Average Shares": 248520724.0,
        "Diluted EPS": -0.08,
        "Basic EPS": -0.08,
        "Diluted NI Availto Com Stockholders": -19795000.0,
        "Net Income Common Stockholders": -19795000.0,
        "Net Income": -19795000.0,
        "Net Income Including Noncontrolling Interests": -19795000.0,
        "Net Income Discontinuous Operations": 0.0,
        "Net Income Continuous Operations": -19795000.0,
        "Tax Provision": -6000.0,
        "Pretax Income": -19801000.0,
        "Other Income Expense": 281000.0,
        "Other Non Operating Income Expenses": 281000.0,
        "Special Income Charges": 0.0,
        "Impairment Of Capital Assets": 0.0,
        "Earnings From Equity Interest": 0.0,
        "Net Non Operating Interest Income Expense": 855000.0,
        "Interest Expense Non Operating": 1000.0,
        "Interest Income Non Operating": 856000.0,
        "Operating Income": -20937000.0,
        "Operating Expense": 20779000.0,
        "Research And Development": 11583000.0,
        "Selling General And Administration": 9196000.0,
        "Gross Profit": -158000.0,
        "Cost Of Revenue": 1537000.0,
        "Total Revenue": 1379000.0,
        "Operating Revenue": 1378000.0
    },
    "2023-12-31": {
        "Tax Effect Of Unusual Items": -107739.906553,
        "Tax Rate For Calcs": 0.009944,
        "Normalized EBITDA": -20932000.0,
        "Total Unusual Items": -10835000.0,
        "Total Unusual Items Excluding Goodwill": -10835000.0,
        "Net Income From Continuing Operation Net Minority Interest": -33056000.0,
        "Reconciled Depreciation": 1614000.0,
        "Reconciled Cost Of Revenue": 1358000.0,
        "EBITDA": -31767000.0,
        "EBIT": -33381000.0,
        "Net Interest Income": 914000.0,
        "Interest Expense": 7000.0,
        "Interest Income": 921000.0,
        "Normalized Income": -22328739.906553,
        "Net Income From Continuing And Discontinued Operation": -33056000.0,
        "Total Expenses": 24617000.0,
        "Total Operating Income As Reported": -34224000.0,
        "Diluted Average Shares": NaN,
        "Basic Average Shares": NaN,
        "Diluted EPS": NaN,
        "Basic EPS": NaN,
        "Diluted NI Availto Com Stockholders": -33056000.0,
        "Net Income Common Stockholders": -33056000.0,
        "Net Income": -33056000.0,
        "Net Income Including Noncontrolling Interests": -33056000.0,
        "Net Income Discontinuous Operations": 0.0,
        "Net Income Continuous Operations": -33056000.0,
        "Tax Provision": -332000.0,
        "Pretax Income": -33388000.0,
        "Other Income Expense": -10913000.0,
        "Other Non Operating Income Expenses": -78000.0,
        "Special Income Charges": -10835000.0,
        "Impairment Of Capital Assets": 10835000.0,
        "Earnings From Equity Interest": 0.0,
        "Net Non Operating Interest Income Expense": 914000.0,
        "Interest Expense Non Operating": 7000.0,
        "Interest Income Non Operating": 921000.0,
        "Operating Income": -23389000.0,
        "Operating Expense": 23259000.0,
        "Research And Development": 12994000.0,
        "Selling General And Administration": 10265000.0,
        "Gross Profit": -130000.0,
        "Cost Of Revenue": 1358000.0,
        "Total Revenue": 1228000.0,
        "Operating Revenue": 1225000.0
    },
    "2024-03-31": {
        "Tax Effect Of Unusual Items": 0.0,
        "Tax Rate For Calcs": 0.00122,
        "Normalized EBITDA": -22170000.0,
        "Total Unusual Items": NaN,
        "Total Unusual Items Excluding Goodwill": NaN,
        "Net Income From Continuing Operation Net Minority Interest": -23738000.0,
        "Reconciled Depreciation": 1595000.0,
        "Reconciled Cost Of Revenue": 1075000.0,
        "EBITDA": -22170000.0,
        "EBIT": -23765000.0,
        "Net Interest Income": 606000.0,
        "Interest Expense": 2000.0,
        "Interest Income": 608000.0,
        "Normalized Income": -23738000.0,
        "Net Income From Continuing And Discontinued Operation": -23738000.0,
        "Total Expenses": 25475000.0,
        "Total Operating Income As Reported": -24410000.0,
        "Diluted Average Shares": 249220335.0,
        "Basic Average Shares": 249220335.0,
        "Diluted EPS": -0.1,
        "Basic EPS": -0.1,
        "Diluted NI Availto Com Stockholders": -23738000.0,
        "Net Income Common Stockholders": -23738000.0,
        "Net Income": -23738000.0,
        "Net Income Including Noncontrolling Interests": -23738000.0,
        "Net Income Discontinuous Operations": NaN,
        "Net Income Continuous Operations": -23738000.0,
        "Tax Provision": -29000.0,
        "Pretax Income": -23767000.0,
        "Other Income Expense": 37000.0,
        "Other Non Operating Income Expenses": 37000.0,
        "Special Income Charges": NaN,
        "Impairment Of Capital Assets": NaN,
        "Earnings From Equity Interest": NaN,
        "Net Non Operating Interest Income Expense": 606000.0,
        "Interest Expense Non Operating": 2000.0,
        "Interest Income Non Operating": 608000.0,
        "Operating Income": -24410000.0,
        "Operating Expense": 24400000.0,
        "Research And Development": 14249000.0,
        "Selling General And Administration": 10151000.0,
        "Gross Profit": -10000.0,
        "Cost Of Revenue": 1075000.0,
        "Total Revenue": 1065000.0,
        "Operating Revenue": 1057000.0
    },
    "2024-06-30": {
        "Tax Effect Of Unusual Items": -964708.007473,
        "Tax Rate For Calcs": 0.027926,
        "Normalized EBITDA": -24338000.0,
        "Total Unusual Items": -34545000.0,
        "Total Unusual Items Excluding Goodwill": -34545000.0,
        "Net Income From Continuing Operation Net Minority Interest": -58792000.0,
        "Reconciled Depreciation": 1596000.0,
        "Reconciled Cost Of Revenue": 1014000.0,
        "EBITDA": -58883000.0,
        "EBIT": -60479000.0,
        "Net Interest Income": 317000.0,
        "Interest Expense": 2000.0,
        "Interest Income": 319000.0,
        "Normalized Income": -25211708.007473,
        "Net Income From Continuing And Discontinued Operation": -58792000.0,
        "Total Expenses": 27013000.0,
        "Total Operating Income As Reported": -60841000.0,
        "Diluted Average Shares": 252366533.0,
        "Basic Average Shares": 252366533.0,
        "Diluted EPS": -0.23,
        "Basic EPS": -0.23,
        "Diluted NI Availto Com Stockholders": -58792000.0,
        "Net Income Common Stockholders": -58792000.0,
        "Net Income": -58792000.0,
        "Net Income Including Noncontrolling Interests": -58792000.0,
        "Net Income Discontinuous Operations": NaN,
        "Net Income Continuous Operations": -58792000.0,
        "Tax Provision": -1689000.0,
        "Pretax Income": -60481000.0,
        "Other Income Expense": -34502000.0,
        "Other Non Operating Income Expenses": 43000.0,
        "Special Income Charges": -34545000.0,
        "Impairment Of Capital Assets": 34545000.0,
        "Earnings From Equity Interest": NaN,
        "Net Non Operating Interest Income Expense": 317000.0,
        "Interest Expense Non Operating": 2000.0,
        "Interest Income Non Operating": 319000.0,
        "Operating Income": -26296000.0,
        "Operating Expense": 25999000.0,
        "Research And Development": 15693000.0,
        "Selling General And Administration": 10306000.0,
        "Gross Profit": -297000.0,
        "Cost Of Revenue": 1014000.0,
        "Total Revenue": 717000.0,
        "Operating Revenue": 704000.0
    },
    "2024-09-30": {
        "Tax Effect Of Unusual Items": 0.0,
        "Tax Rate For Calcs": 0.21,
        "Normalized EBITDA": -23290000.0,
        "Total Unusual Items": 0.0,
        "Total Unusual Items Excluding Goodwill": 0.0,
        "Net Income From Continuing Operation Net Minority Interest": -23978000.0,
        "Reconciled Depreciation": 674000.0,
        "Reconciled Cost Of Revenue": 1009000.0,
        "EBITDA": -23290000.0,
        "EBIT": -23964000.0,
        "Net Interest Income": 281000.0,
        "Interest Expense": 2000.0,
        "Interest Income": 283000.0,
        "Normalized Income": -23978000.0,
        "Net Income From Continuing And Discontinued Operation": -23978000.0,
        "Total Expenses": 22215000.0,
        "Total Operating Income As Reported": -21262000.0,
        "Diluted Average Shares": 275881170.0,
        "Basic Average Shares": 275881170.0,
        "Diluted EPS": -0.09,
        "Basic EPS": -0.09,
        "Diluted NI Availto Com Stockholders": -23978000.0,
        "Net Income Common Stockholders": -23978000.0,
        "Net Income": -23978000.0,
        "Net Income Including Noncontrolling Interests": -23978000.0,
        "Net Income Discontinuous Operations": NaN,
        "Net Income Continuous Operations": -23978000.0,
        "Tax Provision": 12000.0,
        "Pretax Income": -23966000.0,
        "Other Income Expense": -2985000.0,
        "Other Non Operating Income Expenses": -2985000.0,
        "Special Income Charges": 0.0,
        "Impairment Of Capital Assets": 0.0,
        "Earnings From Equity Interest": NaN,
        "Net Non Operating Interest Income Expense": 281000.0,
        "Interest Expense Non Operating": 2000.0,
        "Interest Income Non Operating": 283000.0,
        "Operating Income": -21262000.0,
        "Operating Expense": 21206000.0,
        "Research And Development": 11370000.0,
        "Selling General And Administration": 9836000.0,
        "Gross Profit": -56000.0,
        "Cost Of Revenue": 1009000.0,
        "Total Revenue": 953000.0,
        "Operating Revenue": 952000.0
    }
}