{
    "2023-03-31": {
        "Tax Effect Of Unusual Items": 0.0,
        "Tax Rate For Calcs": 0.21,
        "Normalized EBITDA": 15552000.0,
        "Net Income From Continuing Operation Net Minority Interest": 17678000.0,
        "Reconciled Depreciation": 541000.0,
        "Reconciled Cost Of Revenue": 199754000.0,
        "EBITDA": 15552000.0,
        "EBIT": 15011000.0,
        "Net Interest Income": 822000.0,
        "Interest Income": 822000.0,
        "Normalized Income": 17678000.0,
        "Net Income From Continuing And Discontinued Operation": 17678000.0,
        "Total Expenses": 243383000.0,
        "Total Operating Income As Reported": 15011000.0,
        "Diluted Average Shares": 100166008.0,
        "Basic Average Shares": 93832873.0,
        "Diluted EPS": 0.18,
        "Basic EPS": 0.19,
        "Diluted NI Availto Com Stockholders": 17678000.0,
        "Net Income Common Stockholders": 17678000.0,
        "Net Income": 17678000.0,
        "Net Income Including Noncontrolling Interests": 17678000.0,
        "Net Income Continuous Operations": 17678000.0,
        "Tax Provision": -1347000.0,
        "Pretax Income": 16331000.0,
        "Other Income Expense": 498000.0,
        "Other Non Operating Income Expenses": 498000.0,
        "Net Non Operating Interest Income Expense": 822000.0,
        "Interest Income Non Operating": 822000.0,
        "Operating Income": 15011000.0,
        "Operating Expense": 43629000.0,
        "Selling General And Administration": 43629000.0,
        "Selling And Marketing Expense": 14282000.0,
        "General And Administrative Expense": 29347000.0,
        "Other Gand A": 29347000.0,
        "Gross Profit": 58640000.0,
        "Cost Of Revenue": 199754000.0,
        "Total Revenue": 258394000.0,
        "Operating Revenue": 258394000.0
    },
    "2022-12-31": {
        "Tax Effect Of Unusual Items": 0.0,
        "Tax Rate For Calcs": 0.17701,
        "Normalized EBITDA": 3752000.0,
        "Net Income From Continuing Operation Net Minority Interest": 3408000.0,
        "Reconciled Depreciation": 446000.0,
        "Reconciled Cost Of Revenue": 169827000.0,
        "EBITDA": 3752000.0,
        "EBIT": 3306000.0,
        "Net Interest Income": 560000.0,
        "Interest Income": 560000.0,
        "Normalized Income": 3408000.0,
        "Net Income From Continuing And Discontinued Operation": 3408000.0,
        "Total Expenses": 211015000.0,
        "Total Operating Income As Reported": 3306000.0,
        "Diluted Average Shares": 100059687.0,
        "Basic Average Shares": 93056297.0,
        "Diluted EPS": 0.03,
        "Basic EPS": 0.04,
        "Diluted NI Availto Com Stockholders": 3408000.0,
        "Net Income Common Stockholders": 3408000.0,
        "Net Income": 3408000.0,
        "Net Income Including Noncontrolling Interests": 3408000.0,
        "Net Income Continuous Operations": 3408000.0,
        "Tax Provision": 733000.0,
        "Pretax Income": 4141000.0,
        "Other Income Expense": 275000.0,
        "Other Non Operating Income Expenses": 275000.0,
        "Net Non Operating Interest Income Expense": 560000.0,
        "Interest Income Non Operating": 560000.0,
        "Operating Income": 3306000.0,
        "Operating Expense": 41188000.0,
        "Selling General And Administration": 41188000.0,
        "Selling And Marketing Expense": 12980000.0,
        "General And Administrative Expense": 28208000.0,
        "Other Gand A": 28208000.0,
        "Gross Profit": 44494000.0,
        "Cost Of Revenue": 169827000.0,
        "Total Revenue": 214321000.0,
        "Operating Revenue": 214321000.0
    },
    "2022-09-30": {
        "Tax Effect Of Unusual Items": 0.0,
        "Tax Rate For Calcs": 0.21,
        "Normalized EBITDA": 11255000.0,
        "Net Income From Continuing Operation Net Minority Interest": 13211000.0,
        "Reconciled Depreciation": 405000.0,
        "Reconciled Cost Of Revenue": 159376000.0,
        "EBITDA": 11255000.0,
        "EBIT": 11255000.0,
        "Net Interest Income": 202000.0,
        "Interest Income": 202000.0,
        "Normalized Income": 13211000.0,
        "Net Income From Continuing And Discontinued Operation": 13211000.0,
        "Total Expenses": 194116000.0,
        "Total Operating Income As Reported": 11255000.0,
        "Diluted Average Shares": 99819801.0,
        "Basic Average Shares": 92316022.0,
        "Diluted EPS": 0.13,
        "Basic EPS": 0.14,
        "Diluted NI Availto Com Stockholders": 13211000.0,
        "Net Income Common Stockholders": 13211000.0,
        "Net Income": 13211000.0,
        "Net Income Including Noncontrolling Interests": 13211000.0,
        "Net Income Continuous Operations": 13211000.0,
        "Tax Provision": -1672000.0,
        "Pretax Income": 11539000.0,
        "Other Income Expense": 82000.0,
        "Other Non Operating Income Expenses": 82000.0,
        "Net Non Operating Interest Income Expense": 202000.0,
        "Interest Income Non Operating": 202000.0,
        "Operating Income": 11255000.0,
        "Operating Expense": 34740000.0,
        "Selling General And Administration": 34740000.0,
        "Selling And Marketing Expense": 11166000.0,
        "General And Administrative Expense": 23574000.0,
        "Other Gand A": 23574000.0,
        "Gross Profit": 45995000.0,
        "Cost Of Revenue": 159376000.0,
        "Total Revenue": 205371000.0,
        "Operating Revenue": 205371000.0
    },
    "2022-06-30": {
        "Tax Effect Of Unusual Items": 0.0,
        "Tax Rate For Calcs": 0.015163,
        "Normalized EBITDA": 9224000.0,
        "Net Income From Continuing Operation Net Minority Interest": 8768000.0,
        "Reconciled Depreciation": 386000.0,
        "Reconciled Cost Of Revenue": 151117000.0,
        "EBITDA": 9224000.0,
        "EBIT": 8838000.0,
        "Net Interest Income": 40000.0,
        "Interest Income": NaN,
        "Normalized Income": 8768000.0,
        "Net Income From Continuing And Discontinued Operation": 8768000.0,
        "Total Expenses": 186166000.0,
        "Total Operating Income As Reported": 8838000.0,
        "Diluted Average Shares": 99672769.0,
        "Basic Average Shares": 91964978.0,
        "Diluted EPS": 0.09,
        "Basic EPS": 0.1,
        "Diluted NI Availto Com Stockholders": 8768000.0,
        "Net Income Common Stockholders": 8768000.0,
        "Net Income": 8768000.0,
        "Net Income Including Noncontrolling Interests": 8768000.0,
        "Net Income Continuous Operations": 8768000.0,
        "Tax Provision": 135000.0,
        "Pretax Income": 8903000.0,
        "Other Income Expense": 25000.0,
        "Other Non Operating Income Expenses": 25000.0,
        "Net Non Operating Interest Income Expense": 40000.0,
        "Total Other Finance Cost": -40000.0,
        "Interest Income Non Operating": NaN,
        "Operating Income": 8838000.0,
        "Operating Expense": 35049000.0,
        "Selling General And Administration": 35049000.0,
        "Selling And Marketing Expense": 11496000.0,
        "General And Administrative Expense": 23553000.0,
        "Other Gand A": 23553000.0,
        "Gross Profit": 43887000.0,
        "Cost Of Revenue": 151117000.0,
        "Total Revenue": 195004000.0,
        "Operating Revenue": 195004000.0
    },
    "2022-03-31": {
        "Diluted EPS": 0.05,
        "Total Revenue": 172,
        "Gross Profit": 33,
        "Operating Income": 0,
        "EBIT": 0,
        "Net Income": 5
    },
    "2021-12-31": {
        "Diluted EPS": 0.15,
        "Total Revenue": 128,
        "Gross Profit": 25,
        "Operating Income": 0,
        "EBIT": 0,
        "Net Income": 15
    },
    "2021-09-30": {
        "Diluted EPS": 0.17,
        "Total Revenue": 122,
        "Gross Profit": 28,
        "Operating Income": 9,
        "EBIT": 9,
        "Net Income": 17
    },
    "2021-06-30": {
        "Diluted EPS": 0.19,
        "Total Revenue": 129,
        "Gross Profit": 30,
        "Operating Income": 12,
        "EBIT": 12,
        "Net Income": 19
    },
    "2021-03-31": {
        "Diluted EPS": 0.15,
        "Total Revenue": 122,
        "Gross Profit": 29,
        "Operating Income": 12,
        "EBIT": 12,
        "Net Income": 15
    },
    "2020-12-31": {
        "Diluted EPS": 0.39,
        "Total Revenue": 100,
        "Gross Profit": 21,
        "Operating Income": 1,
        "EBIT": 2,
        "Net Income": 39
    },
    "2020-09-30": {
        "Diluted EPS": 0.05,
        "Total Revenue": 99,
        "Gross Profit": 21,
        "Operating Income": 5,
        "EBIT": 5,
        "Net Income": 5
    },
    "2020-06-30": {
        "Diluted EPS": -0.01,
        "Total Revenue": 65,
        "Gross Profit": 12,
        "Operating Income": -1,
        "EBIT": -1,
        "Net Income": -1
    },
    "2020-03-31": {
        "Diluted EPS": 0.04,
        "Total Revenue": 81,
        "Gross Profit": 17,
        "Operating Income": 3,
        "EBIT": 4,
        "Net Income": 4
    },
    "2019-12-31": {
        "Diluted EPS": 0.39,
        "Total Revenue": 65,
        "Gross Profit": 12,
        "Operating Income": 1,
        "EBIT": 2,
        "Net Income": -2
    },
    "2019-09-30": {
        "Diluted EPS": -1.1,
        "Total Revenue": 61,
        "Gross Profit": 12,
        "Operating Income": 3,
        "EBIT": 4,
        "Net Income": -8
    },
    "2019-06-30": {
        "Diluted EPS": 0.29,
        "Total Revenue": 56,
        "Gross Profit": 11,
        "Operating Income": 2,
        "EBIT": 3,
        "Net Income": 2
    },
    "2019-03-31": {
        "Diluted EPS": 0.01,
        "Total Revenue": 47,
        "Gross Profit": 10,
        "Operating Income": 3,
        "EBIT": 4,
        "Net Income": 0
    },
    "2018-12-31": {
        "Diluted EPS": 0.0,
        "Total Revenue": NaN,
        "Gross Profit": NaN,
        "Operating Income": NaN,
        "EBIT": NaN,
        "Net Income": NaN
    },
    "2018-09-30": {
        "Diluted EPS": -0.2,
        "Total Revenue": 28,
        "Gross Profit": 5,
        "Operating Income": -1,
        "EBIT": 0,
        "Net Income": -1
    },
    "2018-06-30": {
        "Diluted EPS": 0.0,
        "Total Revenue": NaN,
        "Gross Profit": NaN,
        "Operating Income": NaN,
        "EBIT": NaN,
        "Net Income": NaN
    },
    "2017-12-31": {
        "Diluted EPS": 0.0,
        "Total Revenue": NaN,
        "Gross Profit": NaN,
        "Operating Income": NaN,
        "EBIT": NaN,
        "Net Income": NaN
    },
    "2023-06-30": {
        "Tax Effect Of Unusual Items": 0.0,
        "Tax Rate For Calcs": 0.126755,
        "Normalized EBITDA": 15711000.0,
        "Net Income From Continuing Operation Net Minority Interest": 14991000.0,
        "Reconciled Depreciation": 527000.0,
        "Reconciled Cost Of Revenue": 218732000.0,
        "EBITDA": 15711000.0,
        "EBIT": 15184000.0,
        "Net Interest Income": 706000.0,
        "Interest Income": 706000.0,
        "Normalized Income": 14991000.0,
        "Net Income From Continuing And Discontinued Operation": 14991000.0,
        "Total Expenses": 264189000.0,
        "Total Operating Income As Reported": 15184000.0,
        "Diluted Average Shares": 100615919.0,
        "Basic Average Shares": 94738651.0,
        "Diluted EPS": 0.15,
        "Basic EPS": 0.16,
        "Diluted NI Availto Com Stockholders": 14991000.0,
        "Net Income Common Stockholders": 14991000.0,
        "Net Income": 14991000.0,
        "Net Income Including Noncontrolling Interests": 14991000.0,
        "Net Income Continuous Operations": 14991000.0,
        "Tax Provision": 2176000.0,
        "Pretax Income": 17167000.0,
        "Other Income Expense": 1277000.0,
        "Other Non Operating Income Expenses": 1277000.0,
        "Net Non Operating Interest Income Expense": 706000.0,
        "Interest Income Non Operating": 706000.0,
        "Operating Income": 15184000.0,
        "Operating Expense": 45457000.0,
        "Selling General And Administration": 45457000.0,
        "Selling And Marketing Expense": 15384000.0,
        "General And Administrative Expense": 30073000.0,
        "Other Gand A": 30073000.0,
        "Gross Profit": 60641000.0,
        "Cost Of Revenue": 218732000.0,
        "Total Revenue": 279373000.0,
        "Operating Revenue": 279373000.0
    },
    "2023-09-30": {
        "Tax Effect Of Unusual Items": 0.0,
        "Tax Rate For Calcs": 0.240457,
        "Normalized EBITDA": 18768000.0,
        "Net Income From Continuing Operation Net Minority Interest": 15898000.0,
        "Reconciled Depreciation": 579000.0,
        "Reconciled Cost Of Revenue": 218267000.0,
        "EBITDA": 18768000.0,
        "EBIT": 18189000.0,
        "Net Interest Income": 1034000.0,
        "Interest Income": 1034000.0,
        "Normalized Income": 15898000.0,
        "Net Income From Continuing And Discontinued Operation": 15898000.0,
        "Total Expenses": 262702000.0,
        "Total Operating Income As Reported": 18189000.0,
        "Diluted Average Shares": 100879576.0,
        "Basic Average Shares": 95502250.0,
        "Diluted EPS": 0.16,
        "Basic EPS": 0.17,
        "Diluted NI Availto Com Stockholders": 15898000.0,
        "Net Income Common Stockholders": 15898000.0,
        "Net Income": 15898000.0,
        "Net Income Including Noncontrolling Interests": 15898000.0,
        "Net Income Continuous Operations": 15898000.0,
        "Tax Provision": 5033000.0,
        "Pretax Income": 20931000.0,
        "Other Income Expense": 1708000.0,
        "Other Non Operating Income Expenses": 1708000.0,
        "Net Non Operating Interest Income Expense": 1034000.0,
        "Interest Income Non Operating": 1034000.0,
        "Operating Income": 18189000.0,
        "Operating Expense": 44435000.0,
        "Selling General And Administration": 44435000.0,
        "Selling And Marketing Expense": 14911000.0,
        "General And Administrative Expense": 29524000.0,
        "Other Gand A": 29524000.0,
        "Gross Profit": 62624000.0,
        "Cost Of Revenue": 218267000.0,
        "Total Revenue": 280891000.0,
        "Operating Revenue": 280891000.0
    }
}