{
    "2023-03-31": {
        "Tax Effect Of Unusual Items": 6630.0,
        "Tax Rate For Calcs": 0.17,
        "Normalized EBITDA": -4176000.0,
        "Total Unusual Items": 39000.0,
        "Total Unusual Items Excluding Goodwill": 39000.0,
        "Net Income From Continuing Operation Net Minority Interest": -10221000.0,
        "Reconciled Depreciation": 5862000.0,
        "EBITDA": -4137000.0,
        "EBIT": -9999000.0,
        "Net Interest Income": -132000.0,
        "Interest Expense": 132000.0,
        "Normalized Income": -10253370.0,
        "Net Income From Continuing And Discontinued Operation": -10221000.0,
        "Total Expenses": 39573000.0,
        "Rent Expense Supplemental": 27000.0,
        "Diluted Average Shares": 170350000.0,
        "Basic Average Shares": 170350000.0,
        "Diluted EPS": -0.06,
        "Basic EPS": -0.06,
        "Diluted NI Availto Com Stockholders": -10221000.0,
        "Net Income Common Stockholders": -10221000.0,
        "Net Income": -10221000.0,
        "Net Income Including Noncontrolling Interests": -10221000.0,
        "Net Income Continuous Operations": -10221000.0,
        "Tax Provision": 90000.0,
        "Pretax Income": -10131000.0,
        "Other Income Expense": -3054000.0,
        "Other Non Operating Income Expenses": -3093000.0,
        "Special Income Charges": 39000.0,
        "Gain On Sale Of Ppe": NaN,
        "Write Off": -39000.0,
        "Impairment Of Capital Assets": NaN,
        "Restructuring And Mergern Acquisition": 0.0,
        "Gain On Sale Of Security": NaN,
        "Net Non Operating Interest Income Expense": -132000.0,
        "Interest Expense Non Operating": 132000.0,
        "Operating Income": -6945000.0,
        "Operating Expense": 39573000.0,
        "Other Operating Expenses": 4404000.0,
        "Depreciation Amortization Depletion Income Statement": 5862000.0,
        "Depreciation And Amortization In Income Statement": 5862000.0,
        "Selling General And Administration": 29307000.0,
        "Selling And Marketing Expense": 6494000.0,
        "General And Administrative Expense": 22813000.0,
        "Other Gand A": 1078000.0,
        "Rent And Landing Fees": 27000.0,
        "Salaries And Wages": 21708000.0,
        "Total Revenue": 32628000.0,
        "Operating Revenue": 32628000.0
    },
    "2022-12-31": {
        "Tax Effect Of Unusual Items": 3503700.0,
        "Tax Rate For Calcs": 0.17,
        "Normalized EBITDA": -19864000.0,
        "Total Unusual Items": 20610000.0,
        "Total Unusual Items Excluding Goodwill": 20610000.0,
        "Net Income From Continuing Operation Net Minority Interest": -5251000.0,
        "Reconciled Depreciation": 5425000.0,
        "EBITDA": 746000.0,
        "EBIT": -4679000.0,
        "Net Interest Income": 1571000.0,
        "Interest Expense": 55000.0,
        "Normalized Income": -22357300.0,
        "Net Income From Continuing And Discontinued Operation": -5251000.0,
        "Total Expenses": 39863000.0,
        "Rent Expense Supplemental": 19000.0,
        "Diluted Average Shares": 175033333.0,
        "Basic Average Shares": 175033333.0,
        "Diluted EPS": -0.03,
        "Basic EPS": -0.03,
        "Diluted NI Availto Com Stockholders": -5251000.0,
        "Net Income Common Stockholders": -5251000.0,
        "Net Income": -5251000.0,
        "Net Income Including Noncontrolling Interests": -5251000.0,
        "Net Income Continuous Operations": -5251000.0,
        "Tax Provision": 517000.0,
        "Pretax Income": -4734000.0,
        "Other Income Expense": -6539000.0,
        "Other Non Operating Income Expenses": -27149000.0,
        "Special Income Charges": -1167000.0,
        "Gain On Sale Of Ppe": NaN,
        "Write Off": 1263000.0,
        "Impairment Of Capital Assets": 0.0,
        "Restructuring And Mergern Acquisition": 0.0,
        "Gain On Sale Of Security": NaN,
        "Net Non Operating Interest Income Expense": 1571000.0,
        "Interest Expense Non Operating": 55000.0,
        "Operating Income": 234000.0,
        "Operating Expense": 39863000.0,
        "Other Operating Expenses": 110485000.0,
        "Depreciation Amortization Depletion Income Statement": 5425000.0,
        "Depreciation And Amortization In Income Statement": 5425000.0,
        "Selling General And Administration": -76047000.0,
        "Selling And Marketing Expense": 8275000.0,
        "General And Administrative Expense": -84322000.0,
        "Other Gand A": -101947000.0,
        "Rent And Landing Fees": 19000.0,
        "Salaries And Wages": 17606000.0,
        "Total Revenue": 40097000.0,
        "Operating Revenue": 40097000.0
    },
    "2022-09-30": {
        "Tax Effect Of Unusual Items": -33200.0,
        "Tax Rate For Calcs": 0.4,
        "Normalized EBITDA": -1670000.0,
        "Total Unusual Items": -83000.0,
        "Total Unusual Items Excluding Goodwill": -83000.0,
        "Net Income From Continuing Operation Net Minority Interest": -7442000.0,
        "Reconciled Depreciation": 4913000.0,
        "EBITDA": -1753000.0,
        "EBIT": -6666000.0,
        "Net Interest Income": -240000.0,
        "Interest Expense": 240000.0,
        "Normalized Income": -7392200.0,
        "Net Income From Continuing And Discontinued Operation": -7442000.0,
        "Total Expenses": 37463000.0,
        "Rent Expense Supplemental": NaN,
        "Diluted Average Shares": 148840000.0,
        "Basic Average Shares": 148840000.0,
        "Diluted EPS": -0.05,
        "Basic EPS": -0.05,
        "Diluted NI Availto Com Stockholders": -7442000.0,
        "Net Income Common Stockholders": -7442000.0,
        "Net Income": -7442000.0,
        "Net Income Including Noncontrolling Interests": -7442000.0,
        "Net Income Continuous Operations": -7442000.0,
        "Tax Provision": 536000.0,
        "Pretax Income": -6906000.0,
        "Other Income Expense": -3768000.0,
        "Other Non Operating Income Expenses": -3685000.0,
        "Special Income Charges": -83000.0,
        "Gain On Sale Of Ppe": NaN,
        "Write Off": 83000.0,
        "Impairment Of Capital Assets": 0.0,
        "Restructuring And Mergern Acquisition": 0.0,
        "Gain On Sale Of Security": NaN,
        "Net Non Operating Interest Income Expense": -240000.0,
        "Interest Expense Non Operating": 240000.0,
        "Operating Income": -2898000.0,
        "Operating Expense": 37463000.0,
        "Other Operating Expenses": 4374000.0,
        "Depreciation Amortization Depletion Income Statement": 4913000.0,
        "Depreciation And Amortization In Income Statement": 4913000.0,
        "Selling General And Administration": 32550000.0,
        "Selling And Marketing Expense": 7719000.0,
        "General And Administrative Expense": 24831000.0,
        "Other Gand A": 5799000.0,
        "Rent And Landing Fees": NaN,
        "Salaries And Wages": 19032000.0,
        "Total Revenue": 34565000.0,
        "Operating Revenue": 34565000.0
    },
    "2022-06-30": {
        "Tax Effect Of Unusual Items": 5327600.0,
        "Tax Rate For Calcs": 0.4,
        "Normalized EBITDA": -2325000.0,
        "Total Unusual Items": 13319000.0,
        "Total Unusual Items Excluding Goodwill": 13319000.0,
        "Net Income From Continuing Operation Net Minority Interest": 3821000.0,
        "Reconciled Depreciation": 5920000.0,
        "EBITDA": 10994000.0,
        "EBIT": 5074000.0,
        "Net Interest Income": -1284000.0,
        "Interest Expense": 1284000.0,
        "Normalized Income": -4170400.0,
        "Net Income From Continuing And Discontinued Operation": 3821000.0,
        "Total Expenses": 39556000.0,
        "Rent Expense Supplemental": 58000.0,
        "Diluted Average Shares": 165049456.0,
        "Basic Average Shares": 161287206.0,
        "Diluted EPS": 0.02,
        "Basic EPS": 0.02,
        "Diluted NI Availto Com Stockholders": 3821000.0,
        "Net Income Common Stockholders": 3821000.0,
        "Net Income": 3821000.0,
        "Net Income Including Noncontrolling Interests": 3821000.0,
        "Net Income Continuous Operations": 3821000.0,
        "Tax Provision": -31000.0,
        "Pretax Income": 3790000.0,
        "Other Income Expense": 11599000.0,
        "Other Non Operating Income Expenses": -1720000.0,
        "Special Income Charges": 1548000.0,
        "Gain On Sale Of Ppe": -77000.0,
        "Other Special Charges": -188000.0,
        "Write Off": 438000.0,
        "Impairment Of Capital Assets": 0.0,
        "Restructuring And Mergern Acquisition": -1875000.0,
        "Gain On Sale Of Security": 11771000.0,
        "Net Non Operating Interest Income Expense": -1284000.0,
        "Interest Expense Non Operating": 1284000.0,
        "Operating Income": -6525000.0,
        "Operating Expense": 39556000.0,
        "Other Operating Expenses": 3867000.0,
        "Depreciation Amortization Depletion Income Statement": 5920000.0,
        "Depreciation And Amortization In Income Statement": 5920000.0,
        "Selling General And Administration": 33636000.0,
        "Selling And Marketing Expense": 8974000.0,
        "General And Administrative Expense": 24662000.0,
        "Other Gand A": 6180000.0,
        "Rent And Landing Fees": 58000.0,
        "Salaries And Wages": 18424000.0,
        "Total Revenue": 33031000.0,
        "Operating Revenue": 33031000.0
    },
    "2022-03-31": {
        "Diluted EPS": -0.9,
        "Total Revenue": 29,
        "Gross Profit": 29,
        "Operating Income": -13,
        "EBIT": -8,
        "Net Income": -120
    },
    "2021-12-31": {
        "Diluted EPS": -74.91,
        "Total Revenue": 29,
        "Gross Profit": 29,
        "Operating Income": -17,
        "EBIT": -16,
        "Net Income": 20
    },
    "2021-09-30": {
        "Diluted EPS": -0.08,
        "Total Revenue": 24,
        "Gross Profit": 24,
        "Operating Income": -6,
        "EBIT": -2,
        "Net Income": -10
    },
    "2021-06-30": {
        "Diluted EPS": -2.48,
        "Total Revenue": 23,
        "Gross Profit": 23,
        "Operating Income": -7,
        "EBIT": -7,
        "Net Income": -140
    },
    "2021-03-31": {
        "Diluted EPS": -1.38,
        "Total Revenue": NaN,
        "Gross Profit": NaN,
        "Operating Income": 0,
        "EBIT": 0,
        "Net Income": -10
    },
    "2020-12-31": {
        "Diluted EPS": 0.0,
        "Total Revenue": NaN,
        "Gross Profit": NaN,
        "Operating Income": NaN,
        "EBIT": NaN,
        "Net Income": NaN
    },
    "2020-09-30": {
        "Diluted EPS": 0.0,
        "Total Revenue": NaN,
        "Gross Profit": NaN,
        "Operating Income": NaN,
        "EBIT": NaN,
        "Net Income": NaN
    },
    "2019-12-31": {
        "Diluted EPS": 0.0,
        "Total Revenue": NaN,
        "Gross Profit": NaN,
        "Operating Income": NaN,
        "EBIT": NaN,
        "Net Income": NaN
    },
    "2023-06-30": {
        "Tax Effect Of Unusual Items": -845410.0,
        "Tax Rate For Calcs": 0.17,
        "Normalized EBITDA": 4677000.0,
        "Total Unusual Items": -4973000.0,
        "Total Unusual Items Excluding Goodwill": -4973000.0,
        "Net Income From Continuing Operation Net Minority Interest": -6460000.0,
        "Reconciled Depreciation": 5782000.0,
        "EBITDA": -296000.0,
        "EBIT": -6078000.0,
        "Net Interest Income": -116000.0,
        "Interest Expense": 116000.0,
        "Normalized Income": -2332410.0,
        "Net Income From Continuing And Discontinued Operation": -6460000.0,
        "Total Expenses": 38643000.0,
        "Rent Expense Supplemental": NaN,
        "Diluted Average Shares": 162422077.0,
        "Basic Average Shares": 162422077.0,
        "Diluted EPS": -0.04,
        "Basic EPS": -0.04,
        "Diluted NI Availto Com Stockholders": -6460000.0,
        "Net Income Common Stockholders": -6460000.0,
        "Net Income": -6460000.0,
        "Net Income Including Noncontrolling Interests": -6460000.0,
        "Net Income Continuous Operations": -6460000.0,
        "Tax Provision": 266000.0,
        "Pretax Income": -6194000.0,
        "Other Income Expense": -4315000.0,
        "Other Non Operating Income Expenses": 658000.0,
        "Special Income Charges": -6433000.0,
        "Gain On Sale Of Ppe": 2000.0,
        "Write Off": 716000.0,
        "Impairment Of Capital Assets": 5719000.0,
        "Restructuring And Mergern Acquisition": NaN,
        "Gain On Sale Of Security": 1460000.0,
        "Net Non Operating Interest Income Expense": -116000.0,
        "Interest Expense Non Operating": 116000.0,
        "Operating Income": -1763000.0,
        "Operating Expense": 38643000.0,
        "Other Operating Expenses": 4979000.0,
        "Depreciation Amortization Depletion Income Statement": 5782000.0,
        "Depreciation And Amortization In Income Statement": 5782000.0,
        "Selling General And Administration": 27882000.0,
        "Selling And Marketing Expense": 5445000.0,
        "General And Administrative Expense": 22437000.0,
        "Other Gand A": 2060000.0,
        "Rent And Landing Fees": NaN,
        "Salaries And Wages": 20377000.0,
        "Total Revenue": 36880000.0,
        "Operating Revenue": 36880000.0
    },
    "2023-09-30": {
        "Tax Effect Of Unusual Items": -617806.185567,
        "Tax Rate For Calcs": 0.356701,
        "Normalized EBITDA": 8408000.0,
        "Total Unusual Items": -1732000.0,
        "Total Unusual Items Excluding Goodwill": -1732000.0,
        "Net Income From Continuing Operation Net Minority Interest": 312000.0,
        "Reconciled Depreciation": 6073000.0,
        "EBITDA": 6676000.0,
        "EBIT": 603000.0,
        "Net Interest Income": -118000.0,
        "Interest Expense": 118000.0,
        "Normalized Income": 1426193.814433,
        "Net Income From Continuing And Discontinued Operation": 312000.0,
        "Total Expenses": 38337000.0,
        "Rent Expense Supplemental": NaN,
        "Diluted Average Shares": 162913831.0,
        "Basic Average Shares": 162913831.0,
        "Diluted EPS": 0.001915,
        "Basic EPS": 0.001915,
        "Diluted NI Availto Com Stockholders": 312000.0,
        "Net Income Common Stockholders": 312000.0,
        "Net Income": 312000.0,
        "Net Income Including Noncontrolling Interests": 312000.0,
        "Net Income Continuous Operations": 312000.0,
        "Tax Provision": 173000.0,
        "Pretax Income": 485000.0,
        "Other Income Expense": -181000.0,
        "Other Non Operating Income Expenses": 1551000.0,
        "Special Income Charges": 335000.0,
        "Gain On Sale Of Ppe": NaN,
        "Write Off": -158000.0,
        "Impairment Of Capital Assets": -177000.0,
        "Restructuring And Mergern Acquisition": 0.0,
        "Gain On Sale Of Security": -2067000.0,
        "Net Non Operating Interest Income Expense": -118000.0,
        "Interest Expense Non Operating": 118000.0,
        "Operating Income": 784000.0,
        "Operating Expense": 38337000.0,
        "Other Operating Expenses": 6384000.0,
        "Depreciation Amortization Depletion Income Statement": 6073000.0,
        "Depreciation And Amortization In Income Statement": 6073000.0,
        "Selling General And Administration": 25880000.0,
        "Selling And Marketing Expense": 6217000.0,
        "General And Administrative Expense": 19663000.0,
        "Other Gand A": 1767000.0,
        "Rent And Landing Fees": NaN,
        "Salaries And Wages": 17896000.0,
        "Total Revenue": 39121000.0,
        "Operating Revenue": 39121000.0
    },
    "2023-12-31": {
        "Tax Effect Of Unusual Items": 433160.0,
        "Tax Rate For Calcs": 0.17,
        "Normalized EBITDA": 8358000.0,
        "Total Unusual Items": 2548000.0,
        "Total Unusual Items Excluding Goodwill": 2548000.0,
        "Net Income From Continuing Operation Net Minority Interest": 1100000.0,
        "Reconciled Depreciation": 6188000.0,
        "EBITDA": 10906000.0,
        "EBIT": 4718000.0,
        "Net Interest Income": 7686000.0,
        "Interest Expense": 180000.0,
        "Normalized Income": -1014840.0,
        "Net Income From Continuing And Discontinued Operation": 1100000.0,
        "Total Expenses": 38220000.0,
        "Rent Expense Supplemental": NaN,
        "Diluted Average Shares": 163931445.0,
        "Basic Average Shares": 163931445.0,
        "Diluted EPS": 0.01,
        "Basic EPS": 0.01,
        "Diluted NI Availto Com Stockholders": 1100000.0,
        "Net Income Common Stockholders": 1100000.0,
        "Net Income": 1100000.0,
        "Net Income Including Noncontrolling Interests": 1100000.0,
        "Net Income Continuous Operations": 1100000.0,
        "Tax Provision": 3438000.0,
        "Pretax Income": 4538000.0,
        "Other Income Expense": -6434000.0,
        "Other Non Operating Income Expenses": -8982000.0,
        "Special Income Charges": 1108000.0,
        "Gain On Sale Of Ppe": NaN,
        "Write Off": -642000.0,
        "Impairment Of Capital Assets": -6000.0,
        "Restructuring And Mergern Acquisition": 0.0,
        "Gain On Sale Of Security": 1440000.0,
        "Net Non Operating Interest Income Expense": 7686000.0,
        "Interest Expense Non Operating": 180000.0,
        "Operating Income": 3286000.0,
        "Operating Expense": 38220000.0,
        "Other Operating Expenses": 6138000.0,
        "Depreciation Amortization Depletion Income Statement": 6188000.0,
        "Depreciation And Amortization In Income Statement": 6188000.0,
        "Selling General And Administration": 25894000.0,
        "Selling And Marketing Expense": 9651000.0,
        "General And Administrative Expense": 16243000.0,
        "Other Gand A": 1289000.0,
        "Rent And Landing Fees": NaN,
        "Salaries And Wages": 14954000.0,
        "Total Revenue": 41506000.0,
        "Operating Revenue": 41506000.0
    }
}