{
    "2023-03-31": {
        "Tax Effect Of Unusual Items": 0.0,
        "Tax Rate For Calcs": 0.246,
        "Normalized EBITDA": 69001000.0,
        "Total Unusual Items": NaN,
        "Total Unusual Items Excluding Goodwill": NaN,
        "Net Income From Continuing Operation Net Minority Interest": 33590000.0,
        "Reconciled Depreciation": 15683000.0,
        "Reconciled Cost Of Revenue": 227598000.0,
        "EBITDA": 69001000.0,
        "EBIT": 53318000.0,
        "Net Interest Income": -7656000.0,
        "Interest Expense": 7656000.0,
        "Normalized Income": 33590000.0,
        "Net Income From Continuing And Discontinued Operation": 33590000.0,
        "Total Expenses": 323511000.0,
        "Total Operating Income As Reported": 53318000.0,
        "Diluted Average Shares": 60153000.0,
        "Basic Average Shares": 59818000.0,
        "Diluted EPS": 0.54,
        "Basic EPS": 0.54,
        "Diluted NI Availto Com Stockholders": 32413000.0,
        "Net Income Common Stockholders": 32413000.0,
        "Otherunder Preferred Stock Dividend": 1177000.0,
        "Net Income": 33590000.0,
        "Minority Interests": -837000.0,
        "Net Income Including Noncontrolling Interests": 34427000.0,
        "Net Income Continuous Operations": 34427000.0,
        "Tax Provision": 11235000.0,
        "Pretax Income": 45662000.0,
        "Other Income Expense": NaN,
        "Special Income Charges": NaN,
        "Restructuring And Mergern Acquisition": NaN,
        "Net Non Operating Interest Income Expense": -7656000.0,
        "Interest Expense Non Operating": 7656000.0,
        "Operating Income": 53318000.0,
        "Operating Expense": 95913000.0,
        "Selling General And Administration": 95913000.0,
        "Gross Profit": 149231000.0,
        "Cost Of Revenue": 227598000.0,
        "Total Revenue": 376829000.0,
        "Operating Revenue": 376829000.0
    },
    "2022-12-31": {
        "Tax Effect Of Unusual Items": -2064627.773527,
        "Tax Rate For Calcs": 0.263581,
        "Normalized EBITDA": 40536000.0,
        "Total Unusual Items": -7833000.0,
        "Total Unusual Items Excluding Goodwill": -7833000.0,
        "Net Income From Continuing Operation Net Minority Interest": 7511000.0,
        "Reconciled Depreciation": 15114000.0,
        "Reconciled Cost Of Revenue": 219790000.0,
        "EBITDA": 32703000.0,
        "EBIT": 17589000.0,
        "Net Interest Income": -7755000.0,
        "Interest Expense": 7133000.0,
        "Normalized Income": 13279372.226473,
        "Net Income From Continuing And Discontinued Operation": 7511000.0,
        "Total Expenses": 314890000.0,
        "Total Operating Income As Reported": 18621000.0,
        "Diluted Average Shares": 60441000.0,
        "Basic Average Shares": 59980000.0,
        "Diluted EPS": 0.18,
        "Basic EPS": 0.18,
        "Diluted NI Availto Com Stockholders": 11025000.0,
        "Net Income Common Stockholders": 11025000.0,
        "Otherunder Preferred Stock Dividend": -3514000.0,
        "Net Income": 7511000.0,
        "Minority Interests": -189000.0,
        "Net Income Including Noncontrolling Interests": 7700000.0,
        "Net Income Continuous Operations": 7700000.0,
        "Tax Provision": 2756000.0,
        "Pretax Income": 10456000.0,
        "Other Income Expense": NaN,
        "Special Income Charges": -7833000.0,
        "Restructuring And Mergern Acquisition": NaN,
        "Net Non Operating Interest Income Expense": -7755000.0,
        "Interest Expense Non Operating": 7133000.0,
        "Operating Income": 26044000.0,
        "Operating Expense": 95100000.0,
        "Selling General And Administration": 95100000.0,
        "Gross Profit": 121144000.0,
        "Cost Of Revenue": 219790000.0,
        "Total Revenue": 340934000.0,
        "Operating Revenue": 340934000.0
    },
    "2022-09-30": {
        "Tax Effect Of Unusual Items": 0.0,
        "Tax Rate For Calcs": 0.249,
        "Normalized EBITDA": 61499000.0,
        "Total Unusual Items": 0.0,
        "Total Unusual Items Excluding Goodwill": 0.0,
        "Net Income From Continuing Operation Net Minority Interest": 30041000.0,
        "Reconciled Depreciation": 14096000.0,
        "Reconciled Cost Of Revenue": 236035000.0,
        "EBITDA": 61499000.0,
        "EBIT": 47403000.0,
        "Net Interest Income": -6889000.0,
        "Interest Expense": 6889000.0,
        "Normalized Income": 30041000.0,
        "Net Income From Continuing And Discontinued Operation": 30041000.0,
        "Total Expenses": 338434000.0,
        "Total Operating Income As Reported": 47403000.0,
        "Diluted Average Shares": 60402000.0,
        "Basic Average Shares": 59964000.0,
        "Diluted EPS": 0.5,
        "Basic EPS": 0.51,
        "Diluted NI Availto Com Stockholders": 30312000.0,
        "Net Income Common Stockholders": 30312000.0,
        "Otherunder Preferred Stock Dividend": -271000.0,
        "Net Income": 30041000.0,
        "Minority Interests": -373000.0,
        "Net Income Including Noncontrolling Interests": 30414000.0,
        "Net Income Continuous Operations": 30414000.0,
        "Tax Provision": 10100000.0,
        "Pretax Income": 40514000.0,
        "Other Income Expense": NaN,
        "Special Income Charges": 0.0,
        "Other Special Charges": NaN,
        "Impairment Of Capital Assets": NaN,
        "Restructuring And Mergern Acquisition": NaN,
        "Net Non Operating Interest Income Expense": -6889000.0,
        "Interest Expense Non Operating": 6889000.0,
        "Operating Income": 47403000.0,
        "Operating Expense": 102399000.0,
        "Selling General And Administration": 102399000.0,
        "Gross Profit": 149802000.0,
        "Cost Of Revenue": 236035000.0,
        "Total Revenue": 385837000.0,
        "Operating Revenue": 385837000.0
    },
    "2022-06-30": {
        "Tax Effect Of Unusual Items": 0.0,
        "Tax Rate For Calcs": 0.247679,
        "Normalized EBITDA": 55625000.0,
        "Total Unusual Items": NaN,
        "Total Unusual Items Excluding Goodwill": NaN,
        "Net Income From Continuing Operation Net Minority Interest": 36161000.0,
        "Reconciled Depreciation": 14475000.0,
        "Reconciled Cost Of Revenue": 241391000.0,
        "EBITDA": 55625000.0,
        "EBIT": 55625000.0,
        "Net Interest Income": -7155000.0,
        "Interest Expense": 7155000.0,
        "Normalized Income": 36161000.0,
        "Net Income From Continuing And Discontinued Operation": 36161000.0,
        "Total Expenses": 350896000.0,
        "Total Operating Income As Reported": 55625000.0,
        "Diluted Average Shares": 60257000.0,
        "Basic Average Shares": 59928000.0,
        "Diluted EPS": 0.61,
        "Basic EPS": 0.61,
        "Diluted NI Availto Com Stockholders": 36512000.0,
        "Net Income Common Stockholders": 36512000.0,
        "Otherunder Preferred Stock Dividend": -351000.0,
        "Net Income": 36161000.0,
        "Minority Interests": -304000.0,
        "Net Income Including Noncontrolling Interests": 36465000.0,
        "Net Income Continuous Operations": 36465000.0,
        "Tax Provision": 12005000.0,
        "Pretax Income": 48470000.0,
        "Other Income Expense": NaN,
        "Special Income Charges": NaN,
        "Other Special Charges": NaN,
        "Impairment Of Capital Assets": NaN,
        "Restructuring And Mergern Acquisition": NaN,
        "Net Non Operating Interest Income Expense": -7155000.0,
        "Interest Expense Non Operating": 7155000.0,
        "Operating Income": 55625000.0,
        "Operating Expense": 109505000.0,
        "Selling General And Administration": 109505000.0,
        "Gross Profit": 165130000.0,
        "Cost Of Revenue": 241391000.0,
        "Total Revenue": 406521000.0,
        "Operating Revenue": 406521000.0
    },
    "2023-06-30": {
        "Tax Effect Of Unusual Items": -666740.0,
        "Tax Rate For Calcs": 0.265,
        "Normalized EBITDA": 69303000.0,
        "Total Unusual Items": -2516000.0,
        "Total Unusual Items Excluding Goodwill": -2516000.0,
        "Net Income From Continuing Operation Net Minority Interest": 31490000.0,
        "Reconciled Depreciation": 15357000.0,
        "Reconciled Cost Of Revenue": 230983000.0,
        "EBITDA": 66787000.0,
        "EBIT": 51430000.0,
        "Net Interest Income": -8214000.0,
        "Interest Expense": 8214000.0,
        "Normalized Income": 33339260.0,
        "Net Income From Continuing And Discontinued Operation": 31490000.0,
        "Total Expenses": 330988000.0,
        "Total Operating Income As Reported": 51430000.0,
        "Diluted Average Shares": 58867000.0,
        "Basic Average Shares": 58559000.0,
        "Diluted EPS": 0.53,
        "Basic EPS": 0.53,
        "Diluted NI Availto Com Stockholders": 31030000.0,
        "Net Income Common Stockholders": 31030000.0,
        "Otherunder Preferred Stock Dividend": 460000.0,
        "Net Income": 31490000.0,
        "Minority Interests": -264000.0,
        "Net Income Including Noncontrolling Interests": 31754000.0,
        "Net Income Continuous Operations": 31754000.0,
        "Tax Provision": 11462000.0,
        "Pretax Income": 43216000.0,
        "Other Income Expense": -2516000.0,
        "Special Income Charges": -2516000.0,
        "Restructuring And Mergern Acquisition": 2516000.0,
        "Net Non Operating Interest Income Expense": -8214000.0,
        "Interest Expense Non Operating": 8214000.0,
        "Operating Income": 53946000.0,
        "Operating Expense": 100005000.0,
        "Selling General And Administration": 100005000.0,
        "Gross Profit": 153951000.0,
        "Cost Of Revenue": 230983000.0,
        "Total Revenue": 384934000.0,
        "Operating Revenue": 384934000.0
    },
    "2022-03-31": {
        "Diluted EPS": 0.35,
        "Total Revenue": 359,
        "Gross Profit": 135,
        "Operating Income": 39,
        "EBIT": 56,
        "Net Income": 21
    },
    "2021-12-31": {
        "Diluted EPS": 0.24,
        "Total Revenue": 304,
        "Gross Profit": 108,
        "Operating Income": 29,
        "EBIT": 44,
        "Net Income": 15
    },
    "2021-09-30": {
        "Diluted EPS": -0.11,
        "Total Revenue": 300,
        "Gross Profit": 104,
        "Operating Income": 26,
        "EBIT": 39,
        "Net Income": -7
    },
    "2021-06-30": {
        "Diluted EPS": 0.11,
        "Total Revenue": 286,
        "Gross Profit": 97,
        "Operating Income": 21,
        "EBIT": 34,
        "Net Income": 7
    },
    "2021-03-31": {
        "Diluted EPS": 0.21,
        "Total Revenue": 271,
        "Gross Profit": 94,
        "Operating Income": 24,
        "EBIT": 36,
        "Net Income": 12
    },
    "2020-12-31": {
        "Diluted EPS": 0.17,
        "Total Revenue": 222,
        "Gross Profit": 79,
        "Operating Income": 19,
        "EBIT": 31,
        "Net Income": 10
    },
    "2020-09-30": {
        "Diluted EPS": 0.29,
        "Total Revenue": 238,
        "Gross Profit": 87,
        "Operating Income": 30,
        "EBIT": 41,
        "Net Income": 17
    },
    "2020-06-30": {
        "Diluted EPS": 0.04,
        "Total Revenue": 203,
        "Gross Profit": 74,
        "Operating Income": 9,
        "EBIT": 20,
        "Net Income": 2
    },
    "2020-03-31": {
        "Diluted EPS": 0.26,
        "Total Revenue": 220,
        "Gross Profit": 81,
        "Operating Income": 27,
        "EBIT": 37,
        "Net Income": 16
    },
    "2019-12-31": {
        "Diluted EPS": 0.05,
        "Total Revenue": 175,
        "Gross Profit": 56,
        "Operating Income": 12,
        "EBIT": 22,
        "Net Income": 3
    },
    "2019-09-30": {
        "Diluted EPS": 0.26,
        "Total Revenue": 198,
        "Gross Profit": 70,
        "Operating Income": 25,
        "EBIT": 35,
        "Net Income": 15
    },
    "2019-06-30": {
        "Diluted EPS": 0.29,
        "Total Revenue": 199,
        "Gross Profit": 73,
        "Operating Income": 29,
        "EBIT": 38,
        "Net Income": 17
    },
    "2019-03-31": {
        "Diluted EPS": 0.14,
        "Total Revenue": 174,
        "Gross Profit": 61,
        "Operating Income": 17,
        "EBIT": 26,
        "Net Income": 8
    },
    "2018-12-31": {
        "Diluted EPS": 0.17,
        "Total Revenue": 190,
        "Gross Profit": 66,
        "Operating Income": 20,
        "EBIT": 29,
        "Net Income": 10
    },
    "2018-09-30": {
        "Diluted EPS": 0.26,
        "Total Revenue": 199,
        "Gross Profit": 73,
        "Operating Income": 29,
        "EBIT": 41,
        "Net Income": 14
    },
    "2018-06-30": {
        "Diluted EPS": 0.43,
        "Total Revenue": 169,
        "Gross Profit": 60,
        "Operating Income": 30,
        "EBIT": 35,
        "Net Income": 23
    },
    "2018-03-31": {
        "Diluted EPS": 0.14,
        "Total Revenue": 140,
        "Gross Profit": 45,
        "Operating Income": 16,
        "EBIT": 21,
        "Net Income": 7
    },
    "2017-12-31": {
        "Diluted EPS": 0.39,
        "Total Revenue": 134,
        "Gross Profit": 43,
        "Operating Income": 17,
        "EBIT": 23,
        "Net Income": 20
    },
    "2017-09-30": {
        "Diluted EPS": 0.12,
        "Total Revenue": 127,
        "Gross Profit": 40,
        "Operating Income": 15,
        "EBIT": 22,
        "Net Income": 6
    },
    "2017-06-30": {
        "Diluted EPS": 0.2,
        "Total Revenue": 137,
        "Gross Profit": 45,
        "Operating Income": 20,
        "EBIT": 25,
        "Net Income": 10
    },
    "2017-03-31": {
        "Diluted EPS": 0.06,
        "Total Revenue": 113,
        "Gross Profit": 32,
        "Operating Income": 9,
        "EBIT": 14,
        "Net Income": 3
    },
    "2016-12-31": {
        "Diluted EPS": 0.08,
        "Total Revenue": 110,
        "Gross Profit": 32,
        "Operating Income": 11,
        "EBIT": 16,
        "Net Income": 4
    },
    "2016-09-30": {
        "Diluted EPS": 0.21,
        "Total Revenue": 130,
        "Gross Profit": 41,
        "Operating Income": 22,
        "EBIT": 27,
        "Net Income": 11
    },
    "2016-06-30": {
        "Diluted EPS": 0.15,
        "Total Revenue": 119,
        "Gross Profit": 37,
        "Operating Income": 17,
        "EBIT": 21,
        "Net Income": 7
    },
    "2016-03-31": {
        "Diluted EPS": 0.03,
        "Total Revenue": 100,
        "Gross Profit": 30,
        "Operating Income": 10,
        "EBIT": 18,
        "Net Income": 1
    },
    "2015-12-31": {
        "Diluted EPS": 0.08,
        "Total Revenue": 93,
        "Gross Profit": 26,
        "Operating Income": 8,
        "EBIT": 11,
        "Net Income": 4
    },
    "2015-09-30": {
        "Diluted EPS": 0.13,
        "Total Revenue": 101,
        "Gross Profit": 29,
        "Operating Income": 13,
        "EBIT": 16,
        "Net Income": 6
    },
    "2015-06-30": {
        "Diluted EPS": 0.13,
        "Total Revenue": 101,
        "Gross Profit": 33,
        "Operating Income": 16,
        "EBIT": 19,
        "Net Income": 7
    },
    "2015-03-31": {
        "Diluted EPS": 0.13,
        "Total Revenue": 95,
        "Gross Profit": 31,
        "Operating Income": 13,
        "EBIT": 16,
        "Net Income": 7
    },
    "2014-12-31": {
        "Diluted EPS": 0.05,
        "Total Revenue": 85,
        "Gross Profit": 24,
        "Operating Income": 8,
        "EBIT": 10,
        "Net Income": 3
    },
    "2014-09-30": {
        "Diluted EPS": 0.05,
        "Total Revenue": 77,
        "Gross Profit": 23,
        "Operating Income": 9,
        "EBIT": 13,
        "Net Income": 2
    },
    "2014-06-30": {
        "Diluted EPS": 0.16,
        "Total Revenue": 82,
        "Gross Profit": 26,
        "Operating Income": 13,
        "EBIT": 14,
        "Net Income": 8
    },
    "2014-03-31": {
        "Diluted EPS": 0.07,
        "Total Revenue": 63,
        "Gross Profit": 20,
        "Operating Income": 6,
        "EBIT": 8,
        "Net Income": 3
    },
    "2013-12-31": {
        "Diluted EPS": 0.1,
        "Total Revenue": 62,
        "Gross Profit": 21,
        "Operating Income": 7,
        "EBIT": 10,
        "Net Income": 5
    },
    "2013-09-30": {
        "Diluted EPS": 0.13,
        "Total Revenue": 65,
        "Gross Profit": 21,
        "Operating Income": 7,
        "EBIT": 10,
        "Net Income": 6
    },
    "2013-06-30": {
        "Diluted EPS": 0.19,
        "Total Revenue": 63,
        "Gross Profit": 21,
        "Operating Income": 7,
        "EBIT": 10,
        "Net Income": 10
    },
    "2013-03-31": {
        "Diluted EPS": 0.09,
        "Total Revenue": 50,
        "Gross Profit": 18,
        "Operating Income": 7,
        "EBIT": 10,
        "Net Income": 5
    },
    "2012-12-31": {
        "Diluted EPS": 0.05,
        "Total Revenue": 45,
        "Gross Profit": 16,
        "Operating Income": 4,
        "EBIT": 7,
        "Net Income": 3
    },
    "2012-09-30": {
        "Diluted EPS": 0.05,
        "Total Revenue": 45,
        "Gross Profit": 15,
        "Operating Income": 4,
        "EBIT": 7,
        "Net Income": 3
    },
    "2012-06-30": {
        "Diluted EPS": 0.07,
        "Total Revenue": 46,
        "Gross Profit": 16,
        "Operating Income": 5,
        "EBIT": 8,
        "Net Income": 4
    },
    "2012-03-31": {
        "Diluted EPS": -0.01,
        "Total Revenue": 38,
        "Gross Profit": 12,
        "Operating Income": 0,
        "EBIT": 4,
        "Net Income": -1
    },
    "2011-12-31": {
        "Diluted EPS": -0.12,
        "Total Revenue": 36,
        "Gross Profit": 9,
        "Operating Income": -9,
        "EBIT": -5,
        "Net Income": -6
    },
    "2011-09-30": {
        "Diluted EPS": 0.01,
        "Total Revenue": 46,
        "Gross Profit": 13,
        "Operating Income": 1,
        "EBIT": 5,
        "Net Income": 0
    },
    "2011-06-30": {
        "Diluted EPS": -0.09,
        "Total Revenue": 45,
        "Gross Profit": 9,
        "Operating Income": -4,
        "EBIT": 1,
        "Net Income": -5
    },
    "2011-03-31": {
        "Diluted EPS": -0.11,
        "Total Revenue": 41,
        "Gross Profit": 8,
        "Operating Income": -5,
        "EBIT": -1,
        "Net Income": -6
    },
    "2010-12-31": {
        "Diluted EPS": -0.24,
        "Total Revenue": 39,
        "Gross Profit": 9,
        "Operating Income": -11,
        "EBIT": -7,
        "Net Income": -12
    },
    "2010-09-30": {
        "Diluted EPS": -0.0,
        "Total Revenue": 47,
        "Gross Profit": 15,
        "Operating Income": 1,
        "EBIT": 5,
        "Net Income": 0
    },
    "2010-06-30": {
        "Diluted EPS": 0.0,
        "Total Revenue": 49,
        "Gross Profit": 15,
        "Operating Income": 1,
        "EBIT": 5,
        "Net Income": 0
    },
    "2010-03-31": {
        "Diluted EPS": -0.05,
        "Total Revenue": 41,
        "Gross Profit": 11,
        "Operating Income": -1,
        "EBIT": 4,
        "Net Income": -2
    },
    "2009-12-31": {
        "Diluted EPS": 0.01,
        "Total Revenue": 36,
        "Gross Profit": 9,
        "Operating Income": -3,
        "EBIT": 1,
        "Net Income": 0
    },
    "2009-09-30": {
        "Diluted EPS": -0.09,
        "Total Revenue": 42,
        "Gross Profit": 11,
        "Operating Income": -2,
        "EBIT": 2,
        "Net Income": -3
    },
    "2009-06-30": {
        "Diluted EPS": 0.01,
        "Total Revenue": 47,
        "Gross Profit": 15,
        "Operating Income": 2,
        "EBIT": 6,
        "Net Income": 0
    },
    "2009-03-31": {
        "Diluted EPS": -0.19,
        "Total Revenue": 42,
        "Gross Profit": 10,
        "Operating Income": -5,
        "EBIT": -1,
        "Net Income": -7
    },
    "2023-09-30": {
        "Tax Effect Of Unusual Items": 205646.0,
        "Tax Rate For Calcs": 0.259,
        "Normalized EBITDA": 75269000.0,
        "Total Unusual Items": 794000.0,
        "Total Unusual Items Excluding Goodwill": 794000.0,
        "Net Income From Continuing Operation Net Minority Interest": 39207000.0,
        "Reconciled Depreciation": 15369000.0,
        "Reconciled Cost Of Revenue": 238159000.0,
        "EBITDA": 76063000.0,
        "EBIT": 60694000.0,
        "Net Interest Income": -7772000.0,
        "Interest Expense": 7772000.0,
        "Normalized Income": 38618646.0,
        "Net Income From Continuing And Discontinued Operation": 39207000.0,
        "Total Expenses": 340031000.0,
        "Total Operating Income As Reported": 60694000.0,
        "Diluted Average Shares": 58291000.0,
        "Basic Average Shares": 58012000.0,
        "Diluted EPS": 0.67,
        "Basic EPS": 0.68,
        "Diluted NI Availto Com Stockholders": 39207000.0,
        "Net Income Common Stockholders": 39207000.0,
        "Otherunder Preferred Stock Dividend": 0.0,
        "Net Income": 39207000.0,
        "Minority Interests": 0.0,
        "Net Income Including Noncontrolling Interests": 39207000.0,
        "Net Income Continuous Operations": 39207000.0,
        "Tax Provision": 13715000.0,
        "Pretax Income": 52922000.0,
        "Other Income Expense": 794000.0,
        "Special Income Charges": 794000.0,
        "Restructuring And Mergern Acquisition": -794000.0,
        "Net Non Operating Interest Income Expense": -7772000.0,
        "Interest Expense Non Operating": 7772000.0,
        "Operating Income": 59900000.0,
        "Operating Expense": 101872000.0,
        "Selling General And Administration": 101872000.0,
        "Gross Profit": 161772000.0,
        "Cost Of Revenue": 238159000.0,
        "Total Revenue": 399931000.0,
        "Operating Revenue": 399931000.0
    }
}