{
    "2023-03-31": {
        "Tax Effect Of Unusual Items": NaN,
        "Tax Rate For Calcs": NaN,
        "Normalized EBITDA": NaN,
        "Net Income From Continuing Operation Net Minority Interest": NaN,
        "Reconciled Depreciation": NaN,
        "Reconciled Cost Of Revenue": NaN,
        "EBITDA": NaN,
        "EBIT": NaN,
        "Net Interest Income": NaN,
        "Interest Expense": NaN,
        "Interest Income": NaN,
        "Normalized Income": NaN,
        "Net Income From Continuing And Discontinued Operation": NaN,
        "Total Expenses": NaN,
        "Total Operating Income As Reported": NaN,
        "Diluted Average Shares": 64252632.0,
        "Basic Average Shares": 64252632.0,
        "Diluted EPS": -0.19,
        "Basic EPS": -0.19,
        "Diluted NI Availto Com Stockholders": NaN,
        "Net Income Common Stockholders": NaN,
        "Net Income": NaN,
        "Net Income Including Noncontrolling Interests": NaN,
        "Net Income Continuous Operations": NaN,
        "Tax Provision": NaN,
        "Pretax Income": NaN,
        "Other Income Expense": NaN,
        "Earnings From Equity Interest": NaN,
        "Net Non Operating Interest Income Expense": NaN,
        "Interest Expense Non Operating": NaN,
        "Interest Income Non Operating": NaN,
        "Operating Income": NaN,
        "Operating Expense": NaN,
        "Other Operating Expenses": NaN,
        "Research And Development": NaN,
        "Selling General And Administration": NaN,
        "Selling And Marketing Expense": NaN,
        "General And Administrative Expense": NaN,
        "Other Gand A": NaN,
        "Gross Profit": NaN,
        "Cost Of Revenue": NaN,
        "Total Revenue": NaN,
        "Operating Revenue": NaN
    },
    "2022-12-31": {
        "Tax Effect Of Unusual Items": 0.0,
        "Tax Rate For Calcs": 0.190908,
        "Normalized EBITDA": -9730000.0,
        "Net Income From Continuing Operation Net Minority Interest": -14630000.0,
        "Reconciled Depreciation": 6972000.0,
        "Reconciled Cost Of Revenue": 6274000.0,
        "EBITDA": -9730000.0,
        "EBIT": -16702000.0,
        "Net Interest Income": -6297000.0,
        "Interest Expense": 1380000.0,
        "Interest Income": -9212000.0,
        "Normalized Income": -14630000.0,
        "Net Income From Continuing And Discontinued Operation": -14630000.0,
        "Total Expenses": 72665000.0,
        "Total Operating Income As Reported": -10177000.0,
        "Diluted Average Shares": NaN,
        "Basic Average Shares": NaN,
        "Diluted EPS": NaN,
        "Basic EPS": NaN,
        "Diluted NI Availto Com Stockholders": -14630000.0,
        "Net Income Common Stockholders": -14630000.0,
        "Net Income": -14630000.0,
        "Net Income Including Noncontrolling Interests": -14630000.0,
        "Net Income Continuous Operations": -14630000.0,
        "Tax Provision": -3452000.0,
        "Pretax Income": -18082000.0,
        "Other Income Expense": 6258000.0,
        "Earnings From Equity Interest": -423000.0,
        "Net Non Operating Interest Income Expense": -6297000.0,
        "Interest Expense Non Operating": 1380000.0,
        "Interest Income Non Operating": -9212000.0,
        "Operating Income": -18043000.0,
        "Operating Expense": 66391000.0,
        "Other Operating Expenses": 22359000.0,
        "Research And Development": 10892000.0,
        "Selling General And Administration": 30123000.0,
        "Selling And Marketing Expense": 28984000.0,
        "General And Administrative Expense": 1139000.0,
        "Other Gand A": -13729000.0,
        "Gross Profit": 48348000.0,
        "Cost Of Revenue": 6274000.0,
        "Total Revenue": 54621000.0,
        "Operating Revenue": 54621000.0
    },
    "2022-09-30": {
        "Tax Effect Of Unusual Items": 0.0,
        "Tax Rate For Calcs": 0.019183,
        "Normalized EBITDA": 12481000.0,
        "Net Income From Continuing Operation Net Minority Interest": 9101000.0,
        "Reconciled Depreciation": 1953000.0,
        "Reconciled Cost Of Revenue": 2382000.0,
        "EBITDA": 12481000.0,
        "EBIT": 10528000.0,
        "Net Interest Income": 8099000.0,
        "Interest Expense": 1249000.0,
        "Interest Income": 9297000.0,
        "Normalized Income": 9101000.0,
        "Net Income From Continuing And Discontinued Operation": 9101000.0,
        "Total Expenses": 46473000.0,
        "Total Operating Income As Reported": 7764000.0,
        "Diluted Average Shares": 68640600.0,
        "Basic Average Shares": 66436167.0,
        "Diluted EPS": 0.13,
        "Basic EPS": 0.14,
        "Diluted NI Availto Com Stockholders": 9101000.0,
        "Net Income Common Stockholders": 9101000.0,
        "Net Income": 9101000.0,
        "Net Income Including Noncontrolling Interests": 9101000.0,
        "Net Income Continuous Operations": 9101000.0,
        "Tax Provision": 178000.0,
        "Pretax Income": 9279000.0,
        "Other Income Expense": -6584000.0,
        "Earnings From Equity Interest": -110000.0,
        "Net Non Operating Interest Income Expense": 8099000.0,
        "Interest Expense Non Operating": 1249000.0,
        "Interest Income Non Operating": 9297000.0,
        "Operating Income": 7764000.0,
        "Operating Expense": 44091000.0,
        "Other Operating Expenses": -647000.0,
        "Research And Development": 12343000.0,
        "Selling General And Administration": 32395000.0,
        "Selling And Marketing Expense": 20370000.0,
        "General And Administrative Expense": 12025000.0,
        "Other Gand A": 12025000.0,
        "Gross Profit": 51855000.0,
        "Cost Of Revenue": 2382000.0,
        "Total Revenue": 54238000.0,
        "Operating Revenue": 54238000.0
    },
    "2022-06-30": {
        "Tax Effect Of Unusual Items": 0.0,
        "Tax Rate For Calcs": 0.195071,
        "Normalized EBITDA": 22980000.0,
        "Net Income From Continuing Operation Net Minority Interest": 15742000.0,
        "Reconciled Depreciation": 2073000.0,
        "Reconciled Cost Of Revenue": 4029000.0,
        "EBITDA": 22980000.0,
        "EBIT": 20907000.0,
        "Net Interest Income": -4629000.0,
        "Interest Expense": 1350000.0,
        "Interest Income": -3228000.0,
        "Normalized Income": 15742000.0,
        "Net Income From Continuing And Discontinued Operation": 15742000.0,
        "Total Expenses": 32325000.0,
        "Total Operating Income As Reported": 17821000.0,
        "Diluted Average Shares": 74419400.0,
        "Basic Average Shares": 61813600.0,
        "Diluted EPS": 0.22,
        "Basic EPS": 0.24,
        "Diluted NI Availto Com Stockholders": 15742000.0,
        "Net Income Common Stockholders": 15742000.0,
        "Net Income": 15742000.0,
        "Net Income Including Noncontrolling Interests": 15742000.0,
        "Net Income Continuous Operations": 15742000.0,
        "Tax Provision": 3815000.0,
        "Pretax Income": 19557000.0,
        "Other Income Expense": 6365000.0,
        "Earnings From Equity Interest": -109000.0,
        "Net Non Operating Interest Income Expense": -4629000.0,
        "Interest Expense Non Operating": 1350000.0,
        "Interest Income Non Operating": -3228000.0,
        "Operating Income": 17821000.0,
        "Operating Expense": 28296000.0,
        "Other Operating Expenses": -14082000.0,
        "Research And Development": 14433000.0,
        "Selling General And Administration": 27945000.0,
        "Selling And Marketing Expense": 19252000.0,
        "General And Administrative Expense": 8693000.0,
        "Other Gand A": 8693000.0,
        "Gross Profit": 46117000.0,
        "Cost Of Revenue": 4029000.0,
        "Total Revenue": 50146000.0,
        "Operating Revenue": 50146000.0
    },
    "2022-03-31": {
        "Diluted EPS": 0.05,
        "Total Revenue": 47,
        "Gross Profit": 42,
        "Operating Income": 3,
        "EBIT": 5,
        "Net Income": 3
    },
    "2021-03-31": {
        "Diluted EPS": 0.13,
        "Total Revenue": 44,
        "Gross Profit": 39,
        "Operating Income": 6,
        "EBIT": 8,
        "Net Income": 9
    },
    "2020-12-31": {
        "Diluted EPS": 0.0,
        "Total Revenue": NaN,
        "Gross Profit": NaN,
        "Operating Income": NaN,
        "EBIT": NaN,
        "Net Income": NaN
    },
    "2020-09-30": {
        "Diluted EPS": 0.0,
        "Total Revenue": NaN,
        "Gross Profit": NaN,
        "Operating Income": NaN,
        "EBIT": NaN,
        "Net Income": NaN
    },
    "2020-03-31": {
        "Diluted EPS": 0.13,
        "Total Revenue": 54,
        "Gross Profit": 49,
        "Operating Income": 21,
        "EBIT": 23,
        "Net Income": 9
    },
    "2019-12-31": {
        "Diluted EPS": 0.0,
        "Total Revenue": NaN,
        "Gross Profit": NaN,
        "Operating Income": NaN,
        "EBIT": NaN,
        "Net Income": NaN
    },
    "2023-06-30": {
        "Tax Effect Of Unusual Items": 0.0,
        "Tax Rate For Calcs": 0.258,
        "Normalized EBITDA": 6722000.0,
        "Net Income From Continuing Operation Net Minority Interest": 1319000.0,
        "Reconciled Depreciation": 3162000.0,
        "Reconciled Cost Of Revenue": 5724000.0,
        "EBITDA": 6722000.0,
        "EBIT": 3560000.0,
        "Net Interest Income": 488000.0,
        "Interest Expense": 174000.0,
        "Interest Income": 676000.0,
        "Normalized Income": 1319000.0,
        "Net Income From Continuing And Discontinued Operation": 1319000.0,
        "Total Expenses": 49598000.0,
        "Total Operating Income As Reported": 5299000.0,
        "Diluted Average Shares": NaN,
        "Basic Average Shares": NaN,
        "Diluted EPS": NaN,
        "Basic EPS": NaN,
        "Diluted NI Availto Com Stockholders": 1319000.0,
        "Net Income Common Stockholders": 1319000.0,
        "Net Income": 1319000.0,
        "Net Income Including Noncontrolling Interests": 1319000.0,
        "Net Income Continuous Operations": 1319000.0,
        "Tax Provision": 2067000.0,
        "Pretax Income": 3386000.0,
        "Other Income Expense": -2401000.0,
        "Earnings From Equity Interest": -130000.0,
        "Net Non Operating Interest Income Expense": 488000.0,
        "Interest Expense Non Operating": 174000.0,
        "Interest Income Non Operating": 676000.0,
        "Operating Income": 5299000.0,
        "Operating Expense": 43874000.0,
        "Other Operating Expenses": -21928000.0,
        "Research And Development": 20914000.0,
        "Selling General And Administration": 44888000.0,
        "Selling And Marketing Expense": 33906000.0,
        "General And Administrative Expense": 10982000.0,
        "Other Gand A": 10982000.0,
        "Gross Profit": 49173000.0,
        "Cost Of Revenue": 5724000.0,
        "Total Revenue": 54897000.0,
        "Operating Revenue": 54897000.0
    },
    "2023-09-30": {
        "Tax Effect Of Unusual Items": 0.0,
        "Tax Rate For Calcs": 0.258,
        "Normalized EBITDA": 7861000.0,
        "Net Income From Continuing Operation Net Minority Interest": 3464000.0,
        "Reconciled Depreciation": 2902000.0,
        "Reconciled Cost Of Revenue": 8295000.0,
        "EBITDA": 7861000.0,
        "EBIT": 4959000.0,
        "Net Interest Income": -387000.0,
        "Interest Expense": 1652000.0,
        "Interest Income": 1251000.0,
        "Normalized Income": 3464000.0,
        "Net Income From Continuing And Discontinued Operation": 3464000.0,
        "Total Expenses": 64753000.0,
        "Total Operating Income As Reported": 1908000.0,
        "Diluted Average Shares": NaN,
        "Basic Average Shares": NaN,
        "Diluted EPS": NaN,
        "Basic EPS": NaN,
        "Diluted NI Availto Com Stockholders": 3464000.0,
        "Net Income Common Stockholders": 3464000.0,
        "Net Income": 3464000.0,
        "Net Income Including Noncontrolling Interests": 3464000.0,
        "Net Income Continuous Operations": 3464000.0,
        "Tax Provision": -157000.0,
        "Pretax Income": 3307000.0,
        "Other Income Expense": 1786000.0,
        "Earnings From Equity Interest": -485000.0,
        "Net Non Operating Interest Income Expense": -387000.0,
        "Interest Expense Non Operating": 1652000.0,
        "Interest Income Non Operating": 1251000.0,
        "Operating Income": 1908000.0,
        "Operating Expense": 56458000.0,
        "Other Operating Expenses": -304000.0,
        "Research And Development": 20753000.0,
        "Selling General And Administration": 36009000.0,
        "Selling And Marketing Expense": 25123000.0,
        "General And Administrative Expense": 10886000.0,
        "Other Gand A": 10886000.0,
        "Gross Profit": 58366000.0,
        "Cost Of Revenue": 8295000.0,
        "Total Revenue": 66661000.0,
        "Operating Revenue": 66661000.0
    },
    "2023-12-31": {
        "Tax Effect Of Unusual Items": 0.0,
        "Tax Rate For Calcs": 0.258,
        "Normalized EBITDA": 6867000.0,
        "Net Income From Continuing Operation Net Minority Interest": -3123000.0,
        "Reconciled Depreciation": 7555000.0,
        "Reconciled Cost Of Revenue": 7118000.0,
        "EBITDA": 6867000.0,
        "EBIT": -688000.0,
        "Net Interest Income": 136000.0,
        "Interest Expense": 1343000.0,
        "Interest Income": 1613000.0,
        "Normalized Income": -3123000.0,
        "Net Income From Continuing And Discontinued Operation": -3123000.0,
        "Total Expenses": 97050000.0,
        "Total Operating Income As Reported": 1069000.0,
        "Diluted Average Shares": NaN,
        "Basic Average Shares": NaN,
        "Diluted EPS": NaN,
        "Basic EPS": NaN,
        "Diluted NI Availto Com Stockholders": -3123000.0,
        "Net Income Common Stockholders": -3123000.0,
        "Net Income": -3123000.0,
        "Net Income Including Noncontrolling Interests": -3123000.0,
        "Net Income Continuous Operations": -3123000.0,
        "Tax Provision": 1092000.0,
        "Pretax Income": -2031000.0,
        "Other Income Expense": 13666000.0,
        "Earnings From Equity Interest": 665000.0,
        "Net Non Operating Interest Income Expense": 136000.0,
        "Interest Expense Non Operating": 1343000.0,
        "Interest Income Non Operating": 1613000.0,
        "Operating Income": -15833000.0,
        "Operating Expense": 89932000.0,
        "Other Operating Expenses": 99633000.0,
        "Research And Development": 11627000.0,
        "Selling General And Administration": -30484000.0,
        "Selling And Marketing Expense": -79319000.0,
        "General And Administrative Expense": 48835000.0,
        "Other Gand A": -16859000.0,
        "Gross Profit": 74099000.0,
        "Cost Of Revenue": 7118000.0,
        "Total Revenue": 81217000.0,
        "Operating Revenue": 81217000.0
    },
    "2024-03-31": {
        "Tax Effect Of Unusual Items": 0.0,
        "Tax Rate For Calcs": 0.251203,
        "Normalized EBITDA": -9147000.0,
        "Net Income From Continuing Operation Net Minority Interest": -12448000.0,
        "Reconciled Depreciation": 5921000.0,
        "Reconciled Cost Of Revenue": 8386000.0,
        "EBITDA": -9147000.0,
        "EBIT": -15068000.0,
        "Net Interest Income": 223000.0,
        "Interest Expense": 1556000.0,
        "Interest Income": 1779000.0,
        "Normalized Income": -12448000.0,
        "Net Income From Continuing And Discontinued Operation": -12448000.0,
        "Total Expenses": 71898000.0,
        "Total Operating Income As Reported": -16312000.0,
        "Diluted Average Shares": 65515789.0,
        "Basic Average Shares": 65515789.0,
        "Diluted EPS": -0.19,
        "Basic EPS": -0.19,
        "Diluted NI Availto Com Stockholders": -12448000.0,
        "Net Income Common Stockholders": -12448000.0,
        "Net Income": -12448000.0,
        "Net Income Including Noncontrolling Interests": -12448000.0,
        "Net Income Continuous Operations": -12448000.0,
        "Tax Provision": -4176000.0,
        "Pretax Income": -16624000.0,
        "Other Income Expense": -535000.0,
        "Earnings From Equity Interest": -535000.0,
        "Net Non Operating Interest Income Expense": 223000.0,
        "Interest Expense Non Operating": 1556000.0,
        "Interest Income Non Operating": 1779000.0,
        "Operating Income": -16312000.0,
        "Operating Expense": 63512000.0,
        "Other Operating Expenses": -345000.0,
        "Research And Development": 18521000.0,
        "Selling General And Administration": 45336000.0,
        "Selling And Marketing Expense": 30249000.0,
        "General And Administrative Expense": 15087000.0,
        "Other Gand A": 15087000.0,
        "Gross Profit": 47200000.0,
        "Cost Of Revenue": 8386000.0,
        "Total Revenue": 55586000.0,
        "Operating Revenue": 55586000.0
    },
    "2024-06-30": {
        "Tax Effect Of Unusual Items": 0.0,
        "Tax Rate For Calcs": 0.258,
        "Normalized EBITDA": 1914000.0,
        "Net Income From Continuing Operation Net Minority Interest": -1218000.0,
        "Reconciled Depreciation": -293000.0,
        "Reconciled Cost Of Revenue": 7981000.0,
        "EBITDA": 1914000.0,
        "EBIT": 1914000.0,
        "Net Interest Income": -2014000.0,
        "Interest Expense": 1974000.0,
        "Interest Income": 920000.0,
        "Normalized Income": -1218000.0,
        "Net Income From Continuing And Discontinued Operation": -1218000.0,
        "Total Expenses": 77214000.0,
        "Total Operating Income As Reported": -3121000.0,
        "Diluted Average Shares": NaN,
        "Basic Average Shares": NaN,
        "Diluted EPS": NaN,
        "Basic EPS": NaN,
        "Diluted NI Availto Com Stockholders": -1218000.0,
        "Net Income Common Stockholders": -1218000.0,
        "Net Income": -1218000.0,
        "Net Income Including Noncontrolling Interests": -1218000.0,
        "Net Income Continuous Operations": -1218000.0,
        "Tax Provision": 1158000.0,
        "Pretax Income": -60000.0,
        "Other Income Expense": 5075000.0,
        "Earnings From Equity Interest": -299000.0,
        "Net Non Operating Interest Income Expense": -2014000.0,
        "Interest Expense Non Operating": 1974000.0,
        "Interest Income Non Operating": 920000.0,
        "Operating Income": -3121000.0,
        "Operating Expense": 69233000.0,
        "Other Operating Expenses": -912000.0,
        "Research And Development": 21597000.0,
        "Selling General And Administration": 48548000.0,
        "Selling And Marketing Expense": 32928000.0,
        "General And Administrative Expense": 15620000.0,
        "Other Gand A": 15620000.0,
        "Gross Profit": 66112000.0,
        "Cost Of Revenue": 7981000.0,
        "Total Revenue": 74093000.0,
        "Operating Revenue": 74093000.0
    }
}