{
    "2023-03-31": {
        "Tax Effect Of Unusual Items": 529560464.735722,
        "Tax Rate For Calcs": 0.257568,
        "Normalized EBITDA": 24984000000.0,
        "Total Unusual Items": 2056000000.0,
        "Total Unusual Items Excluding Goodwill": 2056000000.0,
        "Net Income From Continuing Operation Net Minority Interest": 9040000000.0,
        "Reconciled Depreciation": 11744000000.0,
        "Reconciled Cost Of Revenue": 6657000000.0,
        "EBITDA": 27040000000.0,
        "EBIT": 15296000000.0,
        "Net Interest Income": -2797000000.0,
        "Interest Expense": 3074000000.0,
        "Interest Income": 278000000.0,
        "Normalized Income": 7513560464.735722,
        "Net Income From Continuing And Discontinued Operation": 9015000000.0,
        "Total Expenses": 38596000000.0,
        "Rent Expense Supplemental": 460000000.0,
        "Diluted Average Shares": 216056000.0,
        "Basic Average Shares": 216056000.0,
        "Diluted EPS": 41.77,
        "Basic EPS": 41.77,
        "Diluted NI Availto Com Stockholders": 9015000000.0,
        "Net Income Common Stockholders": 9015000000.0,
        "Preferred Stock Dividends": NaN,
        "Net Income": 9015000000.0,
        "Minority Interests": -34000000.0,
        "Net Income Including Noncontrolling Interests": 9049000000.0,
        "Net Income Discontinuous Operations": -25000000.0,
        "Net Income Continuous Operations": 9074000000.0,
        "Tax Provision": 3148000000.0,
        "Pretax Income": 12222000000.0,
        "Other Income Expense": 1253000000.0,
        "Other Non Operating Income Expenses": -98000000.0,
        "Special Income Charges": 1429000000.0,
        "Gain On Sale Of Ppe": 2531000000.0,
        "Write Off": 1102000000.0,
        "Impairment Of Capital Assets": 0.0,
        "Earnings From Equity Interest": -705000000.0,
        "Gain On Sale Of Security": 627000000.0,
        "Net Non Operating Interest Income Expense": -2797000000.0,
        "Total Other Finance Cost": 1000000.0,
        "Interest Expense Non Operating": 3074000000.0,
        "Interest Income Non Operating": 278000000.0,
        "Operating Income": 13766000000.0,
        "Operating Expense": 31930000000.0,
        "Other Operating Expenses": 7160000000.0,
        "Other Taxes": 1113000000.0,
        "Depreciation Amortization Depletion Income Statement": 11735000000.0,
        "Depreciation And Amortization In Income Statement": 11735000000.0,
        "Amortization": 56000000.0,
        "Amortization Of Intangibles Income Statement": 56000000.0,
        "Depreciation Income Statement": 11679000000.0,
        "Selling General And Administration": 11922000000.0,
        "Selling And Marketing Expense": 1439000000.0,
        "General And Administrative Expense": 10483000000.0,
        "Other Gand A": 2251000000.0,
        "Insurance And Claims": 316000000.0,
        "Rent And Landing Fees": 460000000.0,
        "Salaries And Wages": 7456000000.0,
        "Gross Profit": 45696000000.0,
        "Cost Of Revenue": 6666000000.0,
        "Total Revenue": 52362000000.0,
        "Operating Revenue": 52362000000.0
    },
    "2022-12-31": {
        "Tax Effect Of Unusual Items": 128502137.529562,
        "Tax Rate For Calcs": 0.231535,
        "Normalized EBITDA": 26625000000.0,
        "Total Unusual Items": 555000000.0,
        "Total Unusual Items Excluding Goodwill": 555000000.0,
        "Net Income From Continuing Operation Net Minority Interest": -16897000000.0,
        "Reconciled Depreciation": 45936000000.0,
        "Reconciled Cost Of Revenue": 5678000000.0,
        "EBITDA": 27180000000.0,
        "EBIT": -18756000000.0,
        "Net Interest Income": -3115000000.0,
        "Interest Expense": 3232000000.0,
        "Interest Income": 177000000.0,
        "Normalized Income": -17323497862.470436,
        "Net Income From Continuing And Discontinued Operation": -16897000000.0,
        "Total Expenses": 70405000000.0,
        "Rent Expense Supplemental": 580000000.0,
        "Diluted Average Shares": NaN,
        "Basic Average Shares": NaN,
        "Diluted EPS": NaN,
        "Basic EPS": NaN,
        "Diluted NI Availto Com Stockholders": -16912000000.0,
        "Net Income Common Stockholders": -16912000000.0,
        "Preferred Stock Dividends": 15000000.0,
        "Net Income": -16897000000.0,
        "Minority Interests": 0.0,
        "Net Income Including Noncontrolling Interests": -16897000000.0,
        "Net Income Discontinuous Operations": NaN,
        "Net Income Continuous Operations": -16897000000.0,
        "Tax Provision": -5091000000.0,
        "Pretax Income": -21988000000.0,
        "Other Income Expense": -789000000.0,
        "Other Non Operating Income Expenses": -77000000.0,
        "Special Income Charges": -559000000.0,
        "Gain On Sale Of Ppe": -22819000000.0,
        "Gain On Sale Of Business": -195000000.0,
        "Other Special Charges": -24697000000.0,
        "Write Off": 2111000000.0,
        "Impairment Of Capital Assets": 131000000.0,
        "Earnings From Equity Interest": -1267000000.0,
        "Gain On Sale Of Security": 1114000000.0,
        "Net Non Operating Interest Income Expense": -3115000000.0,
        "Total Other Finance Cost": 60000000.0,
        "Interest Expense Non Operating": 3232000000.0,
        "Interest Income Non Operating": 177000000.0,
        "Operating Income": -18084000000.0,
        "Operating Expense": 64727000000.0,
        "Other Operating Expenses": 6665000000.0,
        "Other Taxes": 861000000.0,
        "Depreciation Amortization Depletion Income Statement": 45936000000.0,
        "Depreciation And Amortization In Income Statement": 45936000000.0,
        "Amortization": 68000000.0,
        "Amortization Of Intangibles Income Statement": 68000000.0,
        "Depreciation Income Statement": 45868000000.0,
        "Selling General And Administration": 11265000000.0,
        "Selling And Marketing Expense": 1799000000.0,
        "General And Administrative Expense": 9466000000.0,
        "Other Gand A": 2928000000.0,
        "Insurance And Claims": 401000000.0,
        "Rent And Landing Fees": 580000000.0,
        "Salaries And Wages": 5557000000.0,
        "Gross Profit": 46643000000.0,
        "Cost Of Revenue": 5678000000.0,
        "Total Revenue": 52321000000.0,
        "Operating Revenue": 52321000000.0
    },
    "2022-09-30": {
        "Tax Effect Of Unusual Items": -350585701.981051,
        "Tax Rate For Calcs": 0.23141,
        "Normalized EBITDA": 27540000000.0,
        "Total Unusual Items": -1515000000.0,
        "Total Unusual Items Excluding Goodwill": -1515000000.0,
        "Net Income From Continuing Operation Net Minority Interest": 10641000000.0,
        "Reconciled Depreciation": 12158000000.0,
        "Reconciled Cost Of Revenue": 5372000000.0,
        "EBITDA": 26025000000.0,
        "EBIT": 13867000000.0,
        "Net Interest Income": NaN,
        "Interest Expense": NaN,
        "Interest Income": NaN,
        "Normalized Income": 11805414298.01895,
        "Net Income From Continuing And Discontinued Operation": 10641000000.0,
        "Total Expenses": 37666000000.0,
        "Rent Expense Supplemental": NaN,
        "Diluted Average Shares": 216336834.0,
        "Basic Average Shares": 216336834.0,
        "Diluted EPS": 49.52,
        "Basic EPS": 49.52,
        "Diluted NI Availto Com Stockholders": 10641000000.0,
        "Net Income Common Stockholders": 10641000000.0,
        "Preferred Stock Dividends": NaN,
        "Net Income": 10641000000.0,
        "Minority Interests": -67000000.0,
        "Net Income Including Noncontrolling Interests": 10708000000.0,
        "Net Income Discontinuous Operations": NaN,
        "Net Income Continuous Operations": 10708000000.0,
        "Tax Provision": 3224000000.0,
        "Pretax Income": 13932000000.0,
        "Other Income Expense": 65000000.0,
        "Other Non Operating Income Expenses": 1580000000.0,
        "Special Income Charges": -1515000000.0,
        "Gain On Sale Of Ppe": NaN,
        "Gain On Sale Of Business": NaN,
        "Other Special Charges": NaN,
        "Write Off": 1515000000.0,
        "Impairment Of Capital Assets": NaN,
        "Earnings From Equity Interest": NaN,
        "Gain On Sale Of Security": NaN,
        "Net Non Operating Interest Income Expense": NaN,
        "Total Other Finance Cost": NaN,
        "Interest Expense Non Operating": NaN,
        "Interest Income Non Operating": NaN,
        "Operating Income": 13867000000.0,
        "Operating Expense": 32234000000.0,
        "Other Operating Expenses": NaN,
        "Other Taxes": NaN,
        "Depreciation Amortization Depletion Income Statement": 12098000000.0,
        "Depreciation And Amortization In Income Statement": 12098000000.0,
        "Amortization": NaN,
        "Amortization Of Intangibles Income Statement": NaN,
        "Depreciation Income Statement": 12098000000.0,
        "Selling General And Administration": 20136000000.0,
        "Selling And Marketing Expense": NaN,
        "General And Administrative Expense": NaN,
        "Other Gand A": NaN,
        "Insurance And Claims": NaN,
        "Rent And Landing Fees": NaN,
        "Salaries And Wages": NaN,
        "Gross Profit": 46101000000.0,
        "Cost Of Revenue": 5432000000.0,
        "Total Revenue": 51533000000.0,
        "Operating Revenue": 51533000000.0
    },
    "2022-06-30": {
        "Tax Effect Of Unusual Items": -248737888.198758,
        "Tax Rate For Calcs": 0.195549,
        "Normalized EBITDA": 26218000000.0,
        "Total Unusual Items": -1272000000.0,
        "Total Unusual Items Excluding Goodwill": -1272000000.0,
        "Net Income From Continuing Operation Net Minority Interest": 7663000000.0,
        "Reconciled Depreciation": 28181000000.0,
        "Reconciled Cost Of Revenue": 4650000000.0,
        "EBITDA": 24946000000.0,
        "EBIT": -3235000000.0,
        "Net Interest Income": NaN,
        "Interest Expense": NaN,
        "Interest Income": NaN,
        "Normalized Income": 8686262111.801243,
        "Net Income From Continuing And Discontinued Operation": 7663000000.0,
        "Total Expenses": 54478000000.0,
        "Rent Expense Supplemental": NaN,
        "Diluted Average Shares": 216427970.0,
        "Basic Average Shares": 216427970.0,
        "Diluted EPS": 35.61,
        "Basic EPS": 35.61,
        "Diluted NI Availto Com Stockholders": 7663000000.0,
        "Net Income Common Stockholders": 7663000000.0,
        "Preferred Stock Dividends": NaN,
        "Net Income": 7663000000.0,
        "Minority Interests": -108000000.0,
        "Net Income Including Noncontrolling Interests": 7771000000.0,
        "Net Income Discontinuous Operations": NaN,
        "Net Income Continuous Operations": 7771000000.0,
        "Tax Provision": 1889000000.0,
        "Pretax Income": 9660000000.0,
        "Other Income Expense": 12895000000.0,
        "Other Non Operating Income Expenses": 14167000000.0,
        "Special Income Charges": -1272000000.0,
        "Gain On Sale Of Ppe": NaN,
        "Gain On Sale Of Business": NaN,
        "Other Special Charges": NaN,
        "Write Off": 1272000000.0,
        "Impairment Of Capital Assets": NaN,
        "Earnings From Equity Interest": NaN,
        "Gain On Sale Of Security": NaN,
        "Net Non Operating Interest Income Expense": NaN,
        "Total Other Finance Cost": NaN,
        "Interest Expense Non Operating": NaN,
        "Interest Income Non Operating": NaN,
        "Operating Income": -3235000000.0,
        "Operating Expense": 49828000000.0,
        "Other Operating Expenses": NaN,
        "Other Taxes": NaN,
        "Depreciation Amortization Depletion Income Statement": 28181000000.0,
        "Depreciation And Amortization In Income Statement": 28181000000.0,
        "Amortization": NaN,
        "Amortization Of Intangibles Income Statement": NaN,
        "Depreciation Income Statement": 28181000000.0,
        "Selling General And Administration": 21647000000.0,
        "Selling And Marketing Expense": NaN,
        "General And Administrative Expense": NaN,
        "Other Gand A": NaN,
        "Insurance And Claims": NaN,
        "Rent And Landing Fees": NaN,
        "Salaries And Wages": NaN,
        "Gross Profit": 46593000000.0,
        "Cost Of Revenue": 4650000000.0,
        "Total Revenue": 51243000000.0,
        "Operating Revenue": 51243000000.0
    },
    "2023-06-30": {
        "Tax Effect Of Unusual Items": -257253824.091778,
        "Tax Rate For Calcs": 0.246176,
        "Normalized EBITDA": 27456000000.0,
        "Total Unusual Items": -1045000000.0,
        "Total Unusual Items Excluding Goodwill": -1045000000.0,
        "Net Income From Continuing Operation Net Minority Interest": 9440000000.0,
        "Reconciled Depreciation": 12332000000.0,
        "Reconciled Cost Of Revenue": 5683000000.0,
        "EBITDA": 26411000000.0,
        "EBIT": 14079000000.0,
        "Net Interest Income": NaN,
        "Interest Expense": NaN,
        "Interest Income": NaN,
        "Normalized Income": 10227746175.908222,
        "Net Income From Continuing And Discontinued Operation": 9436000000.0,
        "Total Expenses": 37597000000.0,
        "Rent Expense Supplemental": NaN,
        "Diluted Average Shares": 216372392.0,
        "Basic Average Shares": 216372392.0,
        "Diluted EPS": 43.61,
        "Basic EPS": 43.61,
        "Diluted NI Availto Com Stockholders": 9436000000.0,
        "Net Income Common Stockholders": 9436000000.0,
        "Preferred Stock Dividends": NaN,
        "Net Income": 9436000000.0,
        "Minority Interests": -22000000.0,
        "Net Income Including Noncontrolling Interests": 9458000000.0,
        "Net Income Discontinuous Operations": -4000000.0,
        "Net Income Continuous Operations": 9462000000.0,
        "Tax Provision": 3090000000.0,
        "Pretax Income": 12552000000.0,
        "Other Income Expense": -1527000000.0,
        "Other Non Operating Income Expenses": -482000000.0,
        "Special Income Charges": -1045000000.0,
        "Gain On Sale Of Ppe": NaN,
        "Write Off": 1045000000.0,
        "Impairment Of Capital Assets": NaN,
        "Earnings From Equity Interest": NaN,
        "Gain On Sale Of Security": NaN,
        "Net Non Operating Interest Income Expense": NaN,
        "Total Other Finance Cost": NaN,
        "Interest Expense Non Operating": NaN,
        "Interest Income Non Operating": NaN,
        "Operating Income": 14079000000.0,
        "Operating Expense": 31853000000.0,
        "Other Operating Expenses": NaN,
        "Other Taxes": NaN,
        "Depreciation Amortization Depletion Income Statement": 12271000000.0,
        "Depreciation And Amortization In Income Statement": 12271000000.0,
        "Amortization": NaN,
        "Amortization Of Intangibles Income Statement": NaN,
        "Depreciation Income Statement": 12271000000.0,
        "Selling General And Administration": 19582000000.0,
        "Selling And Marketing Expense": NaN,
        "General And Administrative Expense": NaN,
        "Other Gand A": NaN,
        "Insurance And Claims": NaN,
        "Rent And Landing Fees": NaN,
        "Salaries And Wages": NaN,
        "Gross Profit": 45932000000.0,
        "Cost Of Revenue": 5744000000.0,
        "Total Revenue": 51676000000.0,
        "Operating Revenue": 51676000000.0
    },
    "2022-03-31": {
        "Diluted EPS": 0.81,
        "Total Revenue": 973,
        "Gross Profit": 879,
        "Operating Income": 178,
        "EBIT": 423,
        "Net Income": 176
    },
    "2021-12-31": {
        "Diluted EPS": 0.69,
        "Total Revenue": 974,
        "Gross Profit": 860,
        "Operating Income": 152,
        "EBIT": 475,
        "Net Income": 147
    },
    "2021-09-30": {
        "Diluted EPS": 0.55,
        "Total Revenue": 965,
        "Gross Profit": 891,
        "Operating Income": 173,
        "EBIT": 423,
        "Net Income": 119
    },
    "2021-06-30": {
        "Diluted EPS": 0.68,
        "Total Revenue": 992,
        "Gross Profit": 909,
        "Operating Income": 226,
        "EBIT": 521,
        "Net Income": 148
    },
    "2021-03-31": {
        "Diluted EPS": 0.56,
        "Total Revenue": 992,
        "Gross Profit": 918,
        "Operating Income": 244,
        "EBIT": 516,
        "Net Income": 120
    },
    "2020-12-31": {
        "Diluted EPS": 0.44,
        "Total Revenue": 990,
        "Gross Profit": 906,
        "Operating Income": 140,
        "EBIT": 496,
        "Net Income": 96
    },
    "2020-09-30": {
        "Diluted EPS": 0.7,
        "Total Revenue": 953,
        "Gross Profit": 869,
        "Operating Income": 275,
        "EBIT": 520,
        "Net Income": 152
    },
    "2020-06-30": {
        "Diluted EPS": 0.58,
        "Total Revenue": 853,
        "Gross Profit": 795,
        "Operating Income": 222,
        "EBIT": 442,
        "Net Income": 126
    },
    "2020-03-31": {
        "Diluted EPS": 0.54,
        "Total Revenue": 860,
        "Gross Profit": 794,
        "Operating Income": 185,
        "EBIT": 396,
        "Net Income": 116
    },
    "2019-09-30": {
        "Diluted EPS": 0.34,
        "Total Revenue": 819,
        "Gross Profit": 738,
        "Operating Income": 130,
        "EBIT": 130,
        "Net Income": 73
    },
    "2019-06-30": {
        "Diluted EPS": 0.49,
        "Total Revenue": 818,
        "Gross Profit": 712,
        "Operating Income": 218,
        "Net Income": 106
    },
    "2019-03-31": {
        "Diluted EPS": 0.59,
        "Total Revenue": 791,
        "Gross Profit": 705,
        "Operating Income": 223,
        "EBIT": 405,
        "Net Income": 128
    },
    "2018-12-31": {
        "Diluted EPS": 0.22,
        "Total Revenue": 782,
        "Gross Profit": 419,
        "Operating Income": -112,
        "EBIT": 276,
        "Net Income": 48
    },
    "2018-09-30": {
        "Diluted EPS": 0.39,
        "Total Revenue": 765,
        "Gross Profit": 662,
        "Operating Income": 150,
        "EBIT": 327,
        "Net Income": 84
    },
    "2018-06-30": {
        "Diluted EPS": 0.43,
        "Total Revenue": 797,
        "Gross Profit": 684,
        "Operating Income": 178,
        "EBIT": 342,
        "Net Income": 93
    },
    "2018-03-31": {
        "Diluted EPS": 0.62,
        "Total Revenue": 786,
        "Gross Profit": 679,
        "Operating Income": 198,
        "EBIT": 384,
        "Net Income": 134
    },
    "2017-12-31": {
        "Diluted EPS": -0.8,
        "Total Revenue": 793,
        "Gross Profit": 590,
        "Operating Income": -174,
        "EBIT": 355,
        "Net Income": -173
    },
    "2017-09-30": {
        "Diluted EPS": 0.49,
        "Total Revenue": 789,
        "Gross Profit": 639,
        "Operating Income": 155,
        "EBIT": 354,
        "Net Income": 106
    },
    "2017-06-30": {
        "Diluted EPS": 1.08,
        "Total Revenue": 801,
        "Gross Profit": 639,
        "Operating Income": 176,
        "EBIT": 337,
        "Net Income": 232
    },
    "2017-03-31": {
        "Diluted EPS": 0.46,
        "Total Revenue": 784,
        "Gross Profit": 626,
        "Operating Income": 195,
        "EBIT": 350,
        "Net Income": 99
    },
    "2016-12-31": {
        "Diluted EPS": 0.39,
        "Total Revenue": 812,
        "Gross Profit": 634,
        "Operating Income": 118,
        "EBIT": 366,
        "Net Income": 82
    },
    "2016-09-30": {
        "Diluted EPS": 0.33,
        "Total Revenue": 854,
        "Gross Profit": 653,
        "Operating Income": 196,
        "EBIT": 370,
        "Net Income": 72
    },
    "2016-06-30": {
        "Diluted EPS": 0.62,
        "Total Revenue": 914,
        "Gross Profit": 658,
        "Operating Income": 210,
        "EBIT": 378,
        "Net Income": 134
    },
    "2016-03-31": {
        "Diluted EPS": 0.61,
        "Total Revenue": 907,
        "Gross Profit": 667,
        "Operating Income": 229,
        "EBIT": 387,
        "Net Income": 132
    },
    "2015-12-31": {
        "Diluted EPS": -0.32,
        "Total Revenue": 921,
        "Gross Profit": 806,
        "Operating Income": -90,
        "EBIT": 167,
        "Net Income": -70
    },
    "2015-09-30": {
        "Diluted EPS": 0.66,
        "Total Revenue": 886,
        "Gross Profit": 663,
        "Operating Income": 220,
        "EBIT": 368,
        "Net Income": 143
    },
    "2015-06-30": {
        "Diluted EPS": 0.97,
        "Total Revenue": 955,
        "Gross Profit": 706,
        "Operating Income": 435,
        "EBIT": 592,
        "Net Income": 209
    },
    "2015-03-31": {
        "Diluted EPS": 0.97,
        "Total Revenue": 952,
        "Gross Profit": 616,
        "Operating Income": 298,
        "EBIT": 453,
        "Net Income": 210
    },
    "2014-12-31": {
        "Diluted EPS": 0.0,
        "Total Revenue": 983,
        "Gross Profit": 758,
        "Operating Income": NaN,
        "EBIT": NaN,
        "Net Income": 138
    },
    "2014-09-30": {
        "Diluted EPS": 0.84,
        "Total Revenue": 925,
        "Gross Profit": 703,
        "Operating Income": 240,
        "EBIT": 240,
        "Net Income": 182
    },
    "2014-06-30": {
        "Diluted EPS": 1.12,
        "Total Revenue": 980,
        "Gross Profit": 759,
        "Operating Income": 278,
        "EBIT": 459,
        "Net Income": 243
    },
    "2014-03-31": {
        "Diluted EPS": 0.98,
        "Total Revenue": 962,
        "Gross Profit": 748,
        "Operating Income": 298,
        "EBIT": 459,
        "Net Income": 212
    },
    "2013-12-31": {
        "Diluted EPS": 0.0,
        "Total Revenue": 997,
        "Gross Profit": 780,
        "Operating Income": 276,
        "EBIT": 276,
        "Net Income": 145
    },
    "2013-09-30": {
        "Diluted EPS": 0.98,
        "Total Revenue": 959,
        "Gross Profit": 763,
        "Operating Income": 290,
        "EBIT": 290,
        "Net Income": 213
    },
    "2013-06-30": {
        "Diluted EPS": 1.17,
        "Total Revenue": NaN,
        "Gross Profit": 790,
        "Operating Income": 324,
        "EBIT": 502,
        "Net Income": 253
    },
    "2013-03-31": {
        "Diluted EPS": 1.05,
        "Total Revenue": NaN,
        "Gross Profit": 804,
        "Operating Income": 316,
        "EBIT": 502,
        "Net Income": 226
    },
    "2012-12-31": {
        "Diluted EPS": 0.0,
        "Total Revenue": 862,
        "Gross Profit": 589,
        "Operating Income": 247,
        "EBIT": 497,
        "Net Income": 151
    },
    "2012-09-30": {
        "Diluted EPS": 1.02,
        "Total Revenue": NaN,
        "Gross Profit": 824,
        "Operating Income": 280,
        "EBIT": 454,
        "Net Income": 220
    },
    "2012-06-30": {
        "Diluted EPS": 1.02,
        "Total Revenue": NaN,
        "Gross Profit": 894,
        "Operating Income": 255,
        "EBIT": 463,
        "Net Income": 221
    },
    "2012-03-31": {
        "Diluted EPS": 1.1,
        "Total Revenue": NaN,
        "Gross Profit": 813,
        "Operating Income": 330,
        "EBIT": 506,
        "Net Income": 238
    },
    "2011-12-31": {
        "Diluted EPS": 0.13,
        "Total Revenue": 987,
        "Gross Profit": 314,
        "Operating Income": 81,
        "EBIT": 261,
        "Net Income": 24
    },
    "2011-09-30": {
        "Diluted EPS": 1.16,
        "Total Revenue": 805,
        "Gross Profit": 777,
        "Operating Income": 292,
        "EBIT": 462,
        "Net Income": 219
    },
    "2011-06-30": {
        "Diluted EPS": 1.3,
        "Total Revenue": 827,
        "Gross Profit": 800,
        "Operating Income": 348,
        "EBIT": 501,
        "Net Income": 245
    },
    "2011-03-31": {
        "Diluted EPS": 1.3,
        "Total Revenue": 805,
        "Gross Profit": 777,
        "Operating Income": 341,
        "EBIT": 492,
        "Net Income": 246
    },
    "2010-12-31": {
        "Diluted EPS": 0.99,
        "Total Revenue": 809,
        "Gross Profit": 904,
        "Operating Income": 207,
        "EBIT": 353,
        "Net Income": 187
    },
    "2010-09-30": {
        "Diluted EPS": 1.21,
        "Total Revenue": 778,
        "Gross Profit": 752,
        "Operating Income": 312,
        "EBIT": 469,
        "Net Income": 232
    },
    "2010-06-30": {
        "Diluted EPS": 1.2,
        "Total Revenue": 811,
        "Gross Profit": 713,
        "Operating Income": 350,
        "EBIT": 502,
        "Net Income": 226
    },
    "2010-03-31": {
        "Diluted EPS": 1.34,
        "Total Revenue": 809,
        "Gross Profit": 732,
        "Operating Income": 356,
        "EBIT": 496,
        "Net Income": 253
    },
    "2009-12-31": {
        "Diluted EPS": 1.12,
        "Total Revenue": 823,
        "Gross Profit": 736,
        "Operating Income": 367,
        "EBIT": 506,
        "Net Income": 211
    },
    "2009-09-30": {
        "Diluted EPS": 1.12,
        "Total Revenue": 751,
        "Gross Profit": 662,
        "Operating Income": 337,
        "EBIT": 470,
        "Net Income": 215
    },
    "2009-06-30": {
        "Diluted EPS": 1.11,
        "Total Revenue": 776,
        "Gross Profit": 680,
        "Operating Income": 344,
        "EBIT": 477,
        "Net Income": 218
    },
    "2009-03-31": {
        "Diluted EPS": 1.05,
        "Total Revenue": 767,
        "Gross Profit": 742,
        "Operating Income": 310,
        "EBIT": 453,
        "Net Income": 199
    },
    "2023-09-30": {
        "Tax Effect Of Unusual Items": -294666405.638215,
        "Tax Rate For Calcs": 0.258027,
        "Normalized EBITDA": 28510000000.0,
        "Total Unusual Items": -1142000000.0,
        "Total Unusual Items Excluding Goodwill": -1142000000.0,
        "Net Income From Continuing Operation Net Minority Interest": 9412000000.0,
        "Reconciled Depreciation": 12155000000.0,
        "Reconciled Cost Of Revenue": 5894000000.0,
        "EBITDA": 27368000000.0,
        "EBIT": 15213000000.0,
        "Net Interest Income": NaN,
        "Interest Expense": NaN,
        "Interest Income": NaN,
        "Normalized Income": 10259333594.361786,
        "Net Income From Continuing And Discontinued Operation": 9428000000.0,
        "Total Expenses": 37105000000.0,
        "Rent Expense Supplemental": NaN,
        "Diluted Average Shares": 216437098.0,
        "Basic Average Shares": 216437098.0,
        "Diluted EPS": 43.56,
        "Basic EPS": 43.56,
        "Diluted NI Availto Com Stockholders": 9428000000.0,
        "Net Income Common Stockholders": 9428000000.0,
        "Preferred Stock Dividends": NaN,
        "Net Income": 9428000000.0,
        "Minority Interests": -63000000.0,
        "Net Income Including Noncontrolling Interests": 9491000000.0,
        "Net Income Discontinuous Operations": 16000000.0,
        "Net Income Continuous Operations": 9475000000.0,
        "Tax Provision": 3295000000.0,
        "Pretax Income": 12770000000.0,
        "Other Income Expense": -2443000000.0,
        "Other Non Operating Income Expenses": -1301000000.0,
        "Special Income Charges": -1142000000.0,
        "Gain On Sale Of Ppe": NaN,
        "Write Off": 1142000000.0,
        "Impairment Of Capital Assets": NaN,
        "Earnings From Equity Interest": NaN,
        "Gain On Sale Of Security": NaN,
        "Net Non Operating Interest Income Expense": NaN,
        "Total Other Finance Cost": NaN,
        "Interest Expense Non Operating": NaN,
        "Interest Income Non Operating": NaN,
        "Operating Income": 15213000000.0,
        "Operating Expense": 31150000000.0,
        "Other Operating Expenses": NaN,
        "Other Taxes": NaN,
        "Depreciation Amortization Depletion Income Statement": 12094000000.0,
        "Depreciation And Amortization In Income Statement": 12094000000.0,
        "Amortization": NaN,
        "Amortization Of Intangibles Income Statement": NaN,
        "Depreciation Income Statement": 12094000000.0,
        "Selling General And Administration": 19056000000.0,
        "Selling And Marketing Expense": NaN,
        "General And Administrative Expense": NaN,
        "Other Gand A": NaN,
        "Insurance And Claims": NaN,
        "Rent And Landing Fees": NaN,
        "Salaries And Wages": NaN,
        "Gross Profit": 46363000000.0,
        "Cost Of Revenue": 5955000000.0,
        "Total Revenue": 52318000000.0,
        "Operating Revenue": 52318000000.0
    },
    "2023-12-31": {
        "Tax Effect Of Unusual Items": 454250000.0,
        "Tax Rate For Calcs": 0.25,
        "Normalized EBITDA": 23233000000.0,
        "Total Unusual Items": 1817000000.0,
        "Total Unusual Items Excluding Goodwill": 1817000000.0,
        "Net Income From Continuing Operation Net Minority Interest": -1237000000.0,
        "Reconciled Depreciation": 22452000000.0,
        "Reconciled Cost Of Revenue": 7145000000.0,
        "EBITDA": 25050000000.0,
        "EBIT": 2598000000.0,
        "Net Interest Income": -3395000000.0,
        "Interest Expense": 3665000000.0,
        "Interest Income": 283000000.0,
        "Normalized Income": -2599750000.0,
        "Net Income From Continuing And Discontinued Operation": -1265000000.0,
        "Total Expenses": 52529000000.0,
        "Rent Expense Supplemental": -3216000000.0,
        "Diluted Average Shares": NaN,
        "Basic Average Shares": NaN,
        "Diluted EPS": NaN,
        "Basic EPS": NaN,
        "Diluted NI Availto Com Stockholders": -1280000000.0,
        "Net Income Common Stockholders": -1280000000.0,
        "Preferred Stock Dividends": 15000000.0,
        "Net Income": -1265000000.0,
        "Minority Interests": -91000000.0,
        "Net Income Including Noncontrolling Interests": -1174000000.0,
        "Net Income Discontinuous Operations": -28000000.0,
        "Net Income Continuous Operations": -1146000000.0,
        "Tax Provision": 79000000.0,
        "Pretax Income": -1067000000.0,
        "Other Income Expense": 260000000.0,
        "Other Non Operating Income Expenses": -1054000000.0,
        "Special Income Charges": 1705000000.0,
        "Gain On Sale Of Ppe": 2848000000.0,
        "Write Off": 1143000000.0,
        "Impairment Of Capital Assets": 0.0,
        "Earnings From Equity Interest": -503000000.0,
        "Gain On Sale Of Security": 112000000.0,
        "Net Non Operating Interest Income Expense": -3395000000.0,
        "Total Other Finance Cost": 13000000.0,
        "Interest Expense Non Operating": 3665000000.0,
        "Interest Income Non Operating": 283000000.0,
        "Operating Income": 2068000000.0,
        "Operating Expense": 45384000000.0,
        "Other Operating Expenses": 8140000000.0,
        "Other Taxes": 1422000000.0,
        "Depreciation Amortization Depletion Income Statement": 22452000000.0,
        "Depreciation And Amortization In Income Statement": 22452000000.0,
        "Amortization": 55000000.0,
        "Amortization Of Intangibles Income Statement": 55000000.0,
        "Depreciation Income Statement": 22397000000.0,
        "Selling General And Administration": 13370000000.0,
        "Selling And Marketing Expense": 6841000000.0,
        "General And Administrative Expense": 6529000000.0,
        "Other Gand A": 3448000000.0,
        "Insurance And Claims": 372000000.0,
        "Rent And Landing Fees": -3216000000.0,
        "Salaries And Wages": 5925000000.0,
        "Gross Profit": 47452000000.0,
        "Cost Of Revenue": 7145000000.0,
        "Total Revenue": 54597000000.0,
        "Operating Revenue": 54597000000.0
    }
}