{
    "2023-04-30": {
        "Tax Effect Of Unusual Items": 0.0,
        "Tax Rate For Calcs": 0.21,
        "Normalized EBITDA": -29942000.0,
        "Net Income From Continuing Operation Net Minority Interest": -37531000.0,
        "Reconciled Depreciation": 6990000.0,
        "Reconciled Cost Of Revenue": 30997000.0,
        "EBITDA": -29942000.0,
        "EBIT": -36932000.0,
        "Net Interest Income": 718000.0,
        "Interest Expense": 293000.0,
        "Interest Income": 1011000.0,
        "Normalized Income": -37531000.0,
        "Net Income From Continuing And Discontinued Operation": -37531000.0,
        "Total Expenses": 121746000.0,
        "Total Operating Income As Reported": -37901000.0,
        "Diluted Average Shares": 53347709.0,
        "Basic Average Shares": 53347709.0,
        "Diluted EPS": -0.7,
        "Basic EPS": -0.7,
        "Diluted NI Availto Com Stockholders": -37531000.0,
        "Net Income Common Stockholders": -37531000.0,
        "Net Income": -37531000.0,
        "Net Income Including Noncontrolling Interests": -37531000.0,
        "Net Income Continuous Operations": -37531000.0,
        "Tax Provision": 306000.0,
        "Pretax Income": -37225000.0,
        "Other Income Expense": -42000.0,
        "Other Non Operating Income Expenses": -42000.0,
        "Net Non Operating Interest Income Expense": 718000.0,
        "Interest Expense Non Operating": 293000.0,
        "Interest Income Non Operating": 1011000.0,
        "Operating Income": -37901000.0,
        "Operating Expense": 90749000.0,
        "Depreciation Amortization Depletion Income Statement": 6990000.0,
        "Depreciation And Amortization In Income Statement": 6990000.0,
        "Amortization": 2486000.0,
        "Amortization Of Intangibles Income Statement": 2486000.0,
        "Depreciation Income Statement": 4504000.0,
        "Research And Development": 26469000.0,
        "Selling General And Administration": 57290000.0,
        "Selling And Marketing Expense": 37413000.0,
        "General And Administrative Expense": 19877000.0,
        "Other Gand A": 19877000.0,
        "Gross Profit": 52848000.0,
        "Cost Of Revenue": 30997000.0,
        "Total Revenue": 83845000.0,
        "Operating Revenue": 83845000.0
    },
    "2023-01-31": {
        "Tax Effect Of Unusual Items": 0.0,
        "Tax Rate For Calcs": 0.004477,
        "Normalized EBITDA": -31010000.0,
        "Net Income From Continuing Operation Net Minority Interest": -38021000.0,
        "Reconciled Depreciation": 6921000.0,
        "Reconciled Cost Of Revenue": 27964000.0,
        "EBITDA": -31010000.0,
        "EBIT": -37931000.0,
        "Net Interest Income": 1592000.0,
        "Interest Expense": 261000.0,
        "Interest Income": 1853000.0,
        "Normalized Income": -38021000.0,
        "Net Income From Continuing And Discontinued Operation": -38021000.0,
        "Total Expenses": 116399000.0,
        "Total Operating Income As Reported": -39813000.0,
        "Diluted Average Shares": 52873139.0,
        "Basic Average Shares": 52873139.0,
        "Diluted EPS": -0.72,
        "Basic EPS": -0.72,
        "Diluted NI Availto Com Stockholders": -38021000.0,
        "Net Income Common Stockholders": -38021000.0,
        "Net Income": -38021000.0,
        "Net Income Including Noncontrolling Interests": -38021000.0,
        "Net Income Continuous Operations": -38021000.0,
        "Tax Provision": -171000.0,
        "Pretax Income": -38192000.0,
        "Other Income Expense": 29000.0,
        "Other Non Operating Income Expenses": 29000.0,
        "Net Non Operating Interest Income Expense": 1592000.0,
        "Interest Expense Non Operating": 261000.0,
        "Interest Income Non Operating": 1853000.0,
        "Operating Income": -39813000.0,
        "Operating Expense": 88435000.0,
        "Depreciation Amortization Depletion Income Statement": 6921000.0,
        "Depreciation And Amortization In Income Statement": 6921000.0,
        "Amortization": 2296000.0,
        "Amortization Of Intangibles Income Statement": 2296000.0,
        "Depreciation Income Statement": 4625000.0,
        "Research And Development": 25398000.0,
        "Selling General And Administration": 56116000.0,
        "Selling And Marketing Expense": 36260000.0,
        "General And Administrative Expense": 19856000.0,
        "Other Gand A": 19856000.0,
        "Gross Profit": 48622000.0,
        "Cost Of Revenue": 27964000.0,
        "Total Revenue": 76586000.0,
        "Operating Revenue": 76586000.0
    },
    "2022-10-31": {
        "Tax Effect Of Unusual Items": NaN,
        "Tax Rate For Calcs": NaN,
        "Normalized EBITDA": NaN,
        "Net Income From Continuing Operation Net Minority Interest": NaN,
        "Reconciled Depreciation": NaN,
        "Reconciled Cost Of Revenue": NaN,
        "EBITDA": NaN,
        "EBIT": NaN,
        "Net Interest Income": NaN,
        "Interest Expense": NaN,
        "Interest Income": NaN,
        "Normalized Income": NaN,
        "Net Income From Continuing And Discontinued Operation": NaN,
        "Total Expenses": NaN,
        "Total Operating Income As Reported": NaN,
        "Diluted Average Shares": 52606400.0,
        "Basic Average Shares": 52606400.0,
        "Diluted EPS": -0.76,
        "Basic EPS": -0.76,
        "Diluted NI Availto Com Stockholders": NaN,
        "Net Income Common Stockholders": NaN,
        "Net Income": NaN,
        "Net Income Including Noncontrolling Interests": NaN,
        "Net Income Continuous Operations": NaN,
        "Tax Provision": NaN,
        "Pretax Income": NaN,
        "Other Income Expense": NaN,
        "Other Non Operating Income Expenses": NaN,
        "Net Non Operating Interest Income Expense": NaN,
        "Interest Expense Non Operating": NaN,
        "Interest Income Non Operating": NaN,
        "Operating Income": NaN,
        "Operating Expense": NaN,
        "Depreciation Amortization Depletion Income Statement": NaN,
        "Depreciation And Amortization In Income Statement": NaN,
        "Amortization": NaN,
        "Amortization Of Intangibles Income Statement": NaN,
        "Depreciation Income Statement": NaN,
        "Research And Development": NaN,
        "Selling General And Administration": NaN,
        "Selling And Marketing Expense": NaN,
        "General And Administrative Expense": NaN,
        "Other Gand A": NaN,
        "Gross Profit": NaN,
        "Cost Of Revenue": NaN,
        "Total Revenue": NaN,
        "Operating Revenue": NaN
    },
    "2022-07-31": {
        "Tax Effect Of Unusual Items": 0.0,
        "Tax Rate For Calcs": 0.4,
        "Normalized EBITDA": -40516000.0,
        "Net Income From Continuing Operation Net Minority Interest": -46716000.0,
        "Reconciled Depreciation": 5819000.0,
        "Reconciled Cost Of Revenue": 27427000.0,
        "EBITDA": -40516000.0,
        "EBIT": -46335000.0,
        "Net Interest Income": -206000.0,
        "Interest Expense": 292000.0,
        "Interest Income": 86000.0,
        "Normalized Income": -46716000.0,
        "Net Income From Continuing And Discontinued Operation": -46716000.0,
        "Total Expenses": 114202000.0,
        "Total Operating Income As Reported": -46335000.0,
        "Diluted Average Shares": 52325209.0,
        "Basic Average Shares": 52325209.0,
        "Diluted EPS": -0.89,
        "Basic EPS": -0.89,
        "Diluted NI Availto Com Stockholders": -46716000.0,
        "Net Income Common Stockholders": -46716000.0,
        "Net Income": -46716000.0,
        "Net Income Including Noncontrolling Interests": -46716000.0,
        "Net Income Continuous Operations": -46716000.0,
        "Tax Provision": 213000.0,
        "Pretax Income": -46503000.0,
        "Other Income Expense": 38000.0,
        "Other Non Operating Income Expenses": 38000.0,
        "Net Non Operating Interest Income Expense": -206000.0,
        "Total Other Finance Cost": 206000.0,
        "Interest Expense Non Operating": 292000.0,
        "Interest Income Non Operating": 86000.0,
        "Operating Income": -46335000.0,
        "Operating Expense": 86775000.0,
        "Depreciation Amortization Depletion Income Statement": 5819000.0,
        "Depreciation And Amortization In Income Statement": 5819000.0,
        "Amortization": 1599000.0,
        "Amortization Of Intangibles Income Statement": 1599000.0,
        "Depreciation Income Statement": 4220000.0,
        "Research And Development": 22542000.0,
        "Selling General And Administration": 58414000.0,
        "Selling And Marketing Expense": 38341000.0,
        "General And Administrative Expense": 20073000.0,
        "Other Gand A": 20073000.0,
        "Gross Profit": 40440000.0,
        "Cost Of Revenue": 27427000.0,
        "Total Revenue": 67867000.0,
        "Operating Revenue": 67867000.0
    },
    "2022-04-30": {
        "Diluted EPS": -0.99,
        "Total Revenue": 63,
        "Gross Profit": 37,
        "Operating Income": -51,
        "EBIT": -44,
        "Net Income": -51
    },
    "2022-01-31": {
        "Diluted EPS": -0.94,
        "Total Revenue": 58,
        "Gross Profit": 36,
        "Operating Income": -47,
        "EBIT": -40,
        "Net Income": -46
    },
    "2021-10-31": {
        "Diluted EPS": -0.71,
        "Total Revenue": 56,
        "Gross Profit": 35,
        "Operating Income": -36,
        "EBIT": -30,
        "Net Income": -36
    },
    "2021-07-31": {
        "Diluted EPS": -0.48,
        "Total Revenue": 51,
        "Gross Profit": 31,
        "Operating Income": -24,
        "EBIT": -18,
        "Net Income": -24
    },
    "2021-04-30": {
        "Diluted EPS": -0.24,
        "Total Revenue": 48,
        "Gross Profit": 30,
        "Operating Income": -11,
        "EBIT": -5,
        "Net Income": -11
    },
    "2021-01-31": {
        "Diluted EPS": -0.19,
        "Total Revenue": 42,
        "Gross Profit": 27,
        "Operating Income": -8,
        "EBIT": -4,
        "Net Income": -8
    },
    "2020-10-31": {
        "Diluted EPS": -0.17,
        "Total Revenue": 38,
        "Gross Profit": 24,
        "Operating Income": -6,
        "EBIT": -2,
        "Net Income": -7
    },
    "2020-07-31": {
        "Diluted EPS": -0.17,
        "Total Revenue": 35,
        "Gross Profit": 23,
        "Operating Income": -6,
        "EBIT": -1,
        "Net Income": -6
    },
    "2020-04-30": {
        "Diluted EPS": -0.16,
        "Total Revenue": 33,
        "Gross Profit": 22,
        "Operating Income": -5,
        "EBIT": -1,
        "Net Income": -6
    },
    "2020-01-31": {
        "Diluted EPS": 13.22,
        "Total Revenue": 33,
        "Gross Profit": 22,
        "Operating Income": -5,
        "EBIT": 0,
        "Net Income": -4
    },
    "2019-10-31": {
        "Diluted EPS": -0.07,
        "Total Revenue": 33,
        "Gross Profit": 22,
        "Operating Income": -2,
        "EBIT": 2,
        "Net Income": -2
    },
    "2019-07-31": {
        "Diluted EPS": -10.42,
        "Total Revenue": 31,
        "Gross Profit": 20,
        "Operating Income": -4,
        "EBIT": 0,
        "Net Income": -71
    },
    "2019-04-30": {
        "Diluted EPS": -7.23,
        "Total Revenue": 28,
        "Gross Profit": 17,
        "Operating Income": -4,
        "EBIT": 0,
        "Net Income": -15
    },
    "2019-01-31": {
        "Diluted EPS": 0.0,
        "Total Revenue": NaN,
        "Gross Profit": NaN,
        "Operating Income": NaN,
        "EBIT": NaN,
        "Net Income": NaN
    },
    "2018-10-31": {
        "Diluted EPS": -7.02,
        "Total Revenue": 25,
        "Gross Profit": 16,
        "Operating Income": -3,
        "EBIT": 1,
        "Net Income": -13
    },
    "2018-07-31": {
        "Diluted EPS": -6.66,
        "Total Revenue": 25,
        "Gross Profit": 16,
        "Operating Income": -1,
        "EBIT": -1,
        "Net Income": -12
    },
    "2018-01-31": {
        "Diluted EPS": 0.0,
        "Total Revenue": NaN,
        "Gross Profit": NaN,
        "Operating Income": NaN,
        "EBIT": NaN,
        "Net Income": NaN
    },
    "2023-07-31": {
        "Tax Effect Of Unusual Items": 0.0,
        "Tax Rate For Calcs": 0.21,
        "Normalized EBITDA": -28918000.0,
        "Net Income From Continuing Operation Net Minority Interest": -36767000.0,
        "Reconciled Depreciation": 6781000.0,
        "Reconciled Cost Of Revenue": 30301000.0,
        "EBITDA": -28918000.0,
        "EBIT": -35699000.0,
        "Net Interest Income": 786000.0,
        "Interest Expense": 420000.0,
        "Interest Income": 1206000.0,
        "Normalized Income": -36767000.0,
        "Net Income From Continuing And Discontinued Operation": -36767000.0,
        "Total Expenses": 122785000.0,
        "Total Operating Income As Reported": -36955000.0,
        "Diluted Average Shares": 53794060.0,
        "Basic Average Shares": 53794060.0,
        "Diluted EPS": -0.68,
        "Basic EPS": -0.68,
        "Diluted NI Availto Com Stockholders": -36767000.0,
        "Net Income Common Stockholders": -36767000.0,
        "Net Income": -36767000.0,
        "Net Income Including Noncontrolling Interests": -36767000.0,
        "Net Income Continuous Operations": -36767000.0,
        "Tax Provision": 648000.0,
        "Pretax Income": -36119000.0,
        "Other Income Expense": 50000.0,
        "Other Non Operating Income Expenses": 50000.0,
        "Net Non Operating Interest Income Expense": 786000.0,
        "Interest Expense Non Operating": 420000.0,
        "Interest Income Non Operating": 1206000.0,
        "Operating Income": -36955000.0,
        "Operating Expense": 92484000.0,
        "Depreciation Amortization Depletion Income Statement": 6781000.0,
        "Depreciation And Amortization In Income Statement": 6781000.0,
        "Amortization": 2537000.0,
        "Amortization Of Intangibles Income Statement": 2537000.0,
        "Depreciation Income Statement": 4244000.0,
        "Research And Development": 27471000.0,
        "Selling General And Administration": 58232000.0,
        "Selling And Marketing Expense": 37244000.0,
        "General And Administrative Expense": 20988000.0,
        "Other Gand A": 20988000.0,
        "Gross Profit": 55529000.0,
        "Cost Of Revenue": 30301000.0,
        "Total Revenue": 85830000.0,
        "Operating Revenue": 85830000.0
    },
    "2023-10-31": {
        "Tax Effect Of Unusual Items": 0.0,
        "Tax Rate For Calcs": 0.21,
        "Normalized EBITDA": -23589000.0,
        "Net Income From Continuing Operation Net Minority Interest": -31941000.0,
        "Reconciled Depreciation": 7463000.0,
        "Reconciled Cost Of Revenue": 30939000.0,
        "EBITDA": -23589000.0,
        "EBIT": -31052000.0,
        "Net Interest Income": 523000.0,
        "Interest Expense": 517000.0,
        "Interest Income": 1040000.0,
        "Normalized Income": -31941000.0,
        "Net Income From Continuing And Discontinued Operation": -31941000.0,
        "Total Expenses": 123664000.0,
        "Total Operating Income As Reported": -32045000.0,
        "Diluted Average Shares": 55251074.0,
        "Basic Average Shares": 55251074.0,
        "Diluted EPS": -0.58,
        "Basic EPS": -0.58,
        "Diluted NI Availto Com Stockholders": -31941000.0,
        "Net Income Common Stockholders": -31941000.0,
        "Net Income": -31941000.0,
        "Net Income Including Noncontrolling Interests": -31941000.0,
        "Net Income Continuous Operations": -31941000.0,
        "Tax Provision": 372000.0,
        "Pretax Income": -31569000.0,
        "Other Income Expense": -47000.0,
        "Other Non Operating Income Expenses": -47000.0,
        "Net Non Operating Interest Income Expense": 523000.0,
        "Interest Expense Non Operating": 517000.0,
        "Interest Income Non Operating": 1040000.0,
        "Operating Income": -32045000.0,
        "Operating Expense": 92725000.0,
        "Depreciation Amortization Depletion Income Statement": 7463000.0,
        "Depreciation And Amortization In Income Statement": 7463000.0,
        "Amortization": 2980000.0,
        "Amortization Of Intangibles Income Statement": 2980000.0,
        "Depreciation Income Statement": 4483000.0,
        "Research And Development": 28544000.0,
        "Selling General And Administration": 56718000.0,
        "Selling And Marketing Expense": 36478000.0,
        "General And Administrative Expense": 20240000.0,
        "Other Gand A": 20240000.0,
        "Gross Profit": 60680000.0,
        "Cost Of Revenue": 30939000.0,
        "Total Revenue": 91619000.0,
        "Operating Revenue": 91619000.0
    },
    "2024-01-31": {
        "Tax Effect Of Unusual Items": 0.0,
        "Tax Rate For Calcs": 0.4,
        "Normalized EBITDA": -21552000.0,
        "Net Income From Continuing Operation Net Minority Interest": -30646000.0,
        "Reconciled Depreciation": 8253000.0,
        "Reconciled Cost Of Revenue": 31774000.0,
        "EBITDA": -21552000.0,
        "EBIT": -29805000.0,
        "Net Interest Income": 184000.0,
        "Interest Expense": 624000.0,
        "Interest Income": 808000.0,
        "Normalized Income": -30646000.0,
        "Net Income From Continuing And Discontinued Operation": -30646000.0,
        "Total Expenses": 124583000.0,
        "Total Operating Income As Reported": -29578000.0,
        "Diluted Average Shares": NaN,
        "Basic Average Shares": NaN,
        "Diluted EPS": NaN,
        "Basic EPS": NaN,
        "Diluted NI Availto Com Stockholders": -30646000.0,
        "Net Income Common Stockholders": -30646000.0,
        "Net Income": -30646000.0,
        "Net Income Including Noncontrolling Interests": -30646000.0,
        "Net Income Continuous Operations": -30646000.0,
        "Tax Provision": 217000.0,
        "Pretax Income": -30429000.0,
        "Other Income Expense": -1035000.0,
        "Other Non Operating Income Expenses": 83000.0,
        "Net Non Operating Interest Income Expense": 184000.0,
        "Interest Expense Non Operating": 624000.0,
        "Interest Income Non Operating": 808000.0,
        "Operating Income": -29578000.0,
        "Operating Expense": 92809000.0,
        "Depreciation Amortization Depletion Income Statement": 8253000.0,
        "Depreciation And Amortization In Income Statement": 8253000.0,
        "Amortization": 3900000.0,
        "Amortization Of Intangibles Income Statement": 3900000.0,
        "Depreciation Income Statement": 4353000.0,
        "Research And Development": 29862000.0,
        "Selling General And Administration": 54694000.0,
        "Selling And Marketing Expense": 35873000.0,
        "General And Administrative Expense": 18821000.0,
        "Other Gand A": 18821000.0,
        "Gross Profit": 63231000.0,
        "Cost Of Revenue": 31774000.0,
        "Total Revenue": 95005000.0,
        "Operating Revenue": 95005000.0
    }
}