{
    "2023-03-31": {
        "Tax Effect Of Unusual Items": 1052858.628169,
        "Tax Rate For Calcs": 0.243022,
        "Normalized EBITDA": 10735352.0,
        "Total Unusual Items": 4332355.0,
        "Total Unusual Items Excluding Goodwill": 4332355.0,
        "Net Income From Continuing Operation Net Minority Interest": 9553244.0,
        "Reconciled Depreciation": 1889990.0,
        "Reconciled Cost Of Revenue": 4145946.0,
        "EBITDA": 15067707.0,
        "EBIT": 13177717.0,
        "Net Interest Income": -557473.0,
        "Interest Expense": 557473.0,
        "Normalized Income": 6273747.628169,
        "Net Income From Continuing And Discontinued Operation": 9553244.0,
        "Total Expenses": 7127855.0,
        "Diluted Average Shares": 35935791.0,
        "Basic Average Shares": 35935791.0,
        "Diluted EPS": 0.27,
        "Basic EPS": 0.27,
        "Diluted NI Availto Com Stockholders": 9553244.0,
        "Net Income Common Stockholders": 9553244.0,
        "Net Income": 9553244.0,
        "Net Income Including Noncontrolling Interests": 9553244.0,
        "Net Income Continuous Operations": 9553244.0,
        "Tax Provision": 3067000.0,
        "Pretax Income": 12620244.0,
        "Other Income Expense": 4332355.0,
        "Special Income Charges": 4332355.0,
        "Gain On Sale Of Ppe": 4334428.0,
        "Impairment Of Capital Assets": 2073.0,
        "Net Non Operating Interest Income Expense": -557473.0,
        "Interest Expense Non Operating": 557473.0,
        "Operating Income": 8845362.0,
        "Operating Expense": 2981909.0,
        "Selling General And Administration": 2981909.0,
        "General And Administrative Expense": 2981909.0,
        "Other Gand A": 2981909.0,
        "Gross Profit": 11827271.0,
        "Cost Of Revenue": 4145946.0,
        "Total Revenue": 15973217.0,
        "Operating Revenue": 12170397.0
    },
    "2022-12-31": {
        "Tax Effect Of Unusual Items": NaN,
        "Tax Rate For Calcs": NaN,
        "Normalized EBITDA": NaN,
        "Total Unusual Items": NaN,
        "Total Unusual Items Excluding Goodwill": NaN,
        "Net Income From Continuing Operation Net Minority Interest": NaN,
        "Reconciled Depreciation": NaN,
        "Reconciled Cost Of Revenue": NaN,
        "EBITDA": NaN,
        "EBIT": NaN,
        "Net Interest Income": NaN,
        "Interest Expense": NaN,
        "Normalized Income": NaN,
        "Net Income From Continuing And Discontinued Operation": NaN,
        "Total Expenses": NaN,
        "Diluted Average Shares": 36489353.0,
        "Basic Average Shares": 35679740.0,
        "Diluted EPS": 0.09,
        "Basic EPS": 0.09,
        "Diluted NI Availto Com Stockholders": NaN,
        "Net Income Common Stockholders": NaN,
        "Net Income": NaN,
        "Net Income Including Noncontrolling Interests": NaN,
        "Net Income Continuous Operations": NaN,
        "Tax Provision": NaN,
        "Pretax Income": NaN,
        "Other Income Expense": NaN,
        "Special Income Charges": NaN,
        "Gain On Sale Of Ppe": NaN,
        "Impairment Of Capital Assets": NaN,
        "Net Non Operating Interest Income Expense": NaN,
        "Interest Expense Non Operating": NaN,
        "Operating Income": NaN,
        "Operating Expense": NaN,
        "Selling General And Administration": NaN,
        "General And Administrative Expense": NaN,
        "Other Gand A": NaN,
        "Gross Profit": NaN,
        "Cost Of Revenue": NaN,
        "Total Revenue": NaN,
        "Operating Revenue": NaN
    },
    "2022-09-30": {
        "Tax Effect Of Unusual Items": 733443.293773,
        "Tax Rate For Calcs": 0.209759,
        "Normalized EBITDA": 8564591.0,
        "Total Unusual Items": 3496593.0,
        "Total Unusual Items Excluding Goodwill": 3496593.0,
        "Net Income From Continuing Operation Net Minority Interest": 9158468.0,
        "Reconciled Depreciation": 1550410.0,
        "Reconciled Cost Of Revenue": 5199020.0,
        "EBITDA": 12061184.0,
        "EBIT": 12061184.0,
        "Net Interest Income": -471716.0,
        "Interest Expense": 471716.0,
        "Normalized Income": 6395318.293773,
        "Net Income From Continuing And Discontinued Operation": 9158468.0,
        "Total Expenses": 8982179.0,
        "Diluted Average Shares": 35916878.0,
        "Basic Average Shares": 35573813.0,
        "Diluted EPS": 0.26,
        "Basic EPS": 0.26,
        "Diluted NI Availto Com Stockholders": 9158468.0,
        "Net Income Common Stockholders": 9158468.0,
        "Net Income": 9158468.0,
        "Net Income Including Noncontrolling Interests": 9158468.0,
        "Net Income Continuous Operations": 9158468.0,
        "Tax Provision": 2431000.0,
        "Pretax Income": 11589468.0,
        "Other Income Expense": 3496593.0,
        "Special Income Charges": 3496593.0,
        "Gain On Sale Of Ppe": 3499296.0,
        "Impairment Of Capital Assets": 2703.0,
        "Net Non Operating Interest Income Expense": -471716.0,
        "Interest Expense Non Operating": 471716.0,
        "Operating Income": 8564591.0,
        "Operating Expense": 3783159.0,
        "Selling General And Administration": 3783159.0,
        "General And Administrative Expense": 3783159.0,
        "Other Gand A": 3783159.0,
        "Gross Profit": 12347750.0,
        "Cost Of Revenue": 5199020.0,
        "Total Revenue": 17546770.0,
        "Operating Revenue": 21845384.0
    },
    "2022-06-30": {
        "Tax Effect Of Unusual Items": 63699.621851,
        "Tax Rate For Calcs": 0.102039,
        "Normalized EBITDA": 11249917.0,
        "Total Unusual Items": 624270.0,
        "Total Unusual Items Excluding Goodwill": 624270.0,
        "Net Income From Continuing Operation Net Minority Interest": 8589010.0,
        "Reconciled Depreciation": 2022832.0,
        "Reconciled Cost Of Revenue": 5278972.0,
        "EBITDA": 11874187.0,
        "EBIT": 9851355.0,
        "Net Interest Income": -286345.0,
        "Interest Expense": 286345.0,
        "Normalized Income": 8028439.621851,
        "Net Income From Continuing And Discontinued Operation": 8589010.0,
        "Total Expenses": 8156586.0,
        "Diluted Average Shares": 34851214.0,
        "Basic Average Shares": 34652155.0,
        "Diluted EPS": 0.25,
        "Basic EPS": 0.25,
        "Diluted NI Availto Com Stockholders": 8589010.0,
        "Net Income Common Stockholders": 8589010.0,
        "Net Income": 8589010.0,
        "Net Income Including Noncontrolling Interests": 8589010.0,
        "Net Income Continuous Operations": 8589010.0,
        "Tax Provision": 976000.0,
        "Pretax Income": 9565010.0,
        "Other Income Expense": 624270.0,
        "Special Income Charges": 624270.0,
        "Gain On Sale Of Ppe": 630547.0,
        "Impairment Of Capital Assets": 6277.0,
        "Net Non Operating Interest Income Expense": -286345.0,
        "Interest Expense Non Operating": 286345.0,
        "Operating Income": 9227085.0,
        "Operating Expense": 2877614.0,
        "Selling General And Administration": 2877614.0,
        "General And Administrative Expense": 2877614.0,
        "Other Gand A": 2877614.0,
        "Gross Profit": 12104699.0,
        "Cost Of Revenue": 5278972.0,
        "Total Revenue": 17383671.0,
        "Operating Revenue": 19770897.0
    },
    "2022-03-31": {
        "Diluted EPS": -0.12,
        "Total Revenue": 2,
        "Gross Profit": 0,
        "Operating Income": -4,
        "EBIT": -2,
        "Net Income": -4
    },
    "2021-12-31": {
        "Diluted EPS": 0.2,
        "Total Revenue": 17,
        "Gross Profit": 15,
        "Operating Income": 17,
        "EBIT": 17,
        "Net Income": 7
    },
    "2021-09-30": {
        "Diluted EPS": 0.0,
        "Total Revenue": NaN,
        "Gross Profit": NaN,
        "Operating Income": NaN,
        "EBIT": NaN,
        "Net Income": NaN
    },
    "2021-06-30": {
        "Diluted EPS": -0.05,
        "Total Revenue": 6,
        "Gross Profit": 4,
        "Operating Income": -2,
        "EBIT": 0,
        "Net Income": -1
    },
    "2021-03-31": {
        "Diluted EPS": -0.02,
        "Total Revenue": 6,
        "Gross Profit": 5,
        "Operating Income": -1,
        "EBIT": 4,
        "Net Income": -1
    },
    "2020-12-31": {
        "Diluted EPS": -0.03,
        "Total Revenue": 6,
        "Gross Profit": 5,
        "Operating Income": 6,
        "EBIT": 6,
        "Net Income": -1
    },
    "2020-09-30": {
        "Diluted EPS": 0.0,
        "Total Revenue": NaN,
        "Gross Profit": NaN,
        "Operating Income": NaN,
        "EBIT": NaN,
        "Net Income": NaN
    },
    "2020-06-30": {
        "Diluted EPS": -0.21,
        "Total Revenue": 3,
        "Gross Profit": 1,
        "Operating Income": -4,
        "EBIT": -2,
        "Net Income": -4
    },
    "2020-03-31": {
        "Diluted EPS": -1.24,
        "Total Revenue": 11,
        "Gross Profit": 9,
        "Operating Income": -27,
        "EBIT": -21,
        "Net Income": -20
    },
    "2019-12-31": {
        "Diluted EPS": 0.11,
        "Total Revenue": 11,
        "Gross Profit": 9,
        "Operating Income": 11,
        "EBIT": 11,
        "Net Income": 2
    },
    "2019-09-30": {
        "Diluted EPS": 0.0,
        "Total Revenue": NaN,
        "Gross Profit": NaN,
        "Operating Income": NaN,
        "EBIT": NaN,
        "Net Income": NaN
    },
    "2019-06-30": {
        "Diluted EPS": 0.28,
        "Total Revenue": 16,
        "Gross Profit": 14,
        "Operating Income": 6,
        "EBIT": 11,
        "Net Income": 5
    },
    "2019-03-31": {
        "Diluted EPS": -0.11,
        "Total Revenue": 8,
        "Gross Profit": 6,
        "Operating Income": -2,
        "EBIT": 6,
        "Net Income": -2
    },
    "2018-12-31": {
        "Diluted EPS": 0.75,
        "Total Revenue": 26,
        "Gross Profit": 23,
        "Operating Income": 26,
        "EBIT": 27,
        "Net Income": 13
    },
    "2018-09-30": {
        "Diluted EPS": 0.0,
        "Total Revenue": NaN,
        "Gross Profit": NaN,
        "Operating Income": NaN,
        "EBIT": NaN,
        "Net Income": NaN
    },
    "2018-06-30": {
        "Diluted EPS": -0.05,
        "Total Revenue": 10,
        "Gross Profit": 6,
        "Operating Income": -1,
        "EBIT": 4,
        "Net Income": -1
    },
    "2018-03-31": {
        "Diluted EPS": 0.06,
        "Total Revenue": 11,
        "Gross Profit": 8,
        "Operating Income": 1,
        "EBIT": 11,
        "Net Income": 1
    },
    "2017-12-31": {
        "Diluted EPS": 0.81,
        "Total Revenue": 12,
        "Gross Profit": 8,
        "Operating Income": 12,
        "EBIT": 13,
        "Net Income": 14
    },
    "2017-09-30": {
        "Diluted EPS": 0.0,
        "Total Revenue": NaN,
        "Gross Profit": NaN,
        "Operating Income": NaN,
        "EBIT": NaN,
        "Net Income": NaN
    },
    "2017-06-30": {
        "Diluted EPS": 0.07,
        "Total Revenue": 12,
        "Gross Profit": 9,
        "Operating Income": 2,
        "EBIT": 7,
        "Net Income": 1
    },
    "2017-03-31": {
        "Diluted EPS": 0.21,
        "Total Revenue": 14,
        "Gross Profit": 10,
        "Operating Income": 4,
        "EBIT": 14,
        "Net Income": 3
    },
    "2016-12-31": {
        "Diluted EPS": -0.13,
        "Total Revenue": 7,
        "Gross Profit": 4,
        "Operating Income": 7,
        "EBIT": 7,
        "Net Income": -2
    },
    "2016-09-30": {
        "Diluted EPS": 0.0,
        "Total Revenue": NaN,
        "Gross Profit": NaN,
        "Operating Income": NaN,
        "EBIT": NaN,
        "Net Income": NaN
    },
    "2016-06-30": {
        "Diluted EPS": -0.05,
        "Total Revenue": 10,
        "Gross Profit": 6,
        "Operating Income": -2,
        "EBIT": 5,
        "Net Income": -1
    },
    "2016-03-31": {
        "Diluted EPS": -0.44,
        "Total Revenue": 8,
        "Gross Profit": 4,
        "Operating Income": -12,
        "EBIT": 1,
        "Net Income": -7
    },
    "2015-12-31": {
        "Diluted EPS": -0.17,
        "Total Revenue": 11,
        "Gross Profit": 8,
        "Operating Income": 11,
        "EBIT": 12,
        "Net Income": -3
    },
    "2015-09-30": {
        "Diluted EPS": 0.0,
        "Total Revenue": NaN,
        "Gross Profit": NaN,
        "Operating Income": NaN,
        "EBIT": NaN,
        "Net Income": NaN
    },
    "2015-06-30": {
        "Diluted EPS": -0.04,
        "Total Revenue": 12,
        "Gross Profit": 7,
        "Operating Income": 0,
        "EBIT": 6,
        "Net Income": -1
    },
    "2015-03-31": {
        "Diluted EPS": 0.04,
        "Total Revenue": 15,
        "Gross Profit": 10,
        "Operating Income": 1,
        "EBIT": 13,
        "Net Income": 1
    },
    "2014-12-31": {
        "Diluted EPS": 0.61,
        "Total Revenue": 31,
        "Gross Profit": 26,
        "Operating Income": 31,
        "EBIT": 31,
        "Net Income": 10
    },
    "2014-09-30": {
        "Diluted EPS": 0.0,
        "Total Revenue": NaN,
        "Gross Profit": NaN,
        "Operating Income": NaN,
        "EBIT": NaN,
        "Net Income": NaN
    },
    "2014-06-30": {
        "Diluted EPS": 0.31,
        "Total Revenue": 18,
        "Gross Profit": 15,
        "Operating Income": 8,
        "EBIT": 13,
        "Net Income": 5
    },
    "2014-03-31": {
        "Diluted EPS": 0.34,
        "Total Revenue": 20,
        "Gross Profit": 15,
        "Operating Income": 8,
        "EBIT": 19,
        "Net Income": 6
    },
    "2013-12-31": {
        "Diluted EPS": 0.29,
        "Total Revenue": 18,
        "Gross Profit": 14,
        "Operating Income": 18,
        "EBIT": 18,
        "Net Income": 5
    },
    "2013-09-30": {
        "Diluted EPS": 0.0,
        "Total Revenue": NaN,
        "Gross Profit": NaN,
        "Operating Income": NaN,
        "EBIT": NaN,
        "Net Income": NaN
    },
    "2013-06-30": {
        "Diluted EPS": 0.31,
        "Total Revenue": 18,
        "Gross Profit": 14,
        "Operating Income": 7,
        "EBIT": 13,
        "Net Income": 5
    },
    "2013-03-31": {
        "Diluted EPS": 0.06,
        "Total Revenue": 13,
        "Gross Profit": 10,
        "Operating Income": 2,
        "EBIT": 14,
        "Net Income": 1
    },
    "2012-12-31": {
        "Diluted EPS": 0.13,
        "Total Revenue": 14,
        "Gross Profit": 11,
        "Operating Income": 14,
        "EBIT": 14,
        "Net Income": 2
    },
    "2012-09-30": {
        "Diluted EPS": 0.0,
        "Total Revenue": NaN,
        "Gross Profit": NaN,
        "Operating Income": NaN,
        "EBIT": NaN,
        "Net Income": NaN
    },
    "2012-06-30": {
        "Diluted EPS": 0.19,
        "Total Revenue": 14,
        "Gross Profit": 11,
        "Operating Income": 5,
        "EBIT": 9,
        "Net Income": 3
    },
    "2012-03-31": {
        "Diluted EPS": 0.04,
        "Total Revenue": 10,
        "Gross Profit": 8,
        "Operating Income": 1,
        "EBIT": 10,
        "Net Income": 1
    },
    "2011-12-31": {
        "Diluted EPS": 0.21,
        "Total Revenue": 13,
        "Gross Profit": 10,
        "Operating Income": 13,
        "EBIT": 13,
        "Net Income": 3
    },
    "2011-09-30": {
        "Diluted EPS": 0.0,
        "Total Revenue": NaN,
        "Gross Profit": NaN,
        "Operating Income": NaN,
        "EBIT": NaN,
        "Net Income": NaN
    },
    "2011-06-30": {
        "Diluted EPS": 0.16,
        "Total Revenue": 12,
        "Gross Profit": 9,
        "Operating Income": 4,
        "EBIT": 7,
        "Net Income": 3
    },
    "2011-03-31": {
        "Diluted EPS": 0.11,
        "Total Revenue": 11,
        "Gross Profit": 8,
        "Operating Income": 2,
        "EBIT": 9,
        "Net Income": 2
    },
    "2010-12-31": {
        "Diluted EPS": 0.09,
        "Total Revenue": 10,
        "Gross Profit": 7,
        "Operating Income": 10,
        "EBIT": 10,
        "Net Income": 1
    },
    "2010-09-30": {
        "Diluted EPS": 0.0,
        "Total Revenue": NaN,
        "Gross Profit": NaN,
        "Operating Income": NaN,
        "EBIT": NaN,
        "Net Income": NaN
    },
    "2010-06-30": {
        "Diluted EPS": 0.09,
        "Total Revenue": 10,
        "Gross Profit": 8,
        "Operating Income": 2,
        "EBIT": 7,
        "Net Income": 2
    },
    "2010-03-31": {
        "Diluted EPS": 0.31,
        "Total Revenue": 17,
        "Gross Profit": 14,
        "Operating Income": 7,
        "EBIT": 18,
        "Net Income": 5
    },
    "2009-12-31": {
        "Diluted EPS": 0.1,
        "Total Revenue": 12,
        "Gross Profit": 9,
        "Operating Income": 12,
        "EBIT": 12,
        "Net Income": 2
    },
    "2009-09-30": {
        "Diluted EPS": 0.0,
        "Total Revenue": NaN,
        "Gross Profit": NaN,
        "Operating Income": NaN,
        "EBIT": NaN,
        "Net Income": NaN
    },
    "2009-06-30": {
        "Diluted EPS": -0.06,
        "Total Revenue": 9,
        "Gross Profit": 6,
        "Operating Income": -2,
        "EBIT": 5,
        "Net Income": -1
    },
    "2009-03-31": {
        "Diluted EPS": -0.06,
        "Total Revenue": 9,
        "Gross Profit": 7,
        "Operating Income": -2,
        "EBIT": 14,
        "Net Income": -1
    },
    "2023-06-30": {
        "Tax Effect Of Unusual Items": -29254.47,
        "Tax Rate For Calcs": 0.21,
        "Normalized EBITDA": 2666642.0,
        "Total Unusual Items": -139307.0,
        "Total Unusual Items Excluding Goodwill": -139307.0,
        "Net Income From Continuing Operation Net Minority Interest": -41291.0,
        "Reconciled Depreciation": 2210332.0,
        "Reconciled Cost Of Revenue": 3892748.0,
        "EBITDA": 2527335.0,
        "EBIT": 317003.0,
        "Net Interest Income": -524294.0,
        "Interest Expense": 524294.0,
        "Normalized Income": 68761.53,
        "Net Income From Continuing And Discontinued Operation": -41291.0,
        "Total Expenses": 7069851.0,
        "Diluted Average Shares": 35965281.0,
        "Basic Average Shares": 35965281.0,
        "Diluted EPS": -0.001148,
        "Basic EPS": -0.001148,
        "Diluted NI Availto Com Stockholders": -41291.0,
        "Net Income Common Stockholders": -41291.0,
        "Net Income": -41291.0,
        "Net Income Including Noncontrolling Interests": -41291.0,
        "Net Income Continuous Operations": -41291.0,
        "Tax Provision": -166000.0,
        "Pretax Income": -207291.0,
        "Other Income Expense": -139307.0,
        "Special Income Charges": -139307.0,
        "Gain On Sale Of Ppe": -139307.0,
        "Impairment Of Capital Assets": 0.0,
        "Net Non Operating Interest Income Expense": -524294.0,
        "Interest Expense Non Operating": 524294.0,
        "Operating Income": 456310.0,
        "Operating Expense": 3177103.0,
        "Selling General And Administration": 3177103.0,
        "General And Administrative Expense": 3177103.0,
        "Other Gand A": 3177103.0,
        "Gross Profit": 3633413.0,
        "Cost Of Revenue": 3892748.0,
        "Total Revenue": 7526161.0,
        "Operating Revenue": 7343155.0
    },
    "2023-09-30": {
        "Tax Effect Of Unusual Items": 32724.500816,
        "Tax Rate For Calcs": 0.237079,
        "Normalized EBITDA": 4926021.0,
        "Total Unusual Items": 138032.0,
        "Total Unusual Items Excluding Goodwill": 138032.0,
        "Net Income From Continuing Operation Net Minority Interest": 1895403.0,
        "Reconciled Depreciation": 2022709.0,
        "Reconciled Cost Of Revenue": 3517891.0,
        "EBITDA": 5064053.0,
        "EBIT": 3041344.0,
        "Net Interest Income": -556941.0,
        "Interest Expense": 556941.0,
        "Normalized Income": 1790095.500816,
        "Net Income From Continuing And Discontinued Operation": 1895403.0,
        "Total Expenses": 6278233.0,
        "Diluted Average Shares": 36656272.0,
        "Basic Average Shares": 35983116.0,
        "Diluted EPS": 0.05,
        "Basic EPS": 0.05,
        "Diluted NI Availto Com Stockholders": 1895403.0,
        "Net Income Common Stockholders": 1895403.0,
        "Net Income": 1895403.0,
        "Net Income Including Noncontrolling Interests": 1895403.0,
        "Net Income Continuous Operations": 1895403.0,
        "Tax Provision": 589000.0,
        "Pretax Income": 2484403.0,
        "Other Income Expense": 138032.0,
        "Special Income Charges": 138032.0,
        "Gain On Sale Of Ppe": 174492.0,
        "Impairment Of Capital Assets": 36460.0,
        "Net Non Operating Interest Income Expense": -556941.0,
        "Interest Expense Non Operating": 556941.0,
        "Operating Income": 2903312.0,
        "Operating Expense": 2760342.0,
        "Selling General And Administration": 2760342.0,
        "General And Administrative Expense": 2760342.0,
        "Other Gand A": 2760342.0,
        "Gross Profit": 5663654.0,
        "Cost Of Revenue": 3517891.0,
        "Total Revenue": 9181545.0,
        "Operating Revenue": 9519192.0
    },
    "2023-12-31": {
        "Tax Effect Of Unusual Items": -27979.001001,
        "Tax Rate For Calcs": 0.331336,
        "Normalized EBITDA": 7010186.0,
        "Total Unusual Items": -84443.0,
        "Total Unusual Items Excluding Goodwill": -84443.0,
        "Net Income From Continuing Operation Net Minority Interest": 2513444.0,
        "Reconciled Depreciation": 2443154.0,
        "Reconciled Cost Of Revenue": 4165113.0,
        "EBITDA": 6925743.0,
        "EBIT": 4482589.0,
        "Net Interest Income": -723685.0,
        "Interest Expense": 723685.0,
        "Normalized Income": 2569907.998999,
        "Net Income From Continuing And Discontinued Operation": 2513444.0,
        "Total Expenses": 7215941.0,
        "Diluted Average Shares": NaN,
        "Basic Average Shares": NaN,
        "Diluted EPS": NaN,
        "Basic EPS": NaN,
        "Diluted NI Availto Com Stockholders": 2513444.0,
        "Net Income Common Stockholders": 2513444.0,
        "Net Income": 2513444.0,
        "Net Income Including Noncontrolling Interests": 2513444.0,
        "Net Income Continuous Operations": 2513444.0,
        "Tax Provision": 1245460.0,
        "Pretax Income": 3758904.0,
        "Other Income Expense": -84443.0,
        "Special Income Charges": -84443.0,
        "Gain On Sale Of Ppe": -84443.0,
        "Impairment Of Capital Assets": 0.0,
        "Net Non Operating Interest Income Expense": -723685.0,
        "Interest Expense Non Operating": 723685.0,
        "Operating Income": 4567032.0,
        "Operating Expense": 3050828.0,
        "Selling General And Administration": 3050828.0,
        "General And Administrative Expense": 3050828.0,
        "Other Gand A": 3050828.0,
        "Gross Profit": 7617860.0,
        "Cost Of Revenue": 4165113.0,
        "Total Revenue": 11782973.0,
        "Operating Revenue": 8571563.0
    },
    "2024-03-31": {
        "Tax Effect Of Unusual Items": -9684.8,
        "Tax Rate For Calcs": 0.4,
        "Normalized EBITDA": 2954141.0,
        "Total Unusual Items": -24212.0,
        "Total Unusual Items Excluding Goodwill": -24212.0,
        "Net Income From Continuing Operation Net Minority Interest": -183615.0,
        "Reconciled Depreciation": 2356326.0,
        "Reconciled Cost Of Revenue": 3924566.0,
        "EBITDA": 2929929.0,
        "EBIT": 573603.0,
        "Net Interest Income": -714886.0,
        "Interest Expense": 714886.0,
        "Normalized Income": -169087.8,
        "Net Income From Continuing And Discontinued Operation": -183615.0,
        "Total Expenses": 7271603.0,
        "Diluted Average Shares": 36303392.0,
        "Basic Average Shares": 36303392.0,
        "Diluted EPS": -0.01,
        "Basic EPS": -0.01,
        "Diluted NI Availto Com Stockholders": -183615.0,
        "Net Income Common Stockholders": -183615.0,
        "Net Income": -183615.0,
        "Net Income Including Noncontrolling Interests": -183615.0,
        "Net Income Continuous Operations": -183615.0,
        "Tax Provision": 42332.0,
        "Pretax Income": -141283.0,
        "Other Income Expense": -24212.0,
        "Special Income Charges": -24212.0,
        "Gain On Sale Of Ppe": -24212.0,
        "Impairment Of Capital Assets": 0.0,
        "Net Non Operating Interest Income Expense": -714886.0,
        "Interest Expense Non Operating": 714886.0,
        "Operating Income": 597815.0,
        "Operating Expense": 3347037.0,
        "Selling General And Administration": 3347037.0,
        "General And Administrative Expense": 3347037.0,
        "Other Gand A": 3347037.0,
        "Gross Profit": 3944852.0,
        "Cost Of Revenue": 3924566.0,
        "Total Revenue": 7869418.0,
        "Operating Revenue": 7241926.0
    }
}