{
    "2023-06-30": {
        "Tax Effect Of Unusual Items": 0.0,
        "Tax Rate For Calcs": 0.223,
        "Normalized EBITDA": 262800000.0,
        "Net Income From Continuing Operation Net Minority Interest": 134300000.0,
        "Reconciled Depreciation": 58700000.0,
        "Reconciled Cost Of Revenue": 1711600000.0,
        "EBITDA": 262800000.0,
        "EBIT": 204100000.0,
        "Net Interest Income": -31400000.0,
        "Interest Expense": 31400000.0,
        "Normalized Income": 134300000.0,
        "Net Income From Continuing And Discontinued Operation": 134300000.0,
        "Total Expenses": 2020600000.0,
        "Total Operating Income As Reported": 196000000.0,
        "Diluted Average Shares": 57800000.0,
        "Basic Average Shares": 57200000.0,
        "Diluted EPS": 2.32,
        "Basic EPS": 2.35,
        "Diluted NI Availto Com Stockholders": 134300000.0,
        "Net Income Common Stockholders": 134300000.0,
        "Net Income": 134300000.0,
        "Minority Interests": 0.0,
        "Net Income Including Noncontrolling Interests": 134300000.0,
        "Net Income Discontinuous Operations": 0.0,
        "Net Income Continuous Operations": 134300000.0,
        "Tax Provision": 38400000.0,
        "Pretax Income": 172700000.0,
        "Other Income Expense": 8100000.0,
        "Other Non Operating Income Expenses": 8100000.0,
        "Net Non Operating Interest Income Expense": -31400000.0,
        "Interest Expense Non Operating": 31400000.0,
        "Operating Income": 196000000.0,
        "Operating Expense": 309000000.0,
        "Other Operating Expenses": -20600000.0,
        "Research And Development": 93200000.0,
        "Selling General And Administration": 236400000.0,
        "Selling And Marketing Expense": 132600000.0,
        "General And Administrative Expense": 103800000.0,
        "Other Gand A": 103800000.0,
        "Gross Profit": 505000000.0,
        "Cost Of Revenue": 1711600000.0,
        "Total Revenue": 2216600000.0,
        "Operating Revenue": 2216600000.0
    },
    "2023-03-31": {
        "Tax Effect Of Unusual Items": 0.0,
        "Tax Rate For Calcs": 0.217,
        "Normalized EBITDA": 235300000.0,
        "Net Income From Continuing Operation Net Minority Interest": 113400000.0,
        "Reconciled Depreciation": 61800000.0,
        "Reconciled Cost Of Revenue": 1710500000.0,
        "EBITDA": 235300000.0,
        "EBIT": 173500000.0,
        "Net Interest Income": -28300000.0,
        "Interest Expense": 28300000.0,
        "Normalized Income": 113400000.0,
        "Net Income From Continuing And Discontinued Operation": 113400000.0,
        "Total Expenses": 2018600000.0,
        "Total Operating Income As Reported": 161100000.0,
        "Diluted Average Shares": 58100000.0,
        "Basic Average Shares": 57400000.0,
        "Diluted EPS": 1.95,
        "Basic EPS": 1.98,
        "Diluted NI Availto Com Stockholders": 113400000.0,
        "Net Income Common Stockholders": 113400000.0,
        "Net Income": 113400000.0,
        "Minority Interests": -200000.0,
        "Net Income Including Noncontrolling Interests": 113600000.0,
        "Net Income Discontinuous Operations": 0.0,
        "Net Income Continuous Operations": 113600000.0,
        "Tax Provision": 31600000.0,
        "Pretax Income": 145200000.0,
        "Other Income Expense": 12400000.0,
        "Other Non Operating Income Expenses": 12400000.0,
        "Net Non Operating Interest Income Expense": -28300000.0,
        "Interest Expense Non Operating": 28300000.0,
        "Operating Income": 161100000.0,
        "Operating Expense": 308100000.0,
        "Other Operating Expenses": -16800000.0,
        "Research And Development": 96500000.0,
        "Selling General And Administration": 228400000.0,
        "Selling And Marketing Expense": 137600000.0,
        "General And Administrative Expense": 90800000.0,
        "Other Gand A": 90800000.0,
        "Gross Profit": 469200000.0,
        "Cost Of Revenue": 1710500000.0,
        "Total Revenue": 2179700000.0,
        "Operating Revenue": 2179700000.0
    },
    "2022-12-31": {
        "Tax Effect Of Unusual Items": 0.0,
        "Tax Rate For Calcs": 0.203081,
        "Normalized EBITDA": 334500000.0,
        "Net Income From Continuing Operation Net Minority Interest": 196600000.0,
        "Reconciled Depreciation": 62900000.0,
        "Reconciled Cost Of Revenue": 1831100000.0,
        "EBITDA": 334500000.0,
        "EBIT": 271600000.0,
        "Net Interest Income": -24900000.0,
        "Interest Expense": 24900000.0,
        "Normalized Income": 196600000.0,
        "Net Income From Continuing And Discontinued Operation": 195500000.0,
        "Total Expenses": 2147200000.0,
        "Total Operating Income As Reported": 256900000.0,
        "Diluted Average Shares": 58500000.0,
        "Basic Average Shares": 57800000.0,
        "Diluted EPS": 3.34,
        "Basic EPS": 3.38,
        "Diluted NI Availto Com Stockholders": 195500000.0,
        "Net Income Common Stockholders": 195500000.0,
        "Net Income": 195500000.0,
        "Minority Interests": 0.0,
        "Net Income Including Noncontrolling Interests": 195500000.0,
        "Net Income Discontinuous Operations": -1100000.0,
        "Net Income Continuous Operations": 196600000.0,
        "Tax Provision": 50100000.0,
        "Pretax Income": 246700000.0,
        "Other Income Expense": 14700000.0,
        "Other Non Operating Income Expenses": 14700000.0,
        "Net Non Operating Interest Income Expense": -24900000.0,
        "Interest Expense Non Operating": 24900000.0,
        "Operating Income": 256900000.0,
        "Operating Expense": 316100000.0,
        "Other Operating Expenses": -14700000.0,
        "Research And Development": 100600000.0,
        "Selling General And Administration": 230200000.0,
        "Selling And Marketing Expense": 133000000.0,
        "General And Administrative Expense": 97200000.0,
        "Other Gand A": 97200000.0,
        "Gross Profit": 573000000.0,
        "Cost Of Revenue": 1831100000.0,
        "Total Revenue": 2404100000.0,
        "Operating Revenue": 2404100000.0
    },
    "2022-09-30": {
        "Tax Effect Of Unusual Items": 0.0,
        "Tax Rate For Calcs": 0.211,
        "Normalized EBITDA": 317900000.0,
        "Total Unusual Items": NaN,
        "Total Unusual Items Excluding Goodwill": NaN,
        "Net Income From Continuing Operation Net Minority Interest": 190400000.0,
        "Reconciled Depreciation": 56200000.0,
        "Reconciled Cost Of Revenue": 1781400000.0,
        "EBITDA": 317900000.0,
        "EBIT": 261700000.0,
        "Net Interest Income": -20100000.0,
        "Interest Expense": 20100000.0,
        "Normalized Income": 190400000.0,
        "Net Income From Continuing And Discontinued Operation": 186300000.0,
        "Total Expenses": 2086300000.0,
        "Total Operating Income As Reported": 254300000.0,
        "Diluted Average Shares": 60000000.0,
        "Basic Average Shares": 59200000.0,
        "Diluted EPS": 3.1,
        "Basic EPS": 3.15,
        "Diluted NI Availto Com Stockholders": 186300000.0,
        "Net Income Common Stockholders": 186300000.0,
        "Net Income": 186300000.0,
        "Minority Interests": -300000.0,
        "Net Income Including Noncontrolling Interests": 186600000.0,
        "Net Income Discontinuous Operations": -4100000.0,
        "Net Income Continuous Operations": 190700000.0,
        "Tax Provision": 50900000.0,
        "Pretax Income": 241600000.0,
        "Other Income Expense": 7400000.0,
        "Other Non Operating Income Expenses": 7400000.0,
        "Special Income Charges": NaN,
        "Gain On Sale Of Business": NaN,
        "Net Non Operating Interest Income Expense": -20100000.0,
        "Interest Expense Non Operating": 20100000.0,
        "Operating Income": 254300000.0,
        "Operating Expense": 304900000.0,
        "Other Operating Expenses": -12100000.0,
        "Research And Development": 98500000.0,
        "Selling General And Administration": 218500000.0,
        "Selling And Marketing Expense": 120700000.0,
        "General And Administrative Expense": 97800000.0,
        "Other Gand A": 97800000.0,
        "Gross Profit": 559200000.0,
        "Cost Of Revenue": 1781400000.0,
        "Total Revenue": 2340600000.0,
        "Operating Revenue": 2340600000.0
    },
    "2022-06-30": {
        "Tax Effect Of Unusual Items": 0.0,
        "Tax Rate For Calcs": 0.217,
        "Normalized EBITDA": 248700000.0,
        "Total Unusual Items": NaN,
        "Total Unusual Items Excluding Goodwill": NaN,
        "Net Income From Continuing Operation Net Minority Interest": 141800000.0,
        "Reconciled Depreciation": 52400000.0,
        "Reconciled Cost Of Revenue": 1588400000.0,
        "EBITDA": 248700000.0,
        "EBIT": 196300000.0,
        "Net Interest Income": -14900000.0,
        "Interest Expense": 14900000.0,
        "Normalized Income": 141800000.0,
        "Net Income From Continuing And Discontinued Operation": -4600000.0,
        "Total Expenses": 1869700000.0,
        "Total Operating Income As Reported": 193100000.0,
        "Diluted Average Shares": 60500000.0,
        "Basic Average Shares": 59900000.0,
        "Diluted EPS": -0.08,
        "Basic EPS": -0.08,
        "Diluted NI Availto Com Stockholders": -4600000.0,
        "Net Income Common Stockholders": -4600000.0,
        "Net Income": -4600000.0,
        "Minority Interests": -200000.0,
        "Net Income Including Noncontrolling Interests": -4400000.0,
        "Net Income Discontinuous Operations": -146400000.0,
        "Net Income Continuous Operations": 142000000.0,
        "Tax Provision": 39400000.0,
        "Pretax Income": 181400000.0,
        "Other Income Expense": 3200000.0,
        "Other Non Operating Income Expenses": 3200000.0,
        "Special Income Charges": NaN,
        "Gain On Sale Of Business": NaN,
        "Net Non Operating Interest Income Expense": -14900000.0,
        "Interest Expense Non Operating": 14900000.0,
        "Operating Income": 193100000.0,
        "Operating Expense": 281300000.0,
        "Other Operating Expenses": -10200000.0,
        "Research And Development": 86800000.0,
        "Selling General And Administration": 204700000.0,
        "Selling And Marketing Expense": 115500000.0,
        "General And Administrative Expense": 89200000.0,
        "Other Gand A": 89200000.0,
        "Gross Profit": 474400000.0,
        "Cost Of Revenue": 1588400000.0,
        "Total Revenue": 2062800000.0,
        "Operating Revenue": 2062800000.0
    },
    "2022-03-31": {
        "Diluted EPS": 1.14,
        "Total Revenue": NaN,
        "Gross Profit": 353,
        "Operating Income": 100,
        "EBIT": 157,
        "Net Income": 70
    },
    "2021-12-31": {
        "Diluted EPS": 1.41,
        "Total Revenue": NaN,
        "Gross Profit": 353,
        "Operating Income": 159,
        "EBIT": 213,
        "Net Income": 87
    },
    "2021-09-30": {
        "Diluted EPS": 1.84,
        "Total Revenue": NaN,
        "Gross Profit": 420,
        "Operating Income": 158,
        "EBIT": 213,
        "Net Income": 115
    },
    "2021-06-30": {
        "Diluted EPS": 2.52,
        "Total Revenue": NaN,
        "Gross Profit": 497,
        "Operating Income": 211,
        "EBIT": 259,
        "Net Income": 158
    },
    "2021-03-31": {
        "Diluted EPS": 2.11,
        "Total Revenue": NaN,
        "Gross Profit": 481,
        "Operating Income": 184,
        "EBIT": 244,
        "Net Income": 134
    },
    "2020-12-31": {
        "Diluted EPS": 3.24,
        "Total Revenue": NaN,
        "Gross Profit": 376,
        "Operating Income": 571,
        "EBIT": 319,
        "Net Income": 199
    },
    "2020-09-30": {
        "Diluted EPS": 2.66,
        "Total Revenue": NaN,
        "Gross Profit": 535,
        "Operating Income": 239,
        "EBIT": 303,
        "Net Income": 167
    },
    "2020-06-30": {
        "Diluted EPS": -3.82,
        "Total Revenue": NaN,
        "Gross Profit": 333,
        "Operating Income": -295,
        "EBIT": 149,
        "Net Income": -235
    },
    "2020-03-31": {
        "Diluted EPS": -0.09,
        "Total Revenue": NaN,
        "Gross Profit": 293,
        "Operating Income": 6,
        "EBIT": 68,
        "Net Income": -5
    },
    "2019-12-31": {
        "Diluted EPS": 1.58,
        "Total Revenue": NaN,
        "Gross Profit": 423,
        "Operating Income": 136,
        "EBIT": 198,
        "Net Income": 99
    },
    "2019-09-30": {
        "Diluted EPS": 1.42,
        "Total Revenue": NaN,
        "Gross Profit": 437,
        "Operating Income": 130,
        "EBIT": 191,
        "Net Income": 88
    },
    "2019-06-30": {
        "Diluted EPS": 1.42,
        "Total Revenue": NaN,
        "Gross Profit": 436,
        "Operating Income": 135,
        "EBIT": 193,
        "Net Income": 88
    },
    "2019-03-31": {
        "Diluted EPS": 0.78,
        "Total Revenue": NaN,
        "Gross Profit": 353,
        "Operating Income": 82,
        "EBIT": 136,
        "Net Income": 48
    },
    "2018-12-31": {
        "Diluted EPS": 1.46,
        "Total Revenue": NaN,
        "Gross Profit": 391,
        "Operating Income": 143,
        "EBIT": 198,
        "Net Income": 92
    },
    "2018-09-30": {
        "Diluted EPS": 1.5,
        "Total Revenue": NaN,
        "Gross Profit": 401,
        "Operating Income": 139,
        "EBIT": 196,
        "Net Income": 96
    },
    "2018-06-30": {
        "Diluted EPS": 1.43,
        "Total Revenue": NaN,
        "Gross Profit": 385,
        "Operating Income": 122,
        "EBIT": 168,
        "Net Income": 93
    },
    "2018-03-31": {
        "Diluted EPS": 0.85,
        "Total Revenue": NaN,
        "Gross Profit": 323,
        "Operating Income": 83,
        "EBIT": 136,
        "Net Income": 56
    },
    "2017-12-31": {
        "Diluted EPS": 0.49,
        "Total Revenue": NaN,
        "Gross Profit": 368,
        "Operating Income": 122,
        "EBIT": 175,
        "Net Income": 31
    },
    "2017-09-30": {
        "Diluted EPS": 1.28,
        "Total Revenue": NaN,
        "Gross Profit": 364,
        "Operating Income": 117,
        "EBIT": 164,
        "Net Income": 82
    },
    "2017-06-30": {
        "Diluted EPS": 0.97,
        "Total Revenue": NaN,
        "Gross Profit": 350,
        "Operating Income": 99,
        "EBIT": 146,
        "Net Income": 62
    },
    "2017-03-31": {
        "Diluted EPS": -0.05,
        "Total Revenue": NaN,
        "Gross Profit": 242,
        "Operating Income": 21,
        "EBIT": 66,
        "Net Income": -3
    },
    "2016-12-31": {
        "Diluted EPS": 0.97,
        "Total Revenue": NaN,
        "Gross Profit": 313,
        "Operating Income": 99,
        "EBIT": 144,
        "Net Income": 63
    },
    "2016-09-30": {
        "Diluted EPS": 0.5,
        "Total Revenue": NaN,
        "Gross Profit": 261,
        "Operating Income": 57,
        "EBIT": 101,
        "Net Income": 32
    },
    "2016-06-30": {
        "Diluted EPS": 1.09,
        "Total Revenue": NaN,
        "Gross Profit": 285,
        "Operating Income": 117,
        "EBIT": 157,
        "Net Income": 71
    },
    "2016-03-31": {
        "Diluted EPS": 0.71,
        "Total Revenue": 983,
        "Gross Profit": 248,
        "Operating Income": 77,
        "EBIT": 115,
        "Net Income": 47
    },
    "2015-12-31": {
        "Diluted EPS": 1.66,
        "Total Revenue": NaN,
        "Gross Profit": 310,
        "Operating Income": 159,
        "EBIT": 198,
        "Net Income": 111
    },
    "2015-09-30": {
        "Diluted EPS": 2.3,
        "Total Revenue": NaN,
        "Gross Profit": 416,
        "Operating Income": 243,
        "EBIT": 283,
        "Net Income": 155
    },
    "2015-06-30": {
        "Diluted EPS": 1.49,
        "Total Revenue": NaN,
        "Gross Profit": 319,
        "Operating Income": 164,
        "EBIT": 199,
        "Net Income": 101
    },
    "2015-03-31": {
        "Diluted EPS": 1.3,
        "Total Revenue": NaN,
        "Gross Profit": 294,
        "Operating Income": 150,
        "EBIT": 187,
        "Net Income": 89
    },
    "2014-12-31": {
        "Diluted EPS": 1.98,
        "Total Revenue": NaN,
        "Gross Profit": 368,
        "Operating Income": 210,
        "EBIT": 246,
        "Net Income": 135
    },
    "2014-09-30": {
        "Diluted EPS": 2.06,
        "Total Revenue": NaN,
        "Gross Profit": 388,
        "Operating Income": 223,
        "EBIT": 257,
        "Net Income": 141
    },
    "2014-06-30": {
        "Diluted EPS": 1.42,
        "Total Revenue": NaN,
        "Gross Profit": 305,
        "Operating Income": 155,
        "EBIT": 184,
        "Net Income": 97
    },
    "2014-03-31": {
        "Diluted EPS": 1.19,
        "Total Revenue": 888,
        "Gross Profit": 258,
        "Operating Income": 127,
        "EBIT": 155,
        "Net Income": 81
    },
    "2013-12-31": {
        "Diluted EPS": 1.56,
        "Total Revenue": NaN,
        "Gross Profit": 317,
        "Operating Income": 169,
        "EBIT": 197,
        "Net Income": 109
    },
    "2013-09-30": {
        "Diluted EPS": 1.59,
        "Total Revenue": NaN,
        "Gross Profit": 335,
        "Operating Income": 181,
        "EBIT": 206,
        "Net Income": 113
    },
    "2013-06-30": {
        "Diluted EPS": 1.13,
        "Total Revenue": 845,
        "Gross Profit": 252,
        "Operating Income": 126,
        "EBIT": 145,
        "Net Income": 80
    },
    "2013-03-31": {
        "Diluted EPS": 1.07,
        "Total Revenue": 746,
        "Gross Profit": 217,
        "Operating Income": 102,
        "EBIT": 122,
        "Net Income": 75
    },
    "2012-12-31": {
        "Diluted EPS": 1.24,
        "Total Revenue": 901,
        "Gross Profit": 254,
        "Operating Income": 135,
        "EBIT": 154,
        "Net Income": 88
    },
    "2012-09-30": {
        "Diluted EPS": 1.33,
        "Total Revenue": 880,
        "Gross Profit": 260,
        "Operating Income": 142,
        "EBIT": 160,
        "Net Income": 94
    },
    "2012-06-30": {
        "Diluted EPS": 0.98,
        "Total Revenue": 755,
        "Gross Profit": 217,
        "Operating Income": 110,
        "EBIT": 126,
        "Net Income": 70
    },
    "2012-03-31": {
        "Diluted EPS": 0.85,
        "Total Revenue": 674,
        "Gross Profit": 195,
        "Operating Income": 92,
        "EBIT": 108,
        "Net Income": 60
    },
    "2011-12-31": {
        "Diluted EPS": 0.9,
        "Total Revenue": 782,
        "Gross Profit": 204,
        "Operating Income": 93,
        "EBIT": 109,
        "Net Income": 64
    },
    "2011-09-30": {
        "Diluted EPS": 0.95,
        "Total Revenue": 730,
        "Gross Profit": 207,
        "Operating Income": 110,
        "EBIT": 126,
        "Net Income": 68
    },
    "2011-06-30": {
        "Diluted EPS": 0.68,
        "Total Revenue": 608,
        "Gross Profit": 178,
        "Operating Income": 77,
        "EBIT": 93,
        "Net Income": 49
    },
    "2011-03-31": {
        "Diluted EPS": 0.67,
        "Total Revenue": 537,
        "Gross Profit": 152,
        "Operating Income": 70,
        "EBIT": 88,
        "Net Income": 47
    },
    "2010-12-31": {
        "Diluted EPS": 0.78,
        "Total Revenue": 618,
        "Gross Profit": 172,
        "Operating Income": 78,
        "EBIT": 95,
        "Net Income": 55
    },
    "2010-09-30": {
        "Diluted EPS": 0.69,
        "Total Revenue": 580,
        "Gross Profit": 151,
        "Operating Income": 68,
        "EBIT": 86,
        "Net Income": 47
    },
    "2010-06-30": {
        "Diluted EPS": 0.38,
        "Total Revenue": 431,
        "Gross Profit": 113,
        "Operating Income": 43,
        "EBIT": 58,
        "Net Income": 26
    },
    "2010-03-31": {
        "Diluted EPS": 0.3,
        "Total Revenue": 362,
        "Gross Profit": 95,
        "Operating Income": 32,
        "EBIT": 48,
        "Net Income": 20
    },
    "2009-12-31": {
        "Diluted EPS": 0.67,
        "Total Revenue": 472,
        "Gross Profit": 129,
        "Operating Income": 69,
        "EBIT": 87,
        "Net Income": 44
    },
    "2009-09-30": {
        "Diluted EPS": 0.47,
        "Total Revenue": 436,
        "Gross Profit": 105,
        "Operating Income": 46,
        "EBIT": 64,
        "Net Income": 31
    },
    "2009-06-30": {
        "Diluted EPS": 0.27,
        "Total Revenue": 346,
        "Gross Profit": 83,
        "Operating Income": 27,
        "EBIT": 41,
        "Net Income": 17
    },
    "2009-03-31": {
        "Diluted EPS": 0.13,
        "Total Revenue": 312,
        "Gross Profit": 76,
        "Operating Income": 23,
        "EBIT": 38,
        "Net Income": 8
    },
    "2023-09-30": {
        "Tax Effect Of Unusual Items": 0.0,
        "Tax Rate For Calcs": 0.166,
        "Normalized EBITDA": 280600000.0,
        "Net Income From Continuing Operation Net Minority Interest": 151700000.0,
        "Reconciled Depreciation": 66400000.0,
        "Reconciled Cost Of Revenue": 1740100000.0,
        "EBITDA": 280600000.0,
        "EBIT": 214200000.0,
        "Net Interest Income": -32500000.0,
        "Interest Expense": 32500000.0,
        "Normalized Income": 151700000.0,
        "Net Income From Continuing And Discontinued Operation": 151700000.0,
        "Total Expenses": 2047800000.0,
        "Total Operating Income As Reported": 201100000.0,
        "Diluted Average Shares": 57800000.0,
        "Basic Average Shares": 57000000.0,
        "Diluted EPS": 2.62,
        "Basic EPS": 2.66,
        "Diluted NI Availto Com Stockholders": 151700000.0,
        "Net Income Common Stockholders": 151700000.0,
        "Net Income": 151700000.0,
        "Minority Interests": 200000.0,
        "Net Income Including Noncontrolling Interests": 151500000.0,
        "Net Income Discontinuous Operations": 0.0,
        "Net Income Continuous Operations": 151500000.0,
        "Tax Provision": 30200000.0,
        "Pretax Income": 181700000.0,
        "Other Income Expense": 13100000.0,
        "Other Non Operating Income Expenses": 13100000.0,
        "Net Non Operating Interest Income Expense": -32500000.0,
        "Interest Expense Non Operating": 32500000.0,
        "Operating Income": 201100000.0,
        "Operating Expense": 307700000.0,
        "Other Operating Expenses": -20500000.0,
        "Research And Development": 91800000.0,
        "Selling General And Administration": 236400000.0,
        "Selling And Marketing Expense": 145100000.0,
        "General And Administrative Expense": 91300000.0,
        "Other Gand A": 91300000.0,
        "Gross Profit": 508800000.0,
        "Cost Of Revenue": 1740100000.0,
        "Total Revenue": 2248900000.0,
        "Operating Revenue": 2248900000.0
    }
}