{
    "2023-03-31": {
        "Tax Effect Of Unusual Items": NaN,
        "Tax Rate For Calcs": NaN,
        "Normalized EBITDA": NaN,
        "Total Unusual Items": NaN,
        "Total Unusual Items Excluding Goodwill": NaN,
        "Net Income From Continuing Operation Net Minority Interest": NaN,
        "Reconciled Depreciation": NaN,
        "EBITDA": NaN,
        "EBIT": NaN,
        "Net Interest Income": NaN,
        "Interest Expense": NaN,
        "Normalized Income": NaN,
        "Net Income From Continuing And Discontinued Operation": NaN,
        "Total Expenses": NaN,
        "Total Operating Income As Reported": NaN,
        "Diluted Average Shares": 41579000.0,
        "Basic Average Shares": 41579000.0,
        "Diluted EPS": -0.22,
        "Basic EPS": -0.22,
        "Diluted NI Availto Com Stockholders": NaN,
        "Average Dilution Earnings": 0.0,
        "Net Income Common Stockholders": NaN,
        "Net Income": NaN,
        "Minority Interests": NaN,
        "Net Income Including Noncontrolling Interests": NaN,
        "Net Income Continuous Operations": NaN,
        "Tax Provision": NaN,
        "Pretax Income": NaN,
        "Other Income Expense": NaN,
        "Other Non Operating Income Expenses": NaN,
        "Special Income Charges": NaN,
        "Impairment Of Capital Assets": NaN,
        "Gain On Sale Of Security": NaN,
        "Net Non Operating Interest Income Expense": NaN,
        "Interest Expense Non Operating": NaN,
        "Operating Income": NaN,
        "Operating Expense": NaN,
        "Other Operating Expenses": NaN,
        "Depreciation Amortization Depletion Income Statement": NaN,
        "Depreciation And Amortization In Income Statement": NaN,
        "Selling General And Administration": NaN,
        "Selling And Marketing Expense": NaN,
        "General And Administrative Expense": NaN,
        "Other Gand A": NaN,
        "Total Revenue": NaN,
        "Operating Revenue": NaN
    },
    "2022-12-31": {
        "Tax Effect Of Unusual Items": NaN,
        "Tax Rate For Calcs": NaN,
        "Normalized EBITDA": NaN,
        "Total Unusual Items": NaN,
        "Total Unusual Items Excluding Goodwill": NaN,
        "Net Income From Continuing Operation Net Minority Interest": NaN,
        "Reconciled Depreciation": NaN,
        "EBITDA": NaN,
        "EBIT": NaN,
        "Net Interest Income": NaN,
        "Interest Expense": NaN,
        "Normalized Income": NaN,
        "Net Income From Continuing And Discontinued Operation": NaN,
        "Total Expenses": NaN,
        "Total Operating Income As Reported": NaN,
        "Diluted Average Shares": NaN,
        "Basic Average Shares": NaN,
        "Diluted EPS": NaN,
        "Basic EPS": NaN,
        "Diluted NI Availto Com Stockholders": NaN,
        "Average Dilution Earnings": NaN,
        "Net Income Common Stockholders": NaN,
        "Net Income": NaN,
        "Minority Interests": NaN,
        "Net Income Including Noncontrolling Interests": NaN,
        "Net Income Continuous Operations": NaN,
        "Tax Provision": NaN,
        "Pretax Income": NaN,
        "Other Income Expense": NaN,
        "Other Non Operating Income Expenses": NaN,
        "Special Income Charges": -463496246.0,
        "Impairment Of Capital Assets": 463496246.0,
        "Gain On Sale Of Security": NaN,
        "Net Non Operating Interest Income Expense": NaN,
        "Interest Expense Non Operating": NaN,
        "Operating Income": NaN,
        "Operating Expense": NaN,
        "Other Operating Expenses": NaN,
        "Depreciation Amortization Depletion Income Statement": NaN,
        "Depreciation And Amortization In Income Statement": NaN,
        "Selling General And Administration": NaN,
        "Selling And Marketing Expense": NaN,
        "General And Administrative Expense": NaN,
        "Other Gand A": NaN,
        "Total Revenue": NaN,
        "Operating Revenue": NaN
    },
    "2022-09-30": {
        "Tax Effect Of Unusual Items": NaN,
        "Tax Rate For Calcs": NaN,
        "Normalized EBITDA": NaN,
        "Total Unusual Items": NaN,
        "Total Unusual Items Excluding Goodwill": NaN,
        "Net Income From Continuing Operation Net Minority Interest": NaN,
        "Reconciled Depreciation": NaN,
        "EBITDA": NaN,
        "EBIT": NaN,
        "Net Interest Income": NaN,
        "Interest Expense": NaN,
        "Normalized Income": NaN,
        "Net Income From Continuing And Discontinued Operation": NaN,
        "Total Expenses": NaN,
        "Total Operating Income As Reported": NaN,
        "Diluted Average Shares": NaN,
        "Basic Average Shares": NaN,
        "Diluted EPS": NaN,
        "Basic EPS": NaN,
        "Diluted NI Availto Com Stockholders": NaN,
        "Average Dilution Earnings": -54155858.0,
        "Net Income Common Stockholders": NaN,
        "Net Income": NaN,
        "Minority Interests": NaN,
        "Net Income Including Noncontrolling Interests": NaN,
        "Net Income Continuous Operations": NaN,
        "Tax Provision": NaN,
        "Pretax Income": NaN,
        "Other Income Expense": NaN,
        "Other Non Operating Income Expenses": NaN,
        "Special Income Charges": 0.0,
        "Impairment Of Capital Assets": 0.0,
        "Gain On Sale Of Security": NaN,
        "Net Non Operating Interest Income Expense": NaN,
        "Interest Expense Non Operating": NaN,
        "Operating Income": NaN,
        "Operating Expense": NaN,
        "Other Operating Expenses": NaN,
        "Depreciation Amortization Depletion Income Statement": NaN,
        "Depreciation And Amortization In Income Statement": NaN,
        "Selling General And Administration": NaN,
        "Selling And Marketing Expense": NaN,
        "General And Administrative Expense": NaN,
        "Other Gand A": NaN,
        "Total Revenue": NaN,
        "Operating Revenue": NaN
    },
    "2022-06-30": {
        "Tax Effect Of Unusual Items": 0.0,
        "Tax Rate For Calcs": 0.0,
        "Normalized EBITDA": -39011322.0,
        "Total Unusual Items": -839640661.0,
        "Total Unusual Items Excluding Goodwill": -839640661.0,
        "Net Income From Continuing Operation Net Minority Interest": -154349949.0,
        "Reconciled Depreciation": 21720081.0,
        "EBITDA": -878651983.0,
        "EBIT": -900372064.0,
        "Net Interest Income": -2733875.0,
        "Interest Expense": 2733875.0,
        "Normalized Income": 685290712.0,
        "Net Income From Continuing And Discontinued Operation": -154349949.0,
        "Total Expenses": 330185374.0,
        "Total Operating Income As Reported": -912187157.0,
        "Diluted Average Shares": 242053000.0,
        "Basic Average Shares": 41579000.0,
        "Diluted EPS": -3.73,
        "Basic EPS": -3.71,
        "Diluted NI Availto Com Stockholders": -154349949.0,
        "Average Dilution Earnings": -748755990.0,
        "Net Income Common Stockholders": -154349949.0,
        "Net Income": -154349949.0,
        "Minority Interests": 748755990.0,
        "Net Income Including Noncontrolling Interests": -903105939.0,
        "Net Income Continuous Operations": -903105939.0,
        "Tax Provision": 0.0,
        "Pretax Income": -903105939.0,
        "Other Income Expense": -839640661.0,
        "Other Non Operating Income Expenses": NaN,
        "Special Income Charges": -851455754.0,
        "Impairment Of Capital Assets": 851455754.0,
        "Gain On Sale Of Security": 11815093.0,
        "Net Non Operating Interest Income Expense": -2733875.0,
        "Interest Expense Non Operating": 2733875.0,
        "Operating Income": -60731403.0,
        "Operating Expense": 330185374.0,
        "Other Operating Expenses": 265958797.0,
        "Depreciation Amortization Depletion Income Statement": 21720081.0,
        "Depreciation And Amortization In Income Statement": 21720081.0,
        "Selling General And Administration": 42506496.0,
        "Selling And Marketing Expense": 1408096.0,
        "General And Administrative Expense": 41098400.0,
        "Other Gand A": 41098400.0,
        "Total Revenue": 269453971.0,
        "Operating Revenue": 269453971.0
    },
    "2022-03-31": {
        "Diluted EPS": -0.25,
        "Total Revenue": 274,
        "Gross Profit": 8,
        "Operating Income": -52,
        "EBIT": -30,
        "Net Income": -11
    },
    "2021-12-31": {
        "Diluted EPS": 0.0,
        "Total Revenue": 185,
        "Gross Profit": -16,
        "Operating Income": -121,
        "EBIT": -113,
        "Net Income": -70
    },
    "2021-09-30": {
        "Diluted EPS": 0.0,
        "Total Revenue": 156,
        "Gross Profit": -5,
        "Operating Income": -28,
        "EBIT": -27,
        "Net Income": -32
    },
    "2021-06-30": {
        "Diluted EPS": 0.0,
        "Total Revenue": 145,
        "Gross Profit": -6,
        "Operating Income": -26,
        "EBIT": -25,
        "Net Income": -29
    },
    "2021-03-31": {
        "Diluted EPS": 0.0,
        "Total Revenue": 151,
        "Gross Profit": 5,
        "Operating Income": -13,
        "EBIT": -12,
        "Net Income": -25
    },
    "2020-12-31": {
        "Diluted EPS": 0.0,
        "Total Revenue": NaN,
        "Gross Profit": NaN,
        "Operating Income": NaN,
        "EBIT": NaN,
        "Net Income": NaN
    },
    "2019-12-31": {
        "Diluted EPS": 0.0,
        "Total Revenue": NaN,
        "Gross Profit": NaN,
        "Operating Income": NaN,
        "EBIT": NaN,
        "Net Income": NaN
    },
    "2023-06-30": {
        "Tax Effect Of Unusual Items": NaN,
        "Tax Rate For Calcs": NaN,
        "Normalized EBITDA": NaN,
        "Total Unusual Items": NaN,
        "Total Unusual Items Excluding Goodwill": NaN,
        "Net Income From Continuing Operation Net Minority Interest": NaN,
        "Reconciled Depreciation": NaN,
        "EBITDA": NaN,
        "EBIT": NaN,
        "Net Interest Income": NaN,
        "Interest Expense": NaN,
        "Normalized Income": NaN,
        "Net Income From Continuing And Discontinued Operation": NaN,
        "Total Expenses": NaN,
        "Total Operating Income As Reported": NaN,
        "Diluted Average Shares": 107454000.0,
        "Basic Average Shares": 107454000.0,
        "Diluted EPS": -0.09,
        "Basic EPS": -0.09,
        "Diluted NI Availto Com Stockholders": NaN,
        "Average Dilution Earnings": 0.0,
        "Net Income Common Stockholders": NaN,
        "Net Income": NaN,
        "Minority Interests": NaN,
        "Net Income Including Noncontrolling Interests": NaN,
        "Net Income Continuous Operations": NaN,
        "Tax Provision": NaN,
        "Pretax Income": NaN,
        "Other Income Expense": NaN,
        "Other Non Operating Income Expenses": NaN,
        "Special Income Charges": 0.0,
        "Impairment Of Capital Assets": 0.0,
        "Gain On Sale Of Security": NaN,
        "Net Non Operating Interest Income Expense": NaN,
        "Interest Expense Non Operating": NaN,
        "Operating Income": NaN,
        "Operating Expense": NaN,
        "Other Operating Expenses": NaN,
        "Depreciation Amortization Depletion Income Statement": NaN,
        "Depreciation And Amortization In Income Statement": NaN,
        "Selling General And Administration": NaN,
        "Selling And Marketing Expense": NaN,
        "General And Administrative Expense": NaN,
        "Other Gand A": NaN,
        "Total Revenue": NaN,
        "Operating Revenue": NaN
    },
    "2023-09-30": {
        "Tax Effect Of Unusual Items": 158550.0,
        "Tax Rate For Calcs": 0.21,
        "Normalized EBITDA": -11909000.0,
        "Total Unusual Items": 755000.0,
        "Total Unusual Items Excluding Goodwill": 755000.0,
        "Net Income From Continuing Operation Net Minority Interest": -13296000.0,
        "Reconciled Depreciation": 21721000.0,
        "EBITDA": -11154000.0,
        "EBIT": -32875000.0,
        "Net Interest Income": -4002000.0,
        "Interest Expense": 4002000.0,
        "Normalized Income": -13892450.0,
        "Net Income From Continuing And Discontinued Operation": -13296000.0,
        "Total Expenses": 322171000.0,
        "Total Operating Income As Reported": -33820000.0,
        "Diluted Average Shares": 312679000.0,
        "Basic Average Shares": 114198000.0,
        "Diluted EPS": -0.12,
        "Basic EPS": -0.12,
        "Diluted NI Availto Com Stockholders": -37289000.0,
        "Average Dilution Earnings": -23993000.0,
        "Net Income Common Stockholders": -13296000.0,
        "Net Income": -13296000.0,
        "Minority Interests": 23993000.0,
        "Net Income Including Noncontrolling Interests": -37289000.0,
        "Net Income Continuous Operations": -37289000.0,
        "Tax Provision": 412000.0,
        "Pretax Income": -36877000.0,
        "Other Income Expense": 945000.0,
        "Other Non Operating Income Expenses": 190000.0,
        "Special Income Charges": 0.0,
        "Impairment Of Capital Assets": 0.0,
        "Gain On Sale Of Security": 755000.0,
        "Net Non Operating Interest Income Expense": -4002000.0,
        "Interest Expense Non Operating": 4002000.0,
        "Operating Income": -33820000.0,
        "Operating Expense": 322171000.0,
        "Other Operating Expenses": 266731000.0,
        "Depreciation Amortization Depletion Income Statement": 21721000.0,
        "Depreciation And Amortization In Income Statement": 21721000.0,
        "Selling General And Administration": 33719000.0,
        "Selling And Marketing Expense": 654000.0,
        "General And Administrative Expense": 33065000.0,
        "Other Gand A": 33065000.0,
        "Total Revenue": 288351000.0,
        "Operating Revenue": 288351000.0
    },
    "2023-12-31": {
        "Tax Effect Of Unusual Items": 159600.0,
        "Tax Rate For Calcs": 0.21,
        "Normalized EBITDA": -42420000.0,
        "Total Unusual Items": 760000.0,
        "Total Unusual Items Excluding Goodwill": 760000.0,
        "Net Income From Continuing Operation Net Minority Interest": -25462000.0,
        "Reconciled Depreciation": 21634000.0,
        "EBITDA": -41660000.0,
        "EBIT": -63294000.0,
        "Net Interest Income": -4046000.0,
        "Interest Expense": 4046000.0,
        "Normalized Income": -26062400.0,
        "Net Income From Continuing And Discontinued Operation": -25462000.0,
        "Total Expenses": 411121000.0,
        "Total Operating Income As Reported": -64260000.0,
        "Diluted Average Shares": NaN,
        "Basic Average Shares": NaN,
        "Diluted EPS": NaN,
        "Basic EPS": NaN,
        "Diluted NI Availto Com Stockholders": -25462000.0,
        "Average Dilution Earnings": NaN,
        "Net Income Common Stockholders": -25462000.0,
        "Net Income": -25462000.0,
        "Minority Interests": 43645000.0,
        "Net Income Including Noncontrolling Interests": -69107000.0,
        "Net Income Continuous Operations": -69107000.0,
        "Tax Provision": 1767000.0,
        "Pretax Income": -67340000.0,
        "Other Income Expense": 966000.0,
        "Other Non Operating Income Expenses": 206000.0,
        "Special Income Charges": 0.0,
        "Impairment Of Capital Assets": 0.0,
        "Gain On Sale Of Security": 760000.0,
        "Net Non Operating Interest Income Expense": -4046000.0,
        "Interest Expense Non Operating": 4046000.0,
        "Operating Income": -64260000.0,
        "Operating Expense": 411121000.0,
        "Other Operating Expenses": 364335000.0,
        "Depreciation Amortization Depletion Income Statement": 21634000.0,
        "Depreciation And Amortization In Income Statement": 21634000.0,
        "Selling General And Administration": 25152000.0,
        "Selling And Marketing Expense": 721000.0,
        "General And Administrative Expense": 24431000.0,
        "Other Gand A": 24431000.0,
        "Total Revenue": 346861000.0,
        "Operating Revenue": 346861000.0
    },
    "2024-03-31": {
        "Tax Effect Of Unusual Items": 45360.0,
        "Tax Rate For Calcs": 0.21,
        "Normalized EBITDA": -21955000.0,
        "Total Unusual Items": 216000.0,
        "Total Unusual Items Excluding Goodwill": 216000.0,
        "Net Income From Continuing Operation Net Minority Interest": -18700000.0,
        "Reconciled Depreciation": 21539000.0,
        "EBITDA": -21739000.0,
        "EBIT": -43278000.0,
        "Net Interest Income": -4256000.0,
        "Interest Expense": 4256000.0,
        "Normalized Income": -18870640.0,
        "Net Income From Continuing And Discontinued Operation": -18700000.0,
        "Total Expenses": 432319000.0,
        "Total Operating Income As Reported": -43831000.0,
        "Diluted Average Shares": 118887000.0,
        "Basic Average Shares": 118887000.0,
        "Diluted EPS": -0.16,
        "Basic EPS": -0.16,
        "Diluted NI Availto Com Stockholders": -18700000.0,
        "Average Dilution Earnings": 0.0,
        "Net Income Common Stockholders": -18700000.0,
        "Net Income": -18700000.0,
        "Minority Interests": 30906000.0,
        "Net Income Including Noncontrolling Interests": -49606000.0,
        "Net Income Continuous Operations": -49606000.0,
        "Tax Provision": 2072000.0,
        "Pretax Income": -47534000.0,
        "Other Income Expense": 553000.0,
        "Other Non Operating Income Expenses": 337000.0,
        "Special Income Charges": NaN,
        "Impairment Of Capital Assets": NaN,
        "Gain On Sale Of Security": 216000.0,
        "Net Non Operating Interest Income Expense": -4256000.0,
        "Interest Expense Non Operating": 4256000.0,
        "Operating Income": -43831000.0,
        "Operating Expense": 432319000.0,
        "Other Operating Expenses": 383057000.0,
        "Depreciation Amortization Depletion Income Statement": 21539000.0,
        "Depreciation And Amortization In Income Statement": 21539000.0,
        "Selling General And Administration": 27723000.0,
        "Selling And Marketing Expense": 322000.0,
        "General And Administrative Expense": 27401000.0,
        "Other Gand A": 27401000.0,
        "Total Revenue": 388488000.0,
        "Operating Revenue": 388488000.0
    },
    "2024-06-30": {
        "Tax Effect Of Unusual Items": 1821330.0,
        "Tax Rate For Calcs": 0.21,
        "Normalized EBITDA": -9350000.0,
        "Total Unusual Items": 8673000.0,
        "Total Unusual Items Excluding Goodwill": 8673000.0,
        "Net Income From Continuing Operation Net Minority Interest": -12020000.0,
        "Reconciled Depreciation": 21693000.0,
        "EBITDA": -677000.0,
        "EBIT": -22370000.0,
        "Net Interest Income": -5436000.0,
        "Interest Expense": 5436000.0,
        "Normalized Income": -18871670.0,
        "Net Income From Continuing And Discontinued Operation": -12020000.0,
        "Total Expenses": 410491000.0,
        "Total Operating Income As Reported": -31334000.0,
        "Diluted Average Shares": 141083000.0,
        "Basic Average Shares": 136601000.0,
        "Diluted EPS": -0.15,
        "Basic EPS": -0.09,
        "Diluted NI Availto Com Stockholders": -20799000.0,
        "Average Dilution Earnings": -8779000.0,
        "Net Income Common Stockholders": -12020000.0,
        "Net Income": -12020000.0,
        "Minority Interests": 16754000.0,
        "Net Income Including Noncontrolling Interests": -28774000.0,
        "Net Income Continuous Operations": -28774000.0,
        "Tax Provision": 968000.0,
        "Pretax Income": -27806000.0,
        "Other Income Expense": 8964000.0,
        "Other Non Operating Income Expenses": 291000.0,
        "Special Income Charges": NaN,
        "Impairment Of Capital Assets": NaN,
        "Gain On Sale Of Security": 8673000.0,
        "Net Non Operating Interest Income Expense": -5436000.0,
        "Interest Expense Non Operating": 5436000.0,
        "Operating Income": -31334000.0,
        "Operating Expense": 410491000.0,
        "Other Operating Expenses": 361774000.0,
        "Depreciation Amortization Depletion Income Statement": 21693000.0,
        "Depreciation And Amortization In Income Statement": 21693000.0,
        "Selling General And Administration": 27024000.0,
        "Selling And Marketing Expense": 414000.0,
        "General And Administrative Expense": 26610000.0,
        "Other Gand A": 26610000.0,
        "Total Revenue": 379157000.0,
        "Operating Revenue": 379157000.0
    },
    "2024-09-30": {
        "Tax Effect Of Unusual Items": 194278.192664,
        "Tax Rate For Calcs": 0.033864,
        "Normalized EBITDA": -84872000.0,
        "Total Unusual Items": 5737000.0,
        "Total Unusual Items Excluding Goodwill": 5737000.0,
        "Net Income From Continuing Operation Net Minority Interest": -46512000.0,
        "Reconciled Depreciation": 21673000.0,
        "EBITDA": -79135000.0,
        "EBIT": -100808000.0,
        "Net Interest Income": -5647000.0,
        "Interest Expense": 5647000.0,
        "Normalized Income": -52054721.807336,
        "Net Income From Continuing And Discontinued Operation": -46512000.0,
        "Total Expenses": 469114000.0,
        "Total Operating Income As Reported": -106990000.0,
        "Diluted Average Shares": 164701000.0,
        "Basic Average Shares": 161890000.0,
        "Diluted EPS": -0.31,
        "Basic EPS": -0.29,
        "Diluted NI Availto Com Stockholders": -51708000.0,
        "Average Dilution Earnings": -5196000.0,
        "Net Income Common Stockholders": -46512000.0,
        "Net Income": -46512000.0,
        "Minority Interests": 56338000.0,
        "Net Income Including Noncontrolling Interests": -102850000.0,
        "Net Income Continuous Operations": -102850000.0,
        "Tax Provision": -3605000.0,
        "Pretax Income": -106455000.0,
        "Other Income Expense": 6182000.0,
        "Other Non Operating Income Expenses": 445000.0,
        "Special Income Charges": NaN,
        "Impairment Of Capital Assets": NaN,
        "Gain On Sale Of Security": 5737000.0,
        "Net Non Operating Interest Income Expense": -5647000.0,
        "Interest Expense Non Operating": 5647000.0,
        "Operating Income": -106990000.0,
        "Operating Expense": 469114000.0,
        "Other Operating Expenses": 420088000.0,
        "Depreciation Amortization Depletion Income Statement": 21673000.0,
        "Depreciation And Amortization In Income Statement": 21673000.0,
        "Selling General And Administration": 27353000.0,
        "Selling And Marketing Expense": 134000.0,
        "General And Administrative Expense": 27219000.0,
        "Other Gand A": 27219000.0,
        "Total Revenue": 362124000.0,
        "Operating Revenue": 362124000.0
    }
}