{
    "2023-03-31": {
        "Tax Effect Of Unusual Items": NaN,
        "Tax Rate For Calcs": NaN,
        "Normalized EBITDA": NaN,
        "Net Income From Continuing Operation Net Minority Interest": NaN,
        "Reconciled Depreciation": NaN,
        "Reconciled Cost Of Revenue": NaN,
        "EBITDA": NaN,
        "EBIT": NaN,
        "Net Interest Income": NaN,
        "Interest Expense": 4269000.0,
        "Interest Income": NaN,
        "Normalized Income": NaN,
        "Net Income From Continuing And Discontinued Operation": NaN,
        "Total Expenses": NaN,
        "Total Operating Income As Reported": NaN,
        "Diluted Average Shares": 119816000.0,
        "Basic Average Shares": 118872000.0,
        "Diluted EPS": 0.39,
        "Basic EPS": 0.39,
        "Diluted NI Availto Com Stockholders": NaN,
        "Net Income Common Stockholders": NaN,
        "Net Income": NaN,
        "Minority Interests": NaN,
        "Net Income Including Noncontrolling Interests": NaN,
        "Net Income Discontinuous Operations": NaN,
        "Net Income Continuous Operations": NaN,
        "Tax Provision": NaN,
        "Pretax Income": NaN,
        "Other Income Expense": NaN,
        "Other Non Operating Income Expenses": NaN,
        "Earnings From Equity Interest": NaN,
        "Net Non Operating Interest Income Expense": NaN,
        "Total Other Finance Cost": 4269000.0,
        "Interest Expense Non Operating": 4269000.0,
        "Interest Income Non Operating": NaN,
        "Operating Income": NaN,
        "Operating Expense": NaN,
        "Depreciation Amortization Depletion Income Statement": NaN,
        "Depreciation And Amortization In Income Statement": NaN,
        "Amortization": NaN,
        "Amortization Of Intangibles Income Statement": NaN,
        "Research And Development": NaN,
        "Selling General And Administration": NaN,
        "Gross Profit": NaN,
        "Cost Of Revenue": NaN,
        "Total Revenue": NaN,
        "Operating Revenue": NaN
    },
    "2022-12-31": {
        "Tax Effect Of Unusual Items": NaN,
        "Tax Rate For Calcs": NaN,
        "Normalized EBITDA": NaN,
        "Net Income From Continuing Operation Net Minority Interest": NaN,
        "Reconciled Depreciation": NaN,
        "Reconciled Cost Of Revenue": NaN,
        "EBITDA": NaN,
        "EBIT": NaN,
        "Net Interest Income": NaN,
        "Interest Expense": 4631000.0,
        "Interest Income": NaN,
        "Normalized Income": NaN,
        "Net Income From Continuing And Discontinued Operation": NaN,
        "Total Expenses": NaN,
        "Total Operating Income As Reported": NaN,
        "Diluted Average Shares": 119652000.0,
        "Basic Average Shares": 118787000.0,
        "Diluted EPS": 0.54,
        "Basic EPS": 0.54,
        "Diluted NI Availto Com Stockholders": NaN,
        "Net Income Common Stockholders": NaN,
        "Net Income": NaN,
        "Minority Interests": NaN,
        "Net Income Including Noncontrolling Interests": NaN,
        "Net Income Continuous Operations": NaN,
        "Tax Provision": NaN,
        "Pretax Income": NaN,
        "Other Income Expense": NaN,
        "Other Non Operating Income Expenses": NaN,
        "Earnings From Equity Interest": NaN,
        "Net Non Operating Interest Income Expense": NaN,
        "Total Other Finance Cost": 4631000.0,
        "Interest Expense Non Operating": 4631000.0,
        "Interest Income Non Operating": NaN,
        "Operating Income": NaN,
        "Operating Expense": NaN,
        "Depreciation Amortization Depletion Income Statement": NaN,
        "Depreciation And Amortization In Income Statement": NaN,
        "Amortization": NaN,
        "Amortization Of Intangibles Income Statement": NaN,
        "Research And Development": NaN,
        "Selling General And Administration": NaN,
        "Gross Profit": NaN,
        "Cost Of Revenue": NaN,
        "Total Revenue": NaN,
        "Operating Revenue": NaN
    },
    "2022-09-30": {
        "Tax Effect Of Unusual Items": NaN,
        "Tax Rate For Calcs": NaN,
        "Normalized EBITDA": NaN,
        "Net Income From Continuing Operation Net Minority Interest": NaN,
        "Reconciled Depreciation": NaN,
        "Reconciled Cost Of Revenue": NaN,
        "EBITDA": NaN,
        "EBIT": NaN,
        "Net Interest Income": NaN,
        "Interest Expense": 2859000.0,
        "Interest Income": NaN,
        "Normalized Income": NaN,
        "Net Income From Continuing And Discontinued Operation": NaN,
        "Total Expenses": NaN,
        "Total Operating Income As Reported": NaN,
        "Diluted Average Shares": NaN,
        "Basic Average Shares": NaN,
        "Diluted EPS": NaN,
        "Basic EPS": NaN,
        "Diluted NI Availto Com Stockholders": NaN,
        "Average Dilution Earnings": 0.0,
        "Net Income Common Stockholders": NaN,
        "Net Income": NaN,
        "Minority Interests": NaN,
        "Net Income Including Noncontrolling Interests": NaN,
        "Net Income Continuous Operations": NaN,
        "Tax Provision": NaN,
        "Pretax Income": NaN,
        "Other Income Expense": NaN,
        "Other Non Operating Income Expenses": NaN,
        "Earnings From Equity Interest": NaN,
        "Net Non Operating Interest Income Expense": NaN,
        "Total Other Finance Cost": NaN,
        "Interest Expense Non Operating": 2859000.0,
        "Interest Income Non Operating": NaN,
        "Operating Income": NaN,
        "Operating Expense": NaN,
        "Depreciation Amortization Depletion Income Statement": NaN,
        "Depreciation And Amortization In Income Statement": NaN,
        "Amortization": NaN,
        "Amortization Of Intangibles Income Statement": NaN,
        "Research And Development": NaN,
        "Selling General And Administration": NaN,
        "Gross Profit": NaN,
        "Cost Of Revenue": NaN,
        "Total Revenue": NaN,
        "Operating Revenue": NaN
    },
    "2022-06-30": {
        "Tax Effect Of Unusual Items": 0.0,
        "Tax Rate For Calcs": 0.37578,
        "Normalized EBITDA": 85219000.0,
        "Total Unusual Items": 0.0,
        "Total Unusual Items Excluding Goodwill": 0.0,
        "Net Income From Continuing Operation Net Minority Interest": 29903000.0,
        "Reconciled Depreciation": 33343000.0,
        "Reconciled Cost Of Revenue": 94323000.0,
        "EBITDA": 85219000.0,
        "EBIT": 51876000.0,
        "Net Interest Income": -2677000.0,
        "Interest Expense": 2677000.0,
        "Normalized Income": 29903000.0,
        "Net Income From Continuing And Discontinued Operation": 29903000.0,
        "Total Expenses": 287700000.0,
        "Total Operating Income As Reported": 53006000.0,
        "Diluted Average Shares": 119760000.0,
        "Basic Average Shares": 118001000.0,
        "Diluted EPS": 0.25,
        "Basic EPS": 0.25,
        "Diluted NI Availto Com Stockholders": 29903000.0,
        "Average Dilution Earnings": -1643000.0,
        "Net Income Common Stockholders": 29903000.0,
        "Otherunder Preferred Stock Dividend": 0.0,
        "Net Income": 29903000.0,
        "Minority Interests": -808000.0,
        "Net Income Including Noncontrolling Interests": 30711000.0,
        "Net Income Continuous Operations": 30711000.0,
        "Tax Provision": 18488000.0,
        "Pretax Income": 49199000.0,
        "Other Income Expense": -1130000.0,
        "Other Non Operating Income Expenses": -7470000.0,
        "Earnings From Equity Interest": 6340000.0,
        "Gain On Sale Of Security": 0.0,
        "Net Non Operating Interest Income Expense": -2677000.0,
        "Interest Expense Non Operating": 2677000.0,
        "Operating Income": 53006000.0,
        "Operating Expense": 171080000.0,
        "Depreciation Amortization Depletion Income Statement": 11046000.0,
        "Depreciation And Amortization In Income Statement": 11046000.0,
        "Amortization": 11046000.0,
        "Amortization Of Intangibles Income Statement": 11046000.0,
        "Research And Development": 1485000.0,
        "Selling General And Administration": 158549000.0,
        "Gross Profit": 224086000.0,
        "Cost Of Revenue": 116620000.0,
        "Total Revenue": 340706000.0,
        "Operating Revenue": 340706000.0
    },
    "2022-03-31": {
        "Diluted EPS": 0.32,
        "Total Revenue": 348,
        "Gross Profit": 212,
        "Operating Income": 57,
        "EBIT": 89,
        "Net Income": 38
    },
    "2021-12-31": {
        "Diluted EPS": 0.62,
        "Total Revenue": 379,
        "Gross Profit": 237,
        "Operating Income": 78,
        "EBIT": 110,
        "Net Income": 76
    },
    "2021-09-30": {
        "Diluted EPS": 0.97,
        "Total Revenue": 365,
        "Gross Profit": 212,
        "Operating Income": 72,
        "EBIT": 104,
        "Net Income": 122
    },
    "2021-06-30": {
        "Diluted EPS": 0.28,
        "Total Revenue": 482,
        "Gross Profit": 220,
        "Operating Income": 64,
        "EBIT": 95,
        "Net Income": 50
    },
    "2021-03-31": {
        "Diluted EPS": 0.39,
        "Total Revenue": 470,
        "Gross Profit": 212,
        "Operating Income": 66,
        "EBIT": 96,
        "Net Income": 48
    },
    "2020-12-31": {
        "Diluted EPS": 0.36,
        "Total Revenue": 423,
        "Gross Profit": 211,
        "Operating Income": 70,
        "EBIT": 99,
        "Net Income": 44
    },
    "2020-09-30": {
        "Diluted EPS": 1.19,
        "Total Revenue": 347,
        "Gross Profit": 195,
        "Operating Income": 57,
        "EBIT": 88,
        "Net Income": 119
    },
    "2020-06-30": {
        "Diluted EPS": 7.88,
        "Total Revenue": 343,
        "Gross Profit": 204,
        "Operating Income": 67,
        "EBIT": 105,
        "Net Income": -22
    },
    "2020-03-31": {
        "Diluted EPS": 0.54,
        "Total Revenue": 335,
        "Gross Profit": 232,
        "Operating Income": 102,
        "EBIT": 142,
        "Net Income": 341
    },
    "2019-12-31": {
        "Diluted EPS": -6.87,
        "Total Revenue": 320,
        "Gross Profit": 219,
        "Operating Income": 121,
        "EBIT": 158,
        "Net Income": -444
    },
    "2019-09-30": {
        "Diluted EPS": 0.49,
        "Total Revenue": 302,
        "Gross Profit": 211,
        "Operating Income": 84,
        "EBIT": 122,
        "Net Income": 724
    },
    "2019-06-30": {
        "Diluted EPS": -4.65,
        "Total Revenue": 316,
        "Gross Profit": 218,
        "Operating Income": 85,
        "EBIT": 122,
        "Net Income": -287
    },
    "2019-03-31": {
        "Diluted EPS": 0.48,
        "Total Revenue": 301,
        "Gross Profit": 215,
        "Operating Income": 88,
        "EBIT": 123,
        "Net Income": 266
    },
    "2018-12-31": {
        "Diluted EPS": 0.69,
        "Total Revenue": 308,
        "Gross Profit": 220,
        "Operating Income": 101,
        "EBIT": 135,
        "Net Income": 694
    },
    "2018-09-30": {
        "Diluted EPS": -12.8,
        "Total Revenue": 293,
        "Gross Profit": 209,
        "Operating Income": 95,
        "EBIT": 128,
        "Net Income": -681
    },
    "2018-06-30": {
        "Diluted EPS": 2.93,
        "Total Revenue": -43,
        "Gross Profit": 211,
        "Operating Income": 106,
        "EBIT": 135,
        "Net Income": -323
    },
    "2018-03-31": {
        "Diluted EPS": -1.93,
        "Total Revenue": 425,
        "Gross Profit": 222,
        "Operating Income": 99,
        "EBIT": 131,
        "Net Income": -104
    },
    "2017-12-31": {
        "Diluted EPS": 0.06,
        "Total Revenue": 411,
        "Gross Profit": 211,
        "Operating Income": 265,
        "EBIT": 296,
        "Net Income": 281
    },
    "2017-09-30": {
        "Diluted EPS": 0.3,
        "Total Revenue": 391,
        "Gross Profit": 199,
        "Operating Income": 70,
        "EBIT": 101,
        "Net Income": 336
    },
    "2017-06-30": {
        "Diluted EPS": 1.35,
        "Total Revenue": 15,
        "Gross Profit": 198,
        "Operating Income": 92,
        "EBIT": 118,
        "Net Income": -314
    },
    "2017-03-31": {
        "Diluted EPS": -1.6,
        "Total Revenue": 380,
        "Gross Profit": 203,
        "Operating Income": 79,
        "EBIT": 108,
        "Net Income": -81
    },
    "2016-12-31": {
        "Diluted EPS": 1.5,
        "Total Revenue": 359,
        "Gross Profit": 182,
        "Operating Income": 75,
        "EBIT": 100,
        "Net Income": 400
    },
    "2016-09-30": {
        "Diluted EPS": 0.26,
        "Total Revenue": 313,
        "Gross Profit": 175,
        "Operating Income": 73,
        "EBIT": 96,
        "Net Income": 70
    },
    "2016-06-30": {
        "Diluted EPS": 1.61,
        "Total Revenue": 301,
        "Gross Profit": 178,
        "Operating Income": 53,
        "EBIT": 76,
        "Net Income": 102
    },
    "2016-03-31": {
        "Diluted EPS": 0.43,
        "Total Revenue": 299,
        "Gross Profit": 187,
        "Operating Income": 75,
        "EBIT": 97,
        "Net Income": 300
    },
    "2015-12-31": {
        "Diluted EPS": -1.31,
        "Total Revenue": 292,
        "Gross Profit": 179,
        "Operating Income": 70,
        "EBIT": 92,
        "Net Income": -54
    },
    "2015-09-30": {
        "Diluted EPS": 0.24,
        "Total Revenue": 271,
        "Gross Profit": 162,
        "Operating Income": 68,
        "EBIT": 86,
        "Net Income": 471
    },
    "2015-06-30": {
        "Diluted EPS": -1.74,
        "Total Revenue": 267,
        "Gross Profit": 157,
        "Operating Income": 65,
        "EBIT": 80,
        "Net Income": -84
    },
    "2015-03-31": {
        "Diluted EPS": -10.05,
        "Total Revenue": 262,
        "Gross Profit": 159,
        "Operating Income": 69,
        "EBIT": 83,
        "Net Income": -375
    },
    "2014-12-31": {
        "Diluted EPS": -0.93,
        "Total Revenue": 249,
        "Gross Profit": 155,
        "Operating Income": 66,
        "EBIT": 80,
        "Net Income": -33
    },
    "2014-09-30": {
        "Diluted EPS": -11.53,
        "Total Revenue": 229,
        "Gross Profit": 139,
        "Operating Income": 66,
        "EBIT": 77,
        "Net Income": -373
    },
    "2014-06-30": {
        "Diluted EPS": -6.71,
        "Total Revenue": 235,
        "Gross Profit": 149,
        "Operating Income": 62,
        "EBIT": 73,
        "Net Income": 491
    },
    "2014-03-31": {
        "Diluted EPS": 15.64,
        "Total Revenue": 226,
        "Gross Profit": 144,
        "Operating Income": 70,
        "EBIT": 80,
        "Net Income": 509
    },
    "2013-12-31": {
        "Diluted EPS": -114.7,
        "Total Revenue": 209,
        "Gross Profit": 136,
        "Operating Income": 61,
        "EBIT": 71,
        "Net Income": NaN
    },
    "2013-09-30": {
        "Diluted EPS": -0.08,
        "Total Revenue": 241,
        "Gross Profit": 173,
        "Operating Income": 109,
        "EBIT": 118,
        "Net Income": 0
    },
    "2013-06-30": {
        "Diluted EPS": -0.14,
        "Total Revenue": 241,
        "Gross Profit": 177,
        "Operating Income": 104,
        "EBIT": 114,
        "Net Income": -1
    },
    "2013-03-31": {
        "Diluted EPS": 0.73,
        "Total Revenue": 224,
        "Gross Profit": 162,
        "Operating Income": 100,
        "EBIT": 107,
        "Net Income": 4
    },
    "2012-12-31": {
        "Diluted EPS": 0.33,
        "Total Revenue": 206,
        "Gross Profit": 148,
        "Operating Income": 84,
        "EBIT": 91,
        "Net Income": 2
    },
    "2012-09-30": {
        "Diluted EPS": 0.37,
        "Total Revenue": 199,
        "Gross Profit": 144,
        "Operating Income": 85,
        "EBIT": 91,
        "Net Income": 2
    },
    "2012-06-30": {
        "Diluted EPS": 0.0,
        "Total Revenue": NaN,
        "Gross Profit": NaN,
        "Operating Income": NaN,
        "EBIT": NaN,
        "Net Income": NaN
    },
    "2011-06-30": {
        "Diluted EPS": 0.0,
        "Total Revenue": NaN,
        "Gross Profit": NaN,
        "Operating Income": NaN,
        "EBIT": NaN,
        "Net Income": NaN
    },
    "2023-06-30": {
        "Tax Effect Of Unusual Items": NaN,
        "Tax Rate For Calcs": NaN,
        "Normalized EBITDA": NaN,
        "Net Income From Continuing Operation Net Minority Interest": NaN,
        "Reconciled Depreciation": NaN,
        "Reconciled Cost Of Revenue": NaN,
        "EBITDA": NaN,
        "EBIT": NaN,
        "Net Interest Income": NaN,
        "Interest Expense": 2711000.0,
        "Interest Income": NaN,
        "Normalized Income": NaN,
        "Net Income From Continuing And Discontinued Operation": NaN,
        "Total Expenses": NaN,
        "Total Operating Income As Reported": NaN,
        "Diluted Average Shares": NaN,
        "Basic Average Shares": NaN,
        "Diluted EPS": NaN,
        "Basic EPS": NaN,
        "Diluted NI Availto Com Stockholders": NaN,
        "Net Income Common Stockholders": NaN,
        "Net Income": NaN,
        "Minority Interests": NaN,
        "Net Income Including Noncontrolling Interests": NaN,
        "Net Income Discontinuous Operations": NaN,
        "Net Income Continuous Operations": NaN,
        "Tax Provision": NaN,
        "Pretax Income": NaN,
        "Other Income Expense": NaN,
        "Other Non Operating Income Expenses": NaN,
        "Earnings From Equity Interest": NaN,
        "Net Non Operating Interest Income Expense": NaN,
        "Total Other Finance Cost": NaN,
        "Interest Expense Non Operating": 2711000.0,
        "Interest Income Non Operating": NaN,
        "Operating Income": NaN,
        "Operating Expense": NaN,
        "Depreciation Amortization Depletion Income Statement": NaN,
        "Depreciation And Amortization In Income Statement": NaN,
        "Amortization": NaN,
        "Amortization Of Intangibles Income Statement": NaN,
        "Research And Development": NaN,
        "Selling General And Administration": NaN,
        "Gross Profit": NaN,
        "Cost Of Revenue": NaN,
        "Total Revenue": NaN,
        "Operating Revenue": NaN
    },
    "2023-09-30": {
        "Tax Effect Of Unusual Items": 0.0,
        "Tax Rate For Calcs": 0.25,
        "Normalized EBITDA": 91221000.0,
        "Net Income From Continuing Operation Net Minority Interest": 44120000.0,
        "Reconciled Depreciation": 32881000.0,
        "Reconciled Cost Of Revenue": 43804000.0,
        "EBITDA": 91221000.0,
        "EBIT": 58340000.0,
        "Net Interest Income": -22000.0,
        "Interest Expense": NaN,
        "Interest Income": 195000.0,
        "Normalized Income": 44120000.0,
        "Net Income From Continuing And Discontinued Operation": 44761000.0,
        "Total Expenses": 210686000.0,
        "Total Operating Income As Reported": 58340000.0,
        "Diluted Average Shares": 120133000.0,
        "Basic Average Shares": 119344000.0,
        "Diluted EPS": 0.37,
        "Basic EPS": 0.38,
        "Diluted NI Availto Com Stockholders": 44761000.0,
        "Net Income Common Stockholders": 44761000.0,
        "Net Income": 44761000.0,
        "Minority Interests": 2351000.0,
        "Net Income Including Noncontrolling Interests": 42410000.0,
        "Net Income Discontinuous Operations": 641000.0,
        "Net Income Continuous Operations": 41769000.0,
        "Tax Provision": 13731000.0,
        "Pretax Income": 55500000.0,
        "Other Income Expense": -2818000.0,
        "Other Non Operating Income Expenses": -1092000.0,
        "Earnings From Equity Interest": -1726000.0,
        "Net Non Operating Interest Income Expense": -22000.0,
        "Total Other Finance Cost": 22000.0,
        "Interest Expense Non Operating": NaN,
        "Interest Income Non Operating": 195000.0,
        "Operating Income": 58340000.0,
        "Operating Expense": 146554000.0,
        "Depreciation Amortization Depletion Income Statement": 12553000.0,
        "Depreciation And Amortization In Income Statement": 12553000.0,
        "Amortization": 12553000.0,
        "Amortization Of Intangibles Income Statement": 12553000.0,
        "Research And Development": 863000.0,
        "Selling General And Administration": 133138000.0,
        "Gross Profit": 204894000.0,
        "Cost Of Revenue": 64132000.0,
        "Total Revenue": 269026000.0,
        "Operating Revenue": 269026000.0
    },
    "2023-12-31": {
        "Tax Effect Of Unusual Items": 0.0,
        "Tax Rate For Calcs": 0.27,
        "Normalized EBITDA": 98607000.0,
        "Net Income From Continuing Operation Net Minority Interest": 54302000.0,
        "Reconciled Depreciation": 32914000.0,
        "Reconciled Cost Of Revenue": 93060000.0,
        "EBITDA": 98607000.0,
        "EBIT": 65693000.0,
        "Net Interest Income": 2438000.0,
        "Interest Expense": NaN,
        "Interest Income": NaN,
        "Normalized Income": 54302000.0,
        "Net Income From Continuing And Discontinued Operation": 54302000.0,
        "Total Expenses": 269052000.0,
        "Total Operating Income As Reported": 65693000.0,
        "Diluted Average Shares": 120057000.0,
        "Basic Average Shares": 119702000.0,
        "Diluted EPS": 0.45,
        "Basic EPS": 0.45,
        "Diluted NI Availto Com Stockholders": 54302000.0,
        "Net Income Common Stockholders": 54302000.0,
        "Net Income": 54302000.0,
        "Minority Interests": 1436000.0,
        "Net Income Including Noncontrolling Interests": 52866000.0,
        "Net Income Discontinuous Operations": NaN,
        "Net Income Continuous Operations": 52866000.0,
        "Tax Provision": 19278000.0,
        "Pretax Income": 72144000.0,
        "Other Income Expense": 4013000.0,
        "Other Non Operating Income Expenses": 4679000.0,
        "Earnings From Equity Interest": -666000.0,
        "Net Non Operating Interest Income Expense": 2438000.0,
        "Total Other Finance Cost": -2438000.0,
        "Interest Expense Non Operating": NaN,
        "Interest Income Non Operating": NaN,
        "Operating Income": 65693000.0,
        "Operating Expense": 155590000.0,
        "Depreciation Amortization Depletion Income Statement": 12512000.0,
        "Depreciation And Amortization In Income Statement": 12512000.0,
        "Amortization": 12512000.0,
        "Amortization Of Intangibles Income Statement": 12512000.0,
        "Research And Development": 928000.0,
        "Selling General And Administration": 142150000.0,
        "Gross Profit": 221283000.0,
        "Cost Of Revenue": 113462000.0,
        "Total Revenue": 334745000.0,
        "Operating Revenue": 334745000.0
    },
    "2024-03-31": {
        "Tax Effect Of Unusual Items": 0.0,
        "Tax Rate For Calcs": 0.24,
        "Normalized EBITDA": -45952000.0,
        "Net Income From Continuing Operation Net Minority Interest": -40195000.0,
        "Reconciled Depreciation": 32777000.0,
        "Reconciled Cost Of Revenue": 101766000.0,
        "EBITDA": -45952000.0,
        "EBIT": -78729000.0,
        "Net Interest Income": -1763000.0,
        "Interest Expense": NaN,
        "Interest Income": NaN,
        "Normalized Income": -40195000.0,
        "Net Income From Continuing And Discontinued Operation": -40195000.0,
        "Total Expenses": 421325000.0,
        "Total Operating Income As Reported": -78729000.0,
        "Diluted Average Shares": 111156000.0,
        "Basic Average Shares": 111156000.0,
        "Diluted EPS": -0.36,
        "Basic EPS": -0.36,
        "Diluted NI Availto Com Stockholders": -40195000.0,
        "Net Income Common Stockholders": -40195000.0,
        "Net Income": -40195000.0,
        "Minority Interests": 8967000.0,
        "Net Income Including Noncontrolling Interests": -49162000.0,
        "Net Income Discontinuous Operations": NaN,
        "Net Income Continuous Operations": -49162000.0,
        "Tax Provision": -15664000.0,
        "Pretax Income": -64826000.0,
        "Other Income Expense": 15666000.0,
        "Other Non Operating Income Expenses": 14913000.0,
        "Earnings From Equity Interest": 753000.0,
        "Net Non Operating Interest Income Expense": -1763000.0,
        "Total Other Finance Cost": 1763000.0,
        "Interest Expense Non Operating": NaN,
        "Interest Income Non Operating": NaN,
        "Operating Income": -78729000.0,
        "Operating Expense": 299062000.0,
        "Depreciation Amortization Depletion Income Statement": 12280000.0,
        "Depreciation And Amortization In Income Statement": 12280000.0,
        "Amortization": 12280000.0,
        "Amortization Of Intangibles Income Statement": 12280000.0,
        "Research And Development": 661000.0,
        "Selling General And Administration": 286121000.0,
        "Gross Profit": 220333000.0,
        "Cost Of Revenue": 122263000.0,
        "Total Revenue": 342596000.0,
        "Operating Revenue": 342596000.0
    },
    "2024-06-30": {
        "Tax Effect Of Unusual Items": 0.0,
        "Tax Rate For Calcs": 0.296305,
        "Normalized EBITDA": 112467000.0,
        "Net Income From Continuing Operation Net Minority Interest": 60676000.0,
        "Reconciled Depreciation": 30430000.0,
        "Reconciled Cost Of Revenue": 93818000.0,
        "EBITDA": 112467000.0,
        "EBIT": 82037000.0,
        "Net Interest Income": 411000.0,
        "Interest Expense": NaN,
        "Interest Income": NaN,
        "Normalized Income": 60676000.0,
        "Net Income From Continuing And Discontinued Operation": 60676000.0,
        "Total Expenses": 268231000.0,
        "Total Operating Income As Reported": 82037000.0,
        "Diluted Average Shares": NaN,
        "Basic Average Shares": NaN,
        "Diluted EPS": NaN,
        "Basic EPS": NaN,
        "Diluted NI Availto Com Stockholders": 60676000.0,
        "Net Income Common Stockholders": 60676000.0,
        "Net Income": 60676000.0,
        "Minority Interests": 71000.0,
        "Net Income Including Noncontrolling Interests": 60605000.0,
        "Net Income Discontinuous Operations": NaN,
        "Net Income Continuous Operations": 60605000.0,
        "Tax Provision": 25519000.0,
        "Pretax Income": 86124000.0,
        "Other Income Expense": 3676000.0,
        "Other Non Operating Income Expenses": 2332000.0,
        "Earnings From Equity Interest": 1344000.0,
        "Net Non Operating Interest Income Expense": 411000.0,
        "Total Other Finance Cost": NaN,
        "Interest Expense Non Operating": NaN,
        "Interest Income Non Operating": NaN,
        "Operating Income": 82037000.0,
        "Operating Expense": 153777000.0,
        "Depreciation Amortization Depletion Income Statement": 9794000.0,
        "Depreciation And Amortization In Income Statement": 9794000.0,
        "Amortization": 9794000.0,
        "Amortization Of Intangibles Income Statement": 9794000.0,
        "Research And Development": 663000.0,
        "Selling General And Administration": 143320000.0,
        "Gross Profit": 235814000.0,
        "Cost Of Revenue": 114454000.0,
        "Total Revenue": 350268000.0,
        "Operating Revenue": 350268000.0
    },
    "2024-09-30": {
        "Tax Effect Of Unusual Items": 0.0,
        "Tax Rate For Calcs": 0.24,
        "Normalized EBITDA": 64603000.0,
        "Net Income From Continuing Operation Net Minority Interest": 72388000.0,
        "Reconciled Depreciation": 29288000.0,
        "Reconciled Cost Of Revenue": 48073000.0,
        "EBITDA": 64603000.0,
        "EBIT": 35315000.0,
        "Net Interest Income": -1756000.0,
        "Interest Expense": NaN,
        "Interest Income": NaN,
        "Normalized Income": 72388000.0,
        "Net Income From Continuing And Discontinued Operation": 70784000.0,
        "Total Expenses": 212827000.0,
        "Total Operating Income As Reported": 35315000.0,
        "Diluted Average Shares": 100991000.0,
        "Basic Average Shares": 100380000.0,
        "Diluted EPS": 0.7,
        "Basic EPS": 0.71,
        "Diluted NI Availto Com Stockholders": 70784000.0,
        "Net Income Common Stockholders": 70784000.0,
        "Net Income": 70784000.0,
        "Minority Interests": -552000.0,
        "Net Income Including Noncontrolling Interests": 71336000.0,
        "Net Income Discontinuous Operations": -1604000.0,
        "Net Income Continuous Operations": 72940000.0,
        "Tax Provision": 22711000.0,
        "Pretax Income": 95651000.0,
        "Other Income Expense": 62092000.0,
        "Other Non Operating Income Expenses": 60259000.0,
        "Earnings From Equity Interest": 1833000.0,
        "Net Non Operating Interest Income Expense": -1756000.0,
        "Total Other Finance Cost": 1756000.0,
        "Interest Expense Non Operating": NaN,
        "Interest Income Non Operating": NaN,
        "Operating Income": 35315000.0,
        "Operating Expense": 145103000.0,
        "Depreciation Amortization Depletion Income Statement": 9637000.0,
        "Depreciation And Amortization In Income Statement": 9637000.0,
        "Amortization": 9637000.0,
        "Amortization Of Intangibles Income Statement": 9637000.0,
        "Research And Development": 586000.0,
        "Selling General And Administration": 134880000.0,
        "Gross Profit": 180418000.0,
        "Cost Of Revenue": 67724000.0,
        "Total Revenue": 248142000.0,
        "Operating Revenue": 248142000.0
    }
}