{
    "2023-03-31": {
        "Tax Effect Of Unusual Items": 0.0,
        "Tax Rate For Calcs": 0.045243,
        "Normalized EBITDA": -237474000.0,
        "Net Income From Continuing Operation Net Minority Interest": -208579000.0,
        "Reconciled Depreciation": 6212000.0,
        "Reconciled Cost Of Revenue": 170926000.0,
        "EBIT": -243686000.0,
        "Net Interest Income": 24901000.0,
        "Interest Expense": NaN,
        "Interest Income": 24901000.0,
        "Normalized Income": -208579000.0,
        "Net Income From Continuing And Discontinued Operation": -208579000.0,
        "Total Expenses": 846267000.0,
        "Total Operating Income As Reported": -243686000.0,
        "Diluted Average Shares": 681140000.0,
        "Basic Average Shares": 681140000.0,
        "Diluted EPS": -0.31,
        "Basic EPS": -0.31,
        "Diluted NI Availto Com Stockholders": -208579000.0,
        "Net Income Common Stockholders": -208579000.0,
        "Net Income": -208579000.0,
        "Net Income Including Noncontrolling Interests": -208579000.0,
        "Net Income Continuous Operations": -208579000.0,
        "Tax Provision": -9884000.0,
        "Pretax Income": -218463000.0,
        "Other Income Expense": 322000.0,
        "Other Non Operating Income Expenses": 322000.0,
        "Net Non Operating Interest Income Expense": 24901000.0,
        "Interest Expense Non Operating": NaN,
        "Interest Income Non Operating": 24901000.0,
        "Operating Income": -243686000.0,
        "Operating Expense": 675341000.0,
        "Research And Development": 266346000.0,
        "Selling General And Administration": 408995000.0,
        "Selling And Marketing Expense": 201131000.0,
        "General And Administrative Expense": 207864000.0,
        "Other Gand A": 207864000.0,
        "Gross Profit": 431655000.0,
        "Cost Of Revenue": 170926000.0,
        "Total Revenue": 602581000.0,
        "Operating Revenue": 602581000.0
    },
    "2022-12-31": {
        "Tax Effect Of Unusual Items": 0.0,
        "Tax Rate For Calcs": 0.392125,
        "Normalized EBITDA": 5868000.0,
        "Net Income From Continuing Operation Net Minority Interest": 17491000.0,
        "Reconciled Depreciation": 19605000.0,
        "Reconciled Cost Of Revenue": 185028000.0,
        "EBIT": 5868000.0,
        "Net Interest Income": 22906000.0,
        "Interest Expense": -5734000.0,
        "Interest Income": 22906000.0,
        "Normalized Income": 17491000.0,
        "Net Income From Continuing And Discontinued Operation": 17491000.0,
        "Total Expenses": 871341000.0,
        "Total Operating Income As Reported": 5868000.0,
        "Diluted Average Shares": 674480000.0,
        "Basic Average Shares": 674480000.0,
        "Diluted EPS": 0.03,
        "Basic EPS": 0.03,
        "Diluted NI Availto Com Stockholders": 17491000.0,
        "Net Income Common Stockholders": 17491000.0,
        "Net Income": 17491000.0,
        "Net Income Including Noncontrolling Interests": 17491000.0,
        "Net Income Continuous Operations": 17491000.0,
        "Tax Provision": 11283000.0,
        "Pretax Income": 28774000.0,
        "Other Income Expense": NaN,
        "Other Non Operating Income Expenses": NaN,
        "Net Non Operating Interest Income Expense": 22906000.0,
        "Interest Expense Non Operating": -5734000.0,
        "Interest Income Non Operating": 22906000.0,
        "Operating Income": 5868000.0,
        "Operating Expense": 686313000.0,
        "Research And Development": 265240000.0,
        "Selling General And Administration": 421073000.0,
        "Selling And Marketing Expense": 317270000.0,
        "General And Administrative Expense": 103803000.0,
        "Other Gand A": 103803000.0,
        "Gross Profit": 692181000.0,
        "Cost Of Revenue": 185028000.0,
        "Total Revenue": 877209000.0,
        "Operating Revenue": 877209000.0
    },
    "2022-09-30": {
        "Tax Effect Of Unusual Items": 0.0,
        "Tax Rate For Calcs": 0.071138,
        "Normalized EBITDA": -49528000.0,
        "Net Income From Continuing Operation Net Minority Interest": -65181000.0,
        "Reconciled Depreciation": 10529000.0,
        "Reconciled Cost Of Revenue": 182603000.0,
        "EBIT": -60057000.0,
        "Net Interest Income": -798000.0,
        "Interest Expense": 10116000.0,
        "Interest Income": 9318000.0,
        "Normalized Income": -65181000.0,
        "Net Income From Continuing And Discontinued Operation": -65181000.0,
        "Total Expenses": 753925000.0,
        "Total Operating Income As Reported": -69375000.0,
        "Diluted Average Shares": 669171000.0,
        "Basic Average Shares": 669171000.0,
        "Diluted EPS": -0.1,
        "Basic EPS": -0.1,
        "Diluted NI Availto Com Stockholders": -65181000.0,
        "Net Income Common Stockholders": -65181000.0,
        "Net Income": -65181000.0,
        "Net Income Including Noncontrolling Interests": -65181000.0,
        "Net Income Continuous Operations": -65181000.0,
        "Tax Provision": -4992000.0,
        "Pretax Income": -70173000.0,
        "Other Income Expense": NaN,
        "Other Non Operating Income Expenses": NaN,
        "Net Non Operating Interest Income Expense": -798000.0,
        "Interest Expense Non Operating": 10116000.0,
        "Interest Income Non Operating": 9318000.0,
        "Operating Income": -69375000.0,
        "Operating Expense": 571322000.0,
        "Research And Development": 254684000.0,
        "Selling General And Administration": 316638000.0,
        "Selling And Marketing Expense": 229873000.0,
        "General And Administrative Expense": 86765000.0,
        "Other Gand A": 86765000.0,
        "Gross Profit": 501947000.0,
        "Cost Of Revenue": 182603000.0,
        "Total Revenue": 684550000.0,
        "Operating Revenue": 684550000.0
    },
    "2022-06-30": {
        "Tax Effect Of Unusual Items": 0.0,
        "Tax Rate For Calcs": 0.4,
        "Normalized EBITDA": -22005000.0,
        "Net Income From Continuing Operation Net Minority Interest": -43076000.0,
        "Reconciled Depreciation": 9135000.0,
        "Reconciled Cost Of Revenue": 164896000.0,
        "EBIT": -31140000.0,
        "Net Interest Income": -5887000.0,
        "Interest Expense": 9252000.0,
        "Interest Income": 3365000.0,
        "Normalized Income": -43076000.0,
        "Net Income From Continuing And Discontinued Operation": -43076000.0,
        "Total Expenses": 700435000.0,
        "Total Operating Income As Reported": -34505000.0,
        "Diluted Average Shares": 662242000.0,
        "Basic Average Shares": 662242000.0,
        "Diluted EPS": -0.07,
        "Basic EPS": -0.07,
        "Diluted NI Availto Com Stockholders": -43076000.0,
        "Net Income Common Stockholders": -43076000.0,
        "Net Income": -43076000.0,
        "Net Income Including Noncontrolling Interests": -43076000.0,
        "Net Income Continuous Operations": -43076000.0,
        "Tax Provision": 2684000.0,
        "Pretax Income": -40392000.0,
        "Other Income Expense": NaN,
        "Other Non Operating Income Expenses": NaN,
        "Net Non Operating Interest Income Expense": -5887000.0,
        "Interest Expense Non Operating": 9252000.0,
        "Interest Income Non Operating": 3365000.0,
        "Operating Income": -34505000.0,
        "Operating Expense": 535539000.0,
        "Research And Development": 233508000.0,
        "Selling General And Administration": 302031000.0,
        "Selling And Marketing Expense": 212037000.0,
        "General And Administrative Expense": 89994000.0,
        "Other Gand A": 89994000.0,
        "Gross Profit": 501034000.0,
        "Cost Of Revenue": 164896000.0,
        "Total Revenue": 665930000.0,
        "Operating Revenue": 665930000.0
    },
    "2023-06-30": {
        "Tax Effect Of Unusual Items": 0.0,
        "Tax Rate For Calcs": 0.24327,
        "Normalized EBITDA": -73243000.0,
        "Net Income From Continuing Operation Net Minority Interest": -34942000.0,
        "Reconciled Depreciation": NaN,
        "Reconciled Cost Of Revenue": 168740000.0,
        "EBIT": -73243000.0,
        "Net Interest Income": 24888000.0,
        "Interest Expense": NaN,
        "Interest Income": 24888000.0,
        "Normalized Income": -34942000.0,
        "Net Income From Continuing And Discontinued Operation": -34942000.0,
        "Total Expenses": 781268000.0,
        "Total Operating Income As Reported": -73243000.0,
        "Diluted Average Shares": 674280000.0,
        "Basic Average Shares": 674280000.0,
        "Diluted EPS": -0.05,
        "Basic EPS": -0.05,
        "Diluted NI Availto Com Stockholders": -34942000.0,
        "Net Income Common Stockholders": -34942000.0,
        "Net Income": -34942000.0,
        "Net Income Including Noncontrolling Interests": -34942000.0,
        "Net Income Continuous Operations": -34942000.0,
        "Tax Provision": -11233000.0,
        "Pretax Income": -46175000.0,
        "Other Income Expense": 2180000.0,
        "Other Non Operating Income Expenses": 2180000.0,
        "Net Non Operating Interest Income Expense": 24888000.0,
        "Interest Expense Non Operating": NaN,
        "Interest Income Non Operating": 24888000.0,
        "Operating Income": -73243000.0,
        "Operating Expense": 612528000.0,
        "Research And Development": 269391000.0,
        "Selling General And Administration": 343137000.0,
        "Selling And Marketing Expense": 243239000.0,
        "General And Administrative Expense": 99898000.0,
        "Other Gand A": 99898000.0,
        "Gross Profit": 539285000.0,
        "Cost Of Revenue": 168740000.0,
        "Total Revenue": 708025000.0,
        "Operating Revenue": 708025000.0
    },
    "2022-03-31": {
        "Diluted EPS": -0.01,
        "Total Revenue": 575,
        "Gross Profit": 429,
        "Operating Income": -4,
        "EBIT": 4,
        "Net Income": -5
    },
    "2021-12-31": {
        "Diluted EPS": 0.25,
        "Total Revenue": 847,
        "Gross Profit": 705,
        "Operating Income": 179,
        "EBIT": 187,
        "Net Income": 175
    },
    "2021-09-30": {
        "Diluted EPS": 0.14,
        "Total Revenue": 633,
        "Gross Profit": 506,
        "Operating Income": 98,
        "EBIT": 105,
        "Net Income": 94
    },
    "2021-06-30": {
        "Diluted EPS": 0.1,
        "Total Revenue": 613,
        "Gross Profit": 485,
        "Operating Income": 71,
        "EBIT": 78,
        "Net Income": 69
    },
    "2021-03-31": {
        "Diluted EPS": -0.03,
        "Total Revenue": 485,
        "Gross Profit": 352,
        "Operating Income": -23,
        "EBIT": -16,
        "Net Income": -22
    },
    "2020-12-31": {
        "Diluted EPS": 0.36,
        "Total Revenue": 706,
        "Gross Profit": 577,
        "Operating Income": 205,
        "EBIT": 213,
        "Net Income": 208
    },
    "2020-09-30": {
        "Diluted EPS": -0.16,
        "Total Revenue": 443,
        "Gross Profit": 330,
        "Operating Income": -97,
        "EBIT": -88,
        "Net Income": -94
    },
    "2020-06-30": {
        "Diluted EPS": -0.17,
        "Total Revenue": 272,
        "Gross Profit": 164,
        "Operating Income": -105,
        "EBIT": -96,
        "Net Income": -101
    },
    "2020-03-31": {
        "Diluted EPS": -0.25,
        "Total Revenue": 272,
        "Gross Profit": 173,
        "Operating Income": -146,
        "EBIT": -134,
        "Net Income": -141
    },
    "2019-12-31": {
        "Diluted EPS": -0.06,
        "Total Revenue": 400,
        "Gross Profit": 304,
        "Operating Income": -43,
        "EBIT": -35,
        "Net Income": -36
    },
    "2019-09-30": {
        "Diluted EPS": -0.23,
        "Total Revenue": 280,
        "Gross Profit": 196,
        "Operating Income": -134,
        "EBIT": -126,
        "Net Income": -125
    },
    "2019-06-30": {
        "Diluted EPS": -2.62,
        "Total Revenue": 261,
        "Gross Profit": 156,
        "Operating Income": NaN,
        "EBIT": NaN,
        "Net Income": NaN
    },
    "2019-03-31": {
        "Diluted EPS": -0.33,
        "Total Revenue": 202,
        "Gross Profit": 128,
        "Operating Income": -45,
        "EBIT": -39,
        "Net Income": -41
    },
    "2018-12-31": {
        "Diluted EPS": 0.37,
        "Total Revenue": 273,
        "Gross Profit": 205,
        "Operating Income": 44,
        "EBIT": 50,
        "Net Income": 47
    },
    "2018-09-30": {
        "Diluted EPS": -0.15,
        "Total Revenue": 190,
        "Gross Profit": 127,
        "Operating Income": -22,
        "EBIT": -17,
        "Net Income": -19
    },
    "2018-06-30": {
        "Diluted EPS": -0.3,
        "Total Revenue": 161,
        "Gross Profit": 103,
        "Operating Income": -41,
        "EBIT": -36,
        "Net Income": -38
    },
    "2018-03-31": {
        "Diluted EPS": -0.42,
        "Total Revenue": 131,
        "Gross Profit": 80,
        "Operating Income": -55,
        "EBIT": -50,
        "Net Income": -53
    },
    "2017-12-31": {
        "Diluted EPS": 0.0,
        "Total Revenue": NaN,
        "Gross Profit": NaN,
        "Operating Income": NaN,
        "EBIT": NaN,
        "Net Income": NaN
    }
}