{
    "2023-06-30": {
        "Tax Effect Of Unusual Items": -819630.0,
        "Tax Rate For Calcs": 0.21,
        "Total Unusual Items": -3903000.0,
        "Total Unusual Items Excluding Goodwill": -3903000.0,
        "Net Income From Continuing Operation Net Minority Interest": 3954000.0,
        "Reconciled Depreciation": 9458000.0,
        "Net Interest Income": 1124000.0,
        "Interest Expense": 2605000.0,
        "Interest Income": 3729000.0,
        "Normalized Income": 7037370.0,
        "Net Income From Continuing And Discontinued Operation": 3954000.0,
        "Diluted Average Shares": 17084000.0,
        "Basic Average Shares": 15066000.0,
        "Diluted EPS": 0.23,
        "Basic EPS": 0.26,
        "Diluted NI Availto Com Stockholders": 3954000.0,
        "Net Income Common Stockholders": 3954000.0,
        "Net Income": 3954000.0,
        "Minority Interests": -10677000.0,
        "Net Income Including Noncontrolling Interests": 14631000.0,
        "Net Income Continuous Operations": 14631000.0,
        "Tax Provision": -250000.0,
        "Pretax Income": 14381000.0,
        "Special Income Charges": -3903000.0,
        "Restructuring And Mergern Acquisition": 3903000.0,
        "Gain On Sale Of Security": 15797000.0,
        "Depreciation Amortization Depletion Income Statement": 4904000.0,
        "Depreciation And Amortization In Income Statement": 4904000.0,
        "Amortization": 4904000.0,
        "Amortization Of Intangibles Income Statement": 4904000.0,
        "Selling General And Administration": 200134000.0,
        "Selling And Marketing Expense": 10930000.0,
        "General And Administrative Expense": 189204000.0,
        "Salaries And Wages": 189204000.0,
        "Total Revenue": 276367000.0,
        "Operating Revenue": 276367000.0
    },
    "2023-03-31": {
        "Tax Effect Of Unusual Items": 0.0,
        "Tax Rate For Calcs": 0.21,
        "Total Unusual Items": 0.0,
        "Total Unusual Items Excluding Goodwill": 0.0,
        "Net Income From Continuing Operation Net Minority Interest": 25634000.0,
        "Reconciled Depreciation": 9330000.0,
        "Net Interest Income": 6073000.0,
        "Interest Expense": 2639000.0,
        "Interest Income": 8712000.0,
        "Normalized Income": 25634000.0,
        "Net Income From Continuing And Discontinued Operation": 25634000.0,
        "Diluted Average Shares": 17182000.0,
        "Basic Average Shares": 14507000.0,
        "Diluted EPS": 1.49,
        "Basic EPS": 1.77,
        "Diluted NI Availto Com Stockholders": 25634000.0,
        "Net Income Common Stockholders": 25634000.0,
        "Net Income": 25634000.0,
        "Minority Interests": -7812000.0,
        "Net Income Including Noncontrolling Interests": 33446000.0,
        "Net Income Continuous Operations": 33446000.0,
        "Tax Provision": -7637000.0,
        "Pretax Income": 25809000.0,
        "Special Income Charges": 0.0,
        "Restructuring And Mergern Acquisition": 0.0,
        "Gain On Sale Of Security": 11115000.0,
        "Depreciation Amortization Depletion Income Statement": 4904000.0,
        "Depreciation And Amortization In Income Statement": 4904000.0,
        "Amortization": 4904000.0,
        "Amortization Of Intangibles Income Statement": 4904000.0,
        "Selling General And Administration": 209446000.0,
        "Selling And Marketing Expense": 10052000.0,
        "General And Administrative Expense": 199394000.0,
        "Salaries And Wages": 199394000.0,
        "Total Revenue": 286977000.0,
        "Operating Revenue": 286977000.0
    },
    "2022-12-31": {
        "Tax Effect Of Unusual Items": -230999.578158,
        "Tax Rate For Calcs": 0.109116,
        "Total Unusual Items": -2117000.0,
        "Total Unusual Items Excluding Goodwill": -2117000.0,
        "Net Income From Continuing Operation Net Minority Interest": 38101000.0,
        "Reconciled Depreciation": 9533000.0,
        "Net Interest Income": 4244000.0,
        "Interest Expense": 2275000.0,
        "Interest Income": 6519000.0,
        "Normalized Income": 39987000.421842,
        "Net Income From Continuing And Discontinued Operation": 38101000.0,
        "Diluted Average Shares": 16925000.0,
        "Basic Average Shares": 13663000.0,
        "Diluted EPS": 2.25,
        "Basic EPS": 2.79,
        "Diluted NI Availto Com Stockholders": 38101000.0,
        "Net Income Common Stockholders": 38101000.0,
        "Net Income": 38101000.0,
        "Minority Interests": 87000.0,
        "Net Income Including Noncontrolling Interests": 38014000.0,
        "Net Income Continuous Operations": 38014000.0,
        "Tax Provision": 4656000.0,
        "Pretax Income": 42670000.0,
        "Special Income Charges": -2117000.0,
        "Restructuring And Mergern Acquisition": 2117000.0,
        "Gain On Sale Of Security": 4305000.0,
        "Depreciation Amortization Depletion Income Statement": 5292000.0,
        "Depreciation And Amortization In Income Statement": 5292000.0,
        "Amortization": 5292000.0,
        "Amortization Of Intangibles Income Statement": 5292000.0,
        "Selling General And Administration": 273017000.0,
        "Selling And Marketing Expense": 10275000.0,
        "General And Administrative Expense": 262742000.0,
        "Salaries And Wages": 262742000.0,
        "Total Revenue": 375940000.0,
        "Operating Revenue": 375940000.0
    },
    "2022-09-30": {
        "Tax Effect Of Unusual Items": -1358070.0,
        "Tax Rate For Calcs": 0.21,
        "Total Unusual Items": -6467000.0,
        "Total Unusual Items Excluding Goodwill": -6467000.0,
        "Net Income From Continuing Operation Net Minority Interest": 14532000.0,
        "Reconciled Depreciation": 3769000.0,
        "Net Interest Income": 2805000.0,
        "Interest Expense": 2649000.0,
        "Interest Income": 5454000.0,
        "Normalized Income": 19640930.0,
        "Net Income From Continuing And Discontinued Operation": 14532000.0,
        "Diluted Average Shares": 16733000.0,
        "Basic Average Shares": 13775000.0,
        "Diluted EPS": 0.87,
        "Basic EPS": 1.05,
        "Diluted NI Availto Com Stockholders": 14532000.0,
        "Net Income Common Stockholders": 14532000.0,
        "Net Income": 14532000.0,
        "Minority Interests": 3799000.0,
        "Net Income Including Noncontrolling Interests": 10733000.0,
        "Net Income Continuous Operations": 10733000.0,
        "Tax Provision": 8169000.0,
        "Pretax Income": 18902000.0,
        "Special Income Charges": -6467000.0,
        "Restructuring And Mergern Acquisition": 6467000.0,
        "Gain On Sale Of Security": -2190000.0,
        "Depreciation Amortization Depletion Income Statement": 3769000.0,
        "Depreciation And Amortization In Income Statement": 3769000.0,
        "Amortization": 3769000.0,
        "Amortization Of Intangibles Income Statement": 3769000.0,
        "Selling General And Administration": 244670000.0,
        "Selling And Marketing Expense": 11704000.0,
        "General And Administrative Expense": 232966000.0,
        "Other Gand A": 25863000.0,
        "Salaries And Wages": 232966000.0,
        "Total Revenue": 318581000.0,
        "Operating Revenue": 318581000.0
    },
    "2022-06-30": {
        "Tax Effect Of Unusual Items": -405468.0,
        "Tax Rate For Calcs": 0.252,
        "Total Unusual Items": -1609000.0,
        "Total Unusual Items Excluding Goodwill": -1609000.0,
        "Net Income From Continuing Operation Net Minority Interest": 21390000.0,
        "Reconciled Depreciation": 3393000.0,
        "Net Interest Income": 2181000.0,
        "Interest Expense": 2355000.0,
        "Interest Income": 4536000.0,
        "Normalized Income": 22593532.0,
        "Net Income From Continuing And Discontinued Operation": 21390000.0,
        "Diluted Average Shares": 16920000.0,
        "Basic Average Shares": 14018000.0,
        "Diluted EPS": 1.26,
        "Basic EPS": 1.53,
        "Diluted NI Availto Com Stockholders": 21390000.0,
        "Net Income Common Stockholders": 21390000.0,
        "Net Income": 21390000.0,
        "Minority Interests": -6385000.0,
        "Net Income Including Noncontrolling Interests": 27775000.0,
        "Net Income Continuous Operations": 27775000.0,
        "Tax Provision": 9385000.0,
        "Pretax Income": 37160000.0,
        "Special Income Charges": -1609000.0,
        "Restructuring And Mergern Acquisition": 1609000.0,
        "Gain On Sale Of Security": 10936000.0,
        "Depreciation Amortization Depletion Income Statement": 3393000.0,
        "Depreciation And Amortization In Income Statement": 3393000.0,
        "Amortization": 3393000.0,
        "Amortization Of Intangibles Income Statement": 3393000.0,
        "Selling General And Administration": 252155000.0,
        "Selling And Marketing Expense": 12238000.0,
        "General And Administrative Expense": 239917000.0,
        "Other Gand A": 27644000.0,
        "Salaries And Wages": 239917000.0,
        "Total Revenue": 337992000.0,
        "Operating Revenue": 337992000.0
    },
    "2022-03-31": {
        "Diluted EPS": 2.12,
        "Total Revenue": 351,
        "Gross Profit": 347,
        "Operating Income": 41,
        "EBIT": 50,
        "Net Income": 37
    },
    "2021-12-31": {
        "Diluted EPS": 6.63,
        "Total Revenue": 648,
        "Gross Profit": 644,
        "Operating Income": 180,
        "EBIT": 193,
        "Net Income": 114
    },
    "2021-09-30": {
        "Diluted EPS": 2.68,
        "Total Revenue": 446,
        "Gross Profit": 442,
        "Operating Income": 87,
        "EBIT": 101,
        "Net Income": 46
    },
    "2021-06-30": {
        "Diluted EPS": 4.12,
        "Total Revenue": 509,
        "Gross Profit": 504,
        "Operating Income": 123,
        "EBIT": 135,
        "Net Income": 70
    },
    "2021-03-31": {
        "Diluted EPS": 3.0,
        "Total Revenue": 429,
        "Gross Profit": 424,
        "Operating Income": 95,
        "EBIT": 107,
        "Net Income": 49
    },
    "2020-12-31": {
        "Diluted EPS": 2.91,
        "Total Revenue": 406,
        "Gross Profit": 402,
        "Operating Income": 79,
        "EBIT": 94,
        "Net Income": 42
    },
    "2020-09-30": {
        "Diluted EPS": 0.78,
        "Total Revenue": 304,
        "Gross Profit": 300,
        "Operating Income": 38,
        "EBIT": 53,
        "Net Income": 12
    },
    "2020-06-30": {
        "Diluted EPS": 0.1,
        "Total Revenue": 292,
        "Gross Profit": 288,
        "Operating Income": 19,
        "EBIT": 34,
        "Net Income": 1
    },
    "2020-03-31": {
        "Diluted EPS": -1.07,
        "Total Revenue": 236,
        "Gross Profit": 229,
        "Operating Income": -29,
        "EBIT": -16,
        "Net Income": -15
    },
    "2019-12-31": {
        "Diluted EPS": 2.64,
        "Total Revenue": 279,
        "Gross Profit": 275,
        "Operating Income": 62,
        "EBIT": 67,
        "Net Income": 36
    },
    "2019-09-30": {
        "Diluted EPS": 3.01,
        "Total Revenue": 201,
        "Gross Profit": 197,
        "Operating Income": 27,
        "EBIT": 33,
        "Net Income": 43
    },
    "2019-06-30": {
        "Diluted EPS": 0.72,
        "Total Revenue": 172,
        "Gross Profit": 171,
        "Operating Income": 28,
        "EBIT": 35,
        "Net Income": 10
    },
    "2019-03-31": {
        "Diluted EPS": 1.32,
        "Total Revenue": 183,
        "Gross Profit": 181,
        "Operating Income": 28,
        "EBIT": 34,
        "Net Income": 18
    },
    "2018-12-31": {
        "Diluted EPS": 1.39,
        "Total Revenue": 204,
        "Gross Profit": 202,
        "Operating Income": 38,
        "EBIT": 44,
        "Net Income": 26
    },
    "2018-09-30": {
        "Diluted EPS": 1.43,
        "Total Revenue": 206,
        "Gross Profit": 204,
        "Operating Income": 35,
        "EBIT": 42,
        "Net Income": 19
    },
    "2018-06-30": {
        "Diluted EPS": 0.43,
        "Total Revenue": 162,
        "Gross Profit": 160,
        "Operating Income": 11,
        "EBIT": 17,
        "Net Income": 6
    },
    "2018-03-31": {
        "Diluted EPS": 0.47,
        "Total Revenue": 169,
        "Gross Profit": 167,
        "Operating Income": 13,
        "EBIT": 19,
        "Net Income": 6
    },
    "2017-12-31": {
        "Diluted EPS": -3.28,
        "Total Revenue": 185,
        "Gross Profit": 182,
        "Operating Income": 120,
        "EBIT": 127,
        "Net Income": -43
    },
    "2017-09-30": {
        "Diluted EPS": -3.91,
        "Total Revenue": 241,
        "Gross Profit": 238,
        "Operating Income": -81,
        "EBIT": 41,
        "Net Income": -50
    },
    "2017-06-30": {
        "Diluted EPS": 0.89,
        "Total Revenue": 198,
        "Gross Profit": 196,
        "Operating Income": 21,
        "EBIT": 28,
        "Net Income": 12
    },
    "2017-03-31": {
        "Diluted EPS": 1.31,
        "Total Revenue": 201,
        "Gross Profit": 199,
        "Operating Income": 24,
        "EBIT": 31,
        "Net Income": 17
    },
    "2016-12-31": {
        "Diluted EPS": -2.71,
        "Total Revenue": 222,
        "Gross Profit": 220,
        "Operating Income": -59,
        "EBIT": 34,
        "Net Income": -34
    },
    "2016-09-30": {
        "Diluted EPS": 0.7,
        "Total Revenue": 201,
        "Gross Profit": 199,
        "Operating Income": 18,
        "EBIT": 30,
        "Net Income": 9
    },
    "2016-06-30": {
        "Diluted EPS": 0.12,
        "Total Revenue": 170,
        "Gross Profit": 169,
        "Operating Income": 7,
        "EBIT": 17,
        "Net Income": 2
    },
    "2016-03-31": {
        "Diluted EPS": 0.16,
        "Total Revenue": 154,
        "Gross Profit": 152,
        "Operating Income": 3,
        "EBIT": 8,
        "Net Income": 2
    },
    "2015-12-31": {
        "Diluted EPS": 0.91,
        "Total Revenue": 197,
        "Gross Profit": 196,
        "Operating Income": 22,
        "EBIT": 28,
        "Net Income": 12
    },
    "2015-09-30": {
        "Diluted EPS": 0.32,
        "Total Revenue": 150,
        "Gross Profit": 148,
        "Operating Income": 7,
        "EBIT": 12,
        "Net Income": 4
    },
    "2015-06-30": {
        "Diluted EPS": 1.08,
        "Total Revenue": 164,
        "Gross Profit": 162,
        "Operating Income": 26,
        "EBIT": 30,
        "Net Income": 16
    },
    "2015-03-31": {
        "Diluted EPS": 1.03,
        "Total Revenue": 162,
        "Gross Profit": 160,
        "Operating Income": 31,
        "EBIT": 36,
        "Net Income": 16
    },
    "2014-12-31": {
        "Diluted EPS": 0.76,
        "Total Revenue": 151,
        "Gross Profit": 148,
        "Operating Income": 21,
        "EBIT": 26,
        "Net Income": 12
    },
    "2014-09-30": {
        "Diluted EPS": 0.9,
        "Total Revenue": 159,
        "Gross Profit": 158,
        "Operating Income": 26,
        "EBIT": 31,
        "Net Income": 14
    },
    "2014-06-30": {
        "Diluted EPS": 1.11,
        "Total Revenue": 170,
        "Gross Profit": 168,
        "Operating Income": 30,
        "EBIT": 35,
        "Net Income": 17
    },
    "2014-03-31": {
        "Diluted EPS": 1.1,
        "Total Revenue": 168,
        "Gross Profit": 166,
        "Operating Income": 33,
        "EBIT": 38,
        "Net Income": 16
    },
    "2013-12-31": {
        "Diluted EPS": 1.65,
        "Total Revenue": 188,
        "Gross Profit": 186,
        "Operating Income": 42,
        "EBIT": 47,
        "Net Income": 25
    },
    "2013-09-30": {
        "Diluted EPS": 0.33,
        "Total Revenue": 128,
        "Gross Profit": 126,
        "Operating Income": 12,
        "EBIT": 18,
        "Net Income": 5
    },
    "2013-06-30": {
        "Diluted EPS": 0.15,
        "Total Revenue": 100,
        "Gross Profit": 98,
        "Operating Income": 3,
        "EBIT": 10,
        "Net Income": 2
    },
    "2013-03-31": {
        "Diluted EPS": 0.57,
        "Total Revenue": 110,
        "Gross Profit": 107,
        "Operating Income": 18,
        "EBIT": 21,
        "Net Income": 9
    },
    "2012-12-31": {
        "Diluted EPS": 0.63,
        "Total Revenue": 141,
        "Gross Profit": 139,
        "Operating Income": 23,
        "EBIT": 34,
        "Net Income": 10
    },
    "2012-09-30": {
        "Diluted EPS": 1.11,
        "Total Revenue": 132,
        "Gross Profit": 130,
        "Operating Income": 25,
        "EBIT": 31,
        "Net Income": 17
    },
    "2012-06-30": {
        "Diluted EPS": 0.37,
        "Total Revenue": 103,
        "Gross Profit": 101,
        "Operating Income": 6,
        "EBIT": 11,
        "Net Income": 6
    },
    "2012-03-31": {
        "Diluted EPS": 0.15,
        "Total Revenue": 113,
        "Gross Profit": 111,
        "Operating Income": 15,
        "EBIT": 21,
        "Net Income": 2
    },
    "2011-12-31": {
        "Diluted EPS": -7.21,
        "Total Revenue": 79,
        "Gross Profit": 76,
        "Operating Income": -114,
        "EBIT": 13,
        "Net Income": -113
    },
    "2011-09-30": {
        "Diluted EPS": -0.23,
        "Total Revenue": 96,
        "Gross Profit": 94,
        "Operating Income": 5,
        "EBIT": 11,
        "Net Income": -4
    },
    "2011-06-30": {
        "Diluted EPS": 0.55,
        "Total Revenue": 133,
        "Gross Profit": 131,
        "Operating Income": 17,
        "EBIT": 25,
        "Net Income": 9
    },
    "2011-03-31": {
        "Diluted EPS": 0.38,
        "Total Revenue": 125,
        "Gross Profit": 122,
        "Operating Income": 12,
        "EBIT": 15,
        "Net Income": 6
    },
    "2010-12-31": {
        "Diluted EPS": 0.48,
        "Total Revenue": 126,
        "Gross Profit": 124,
        "Operating Income": 20,
        "EBIT": 26,
        "Net Income": 7
    },
    "2010-09-30": {
        "Diluted EPS": 0.36,
        "Total Revenue": 116,
        "Gross Profit": 114,
        "Operating Income": 13,
        "EBIT": 19,
        "Net Income": 5
    },
    "2010-06-30": {
        "Diluted EPS": 0.36,
        "Total Revenue": 128,
        "Gross Profit": 124,
        "Operating Income": 12,
        "EBIT": 19,
        "Net Income": 6
    },
    "2010-03-31": {
        "Diluted EPS": 0.03,
        "Total Revenue": 110,
        "Gross Profit": 107,
        "Operating Income": 9,
        "EBIT": 12,
        "Net Income": 0
    },
    "2009-12-31": {
        "Diluted EPS": 0.66,
        "Total Revenue": 133,
        "Gross Profit": 130,
        "Operating Income": 19,
        "EBIT": 27,
        "Net Income": 16
    },
    "2009-09-30": {
        "Diluted EPS": 0.47,
        "Total Revenue": 120,
        "Gross Profit": 117,
        "Operating Income": 16,
        "EBIT": 18,
        "Net Income": 8
    },
    "2009-06-30": {
        "Diluted EPS": 0.59,
        "Total Revenue": 132,
        "Gross Profit": 129,
        "Operating Income": 18,
        "EBIT": 21,
        "Net Income": 9
    },
    "2009-03-31": {
        "Diluted EPS": -0.17,
        "Total Revenue": 84,
        "Gross Profit": 81,
        "Operating Income": 4,
        "EBIT": 6,
        "Net Income": -3
    },
    "2023-09-30": {
        "Tax Effect Of Unusual Items": 0.0,
        "Tax Rate For Calcs": 0.21,
        "Total Unusual Items": 0.0,
        "Total Unusual Items Excluding Goodwill": 0.0,
        "Net Income From Continuing Operation Net Minority Interest": 3878000.0,
        "Reconciled Depreciation": 9383000.0,
        "Net Interest Income": 4434000.0,
        "Interest Expense": 2546000.0,
        "Interest Income": 6980000.0,
        "Normalized Income": 3878000.0,
        "Net Income From Continuing And Discontinued Operation": 3878000.0,
        "Diluted Average Shares": 17256000.0,
        "Basic Average Shares": 15105000.0,
        "Diluted EPS": 0.22,
        "Basic EPS": 0.26,
        "Diluted NI Availto Com Stockholders": 3878000.0,
        "Net Income Common Stockholders": 3878000.0,
        "Net Income": 3878000.0,
        "Minority Interests": 17555000.0,
        "Net Income Including Noncontrolling Interests": -13677000.0,
        "Net Income Continuous Operations": -13677000.0,
        "Tax Provision": 10227000.0,
        "Pretax Income": -3450000.0,
        "Special Income Charges": 0.0,
        "Restructuring And Mergern Acquisition": 0.0,
        "Gain On Sale Of Security": -17108000.0,
        "Depreciation Amortization Depletion Income Statement": 4833000.0,
        "Depreciation And Amortization In Income Statement": 4833000.0,
        "Amortization": 4833000.0,
        "Amortization Of Intangibles Income Statement": 4833000.0,
        "Selling General And Administration": 215956000.0,
        "Selling And Marketing Expense": 8674000.0,
        "General And Administrative Expense": 207282000.0,
        "Salaries And Wages": 207282000.0,
        "Total Revenue": 277968000.0,
        "Operating Revenue": 277968000.0
    },
    "2023-12-31": {
        "Tax Effect Of Unusual Items": -953054.982177,
        "Tax Rate For Calcs": 0.247804,
        "Total Unusual Items": -3846000.0,
        "Total Unusual Items Excluding Goodwill": -3846000.0,
        "Net Income From Continuing Operation Net Minority Interest": 52025000.0,
        "Reconciled Depreciation": 9201000.0,
        "Net Interest Income": 4946000.0,
        "Interest Expense": 2356000.0,
        "Interest Income": 7302000.0,
        "Normalized Income": 54917945.017823,
        "Net Income From Continuing And Discontinued Operation": 52025000.0,
        "Diluted Average Shares": 17367000.0,
        "Basic Average Shares": 15143000.0,
        "Diluted EPS": 3.0,
        "Basic EPS": 3.44,
        "Diluted NI Availto Com Stockholders": 52025000.0,
        "Net Income Common Stockholders": 52025000.0,
        "Net Income": 52025000.0,
        "Minority Interests": -12548000.0,
        "Net Income Including Noncontrolling Interests": 64573000.0,
        "Net Income Continuous Operations": 64573000.0,
        "Tax Provision": 21273000.0,
        "Pretax Income": 85846000.0,
        "Special Income Charges": -3846000.0,
        "Restructuring And Mergern Acquisition": 3846000.0,
        "Gain On Sale Of Security": 20235000.0,
        "Depreciation Amortization Depletion Income Statement": 4799000.0,
        "Depreciation And Amortization In Income Statement": 4799000.0,
        "Amortization": 4799000.0,
        "Amortization Of Intangibles Income Statement": 4799000.0,
        "Selling General And Administration": 309232000.0,
        "Selling And Marketing Expense": 8078000.0,
        "General And Administrative Expense": 301154000.0,
        "Salaries And Wages": 301154000.0,
        "Total Revenue": 458494000.0,
        "Operating Revenue": 458494000.0
    },
    "2024-03-31": {
        "Tax Effect Of Unusual Items": 0.0,
        "Tax Rate For Calcs": 0.054,
        "Total Unusual Items": NaN,
        "Total Unusual Items Excluding Goodwill": NaN,
        "Net Income From Continuing Operation Net Minority Interest": 42493000.0,
        "Reconciled Depreciation": 6619000.0,
        "Net Interest Income": 6923000.0,
        "Interest Expense": 1383000.0,
        "Interest Income": 8306000.0,
        "Normalized Income": 42493000.0,
        "Net Income From Continuing And Discontinued Operation": 42493000.0,
        "Diluted Average Shares": 17504000.0,
        "Basic Average Shares": 15499000.0,
        "Diluted EPS": 2.43,
        "Basic EPS": 2.74,
        "Diluted NI Availto Com Stockholders": 42493000.0,
        "Net Income Common Stockholders": 42493000.0,
        "Net Income": 42493000.0,
        "Minority Interests": -7085000.0,
        "Net Income Including Noncontrolling Interests": 49578000.0,
        "Net Income Continuous Operations": 49578000.0,
        "Tax Provision": 2844000.0,
        "Pretax Income": 52422000.0,
        "Special Income Charges": NaN,
        "Restructuring And Mergern Acquisition": NaN,
        "Gain On Sale Of Security": 14168000.0,
        "Depreciation Amortization Depletion Income Statement": 2361000.0,
        "Depreciation And Amortization In Income Statement": 2361000.0,
        "Amortization": 2361000.0,
        "Amortization Of Intangibles Income Statement": 2361000.0,
        "Selling General And Administration": 233209000.0,
        "Selling And Marketing Expense": 10763000.0,
        "General And Administrative Expense": 222446000.0,
        "Salaries And Wages": 222446000.0,
        "Total Revenue": 331803000.0,
        "Operating Revenue": 331803000.0
    }
}