{
    "2023-06-30": {
        "Tax Effect Of Unusual Items": 0.0,
        "Tax Rate For Calcs": 0.242,
        "Normalized EBITDA": 72418000.0,
        "Net Income From Continuing Operation Net Minority Interest": 22141000.0,
        "Reconciled Depreciation": 9801000.0,
        "Reconciled Cost Of Revenue": 240410000.0,
        "EBITDA": 72418000.0,
        "EBIT": 62617000.0,
        "Normalized Income": 22141000.0,
        "Net Income From Continuing And Discontinued Operation": 22141000.0,
        "Total Expenses": 283660000.0,
        "Rent Expense Supplemental": 9920000.0,
        "Diluted NI Availto Com Stockholders": 22141000.0,
        "Average Dilution Earnings": NaN,
        "Net Income Common Stockholders": 22141000.0,
        "Net Income": 22141000.0,
        "Minority Interests": -18911000.0,
        "Net Income Including Noncontrolling Interests": 41052000.0,
        "Net Income Continuous Operations": 41052000.0,
        "Tax Provision": 13117000.0,
        "Pretax Income": 54169000.0,
        "Other Income Expense": -8448000.0,
        "Other Non Operating Income Expenses": -8448000.0,
        "Operating Income": 62617000.0,
        "Operating Expense": 37046000.0,
        "Other Operating Expenses": 8314000.0,
        "Depreciation Amortization Depletion Income Statement": 3597000.0,
        "Depreciation And Amortization In Income Statement": 3597000.0,
        "Selling General And Administration": 25135000.0,
        "General And Administrative Expense": 25135000.0,
        "Other Gand A": 15215000.0,
        "Rent And Landing Fees": 9920000.0,
        "Gross Profit": 99663000.0,
        "Cost Of Revenue": 246614000.0,
        "Total Revenue": 346277000.0,
        "Operating Revenue": 346277000.0
    },
    "2023-03-31": {
        "Tax Effect Of Unusual Items": 0.0,
        "Tax Rate For Calcs": 0.041,
        "Normalized EBITDA": 44625000.0,
        "Net Income From Continuing Operation Net Minority Interest": 17336000.0,
        "Reconciled Depreciation": 9110000.0,
        "Reconciled Cost Of Revenue": 127376000.0,
        "EBITDA": 44625000.0,
        "EBIT": 35515000.0,
        "Normalized Income": 17336000.0,
        "Net Income From Continuing And Discontinued Operation": 17336000.0,
        "Total Expenses": 164473000.0,
        "Rent Expense Supplemental": 10011000.0,
        "Diluted NI Availto Com Stockholders": 17910000.0,
        "Average Dilution Earnings": 574000.0,
        "Net Income Common Stockholders": 17336000.0,
        "Net Income": 17336000.0,
        "Minority Interests": -10650000.0,
        "Net Income Including Noncontrolling Interests": 27986000.0,
        "Net Income Continuous Operations": 27986000.0,
        "Tax Provision": 1207000.0,
        "Pretax Income": 29193000.0,
        "Other Income Expense": -6322000.0,
        "Other Non Operating Income Expenses": -6322000.0,
        "Operating Income": 35515000.0,
        "Operating Expense": 31430000.0,
        "Other Operating Expenses": 6972000.0,
        "Depreciation Amortization Depletion Income Statement": 3443000.0,
        "Depreciation And Amortization In Income Statement": 3443000.0,
        "Selling General And Administration": 21015000.0,
        "General And Administrative Expense": 21015000.0,
        "Other Gand A": 11004000.0,
        "Rent And Landing Fees": 10011000.0,
        "Gross Profit": 66945000.0,
        "Cost Of Revenue": 133043000.0,
        "Total Revenue": 199988000.0,
        "Operating Revenue": 199988000.0
    },
    "2022-12-31": {
        "Tax Effect Of Unusual Items": 0.0,
        "Tax Rate For Calcs": 0.232077,
        "Normalized EBITDA": 78416000.0,
        "Net Income From Continuing Operation Net Minority Interest": 24574000.0,
        "Reconciled Depreciation": 8798000.0,
        "Reconciled Cost Of Revenue": 174763000.0,
        "EBITDA": 78416000.0,
        "EBIT": 69618000.0,
        "Normalized Income": 24574000.0,
        "Net Income From Continuing And Discontinued Operation": 24574000.0,
        "Total Expenses": 210335000.0,
        "Rent Expense Supplemental": 9422000.0,
        "Diluted NI Availto Com Stockholders": 25453000.0,
        "Average Dilution Earnings": 879000.0,
        "Net Income Common Stockholders": 24574000.0,
        "Net Income": 24574000.0,
        "Minority Interests": -21496000.0,
        "Net Income Including Noncontrolling Interests": 46070000.0,
        "Net Income Continuous Operations": 46070000.0,
        "Tax Provision": 13923000.0,
        "Pretax Income": 59993000.0,
        "Other Income Expense": -9625000.0,
        "Other Non Operating Income Expenses": -9625000.0,
        "Operating Income": 69618000.0,
        "Operating Expense": 30093000.0,
        "Other Operating Expenses": 7726000.0,
        "Depreciation Amortization Depletion Income Statement": 3319000.0,
        "Depreciation And Amortization In Income Statement": 3319000.0,
        "Selling General And Administration": 19048000.0,
        "General And Administrative Expense": 19048000.0,
        "Other Gand A": 9626000.0,
        "Rent And Landing Fees": 9422000.0,
        "Gross Profit": 99711000.0,
        "Cost Of Revenue": 180242000.0,
        "Total Revenue": 279953000.0,
        "Operating Revenue": 279953000.0
    },
    "2022-09-30": {
        "Tax Effect Of Unusual Items": 0.0,
        "Tax Rate For Calcs": 0.181,
        "Normalized EBITDA": 60915000.0,
        "Net Income From Continuing Operation Net Minority Interest": 21088000.0,
        "Reconciled Depreciation": 3755000.0,
        "Reconciled Cost Of Revenue": 179080000.0,
        "EBITDA": 60915000.0,
        "EBIT": 57160000.0,
        "Normalized Income": 21088000.0,
        "Net Income From Continuing And Discontinued Operation": 21088000.0,
        "Total Expenses": 208932000.0,
        "Rent Expense Supplemental": 8231000.0,
        "Diluted Average Shares": 39985576.0,
        "Basic Average Shares": 39985576.0,
        "Diluted EPS": 0.52739,
        "Basic EPS": 0.52739,
        "Diluted NI Availto Com Stockholders": 21088000.0,
        "Average Dilution Earnings": 672000.0,
        "Net Income Common Stockholders": 21088000.0,
        "Net Income": 21088000.0,
        "Minority Interests": -17953000.0,
        "Net Income Including Noncontrolling Interests": 39041000.0,
        "Net Income Continuous Operations": 39041000.0,
        "Tax Provision": 8601000.0,
        "Pretax Income": 47642000.0,
        "Other Income Expense": -9518000.0,
        "Other Non Operating Income Expenses": -9518000.0,
        "Operating Income": 57160000.0,
        "Operating Expense": 29852000.0,
        "Other Operating Expenses": 6336000.0,
        "Depreciation Amortization Depletion Income Statement": 3755000.0,
        "Depreciation And Amortization In Income Statement": 3755000.0,
        "Amortization": 1500000.0,
        "Amortization Of Intangibles Income Statement": 1500000.0,
        "Depreciation Income Statement": 2300000.0,
        "Selling General And Administration": 19761000.0,
        "General And Administrative Expense": 19761000.0,
        "Other Gand A": 11530000.0,
        "Rent And Landing Fees": 8231000.0,
        "Gross Profit": 87012000.0,
        "Cost Of Revenue": 179080000.0,
        "Total Revenue": 266092000.0,
        "Operating Revenue": 266092000.0
    },
    "2022-06-30": {
        "Tax Effect Of Unusual Items": 0.0,
        "Tax Rate For Calcs": 0.194,
        "Normalized EBITDA": 55752000.0,
        "Net Income From Continuing Operation Net Minority Interest": 19168000.0,
        "Reconciled Depreciation": 4094000.0,
        "Reconciled Cost Of Revenue": 150587000.0,
        "EBITDA": 55752000.0,
        "EBIT": 51658000.0,
        "Normalized Income": 19168000.0,
        "Net Income From Continuing And Discontinued Operation": 19168000.0,
        "Total Expenses": 181483000.0,
        "Rent Expense Supplemental": 8658000.0,
        "Diluted Average Shares": 26421087.0,
        "Basic Average Shares": 25141339.0,
        "Diluted EPS": 0.74,
        "Basic EPS": 0.76,
        "Diluted NI Availto Com Stockholders": 19168000.0,
        "Average Dilution Earnings": 476000.0,
        "Net Income Common Stockholders": 19168000.0,
        "Net Income": 19168000.0,
        "Minority Interests": -16025000.0,
        "Net Income Including Noncontrolling Interests": 35193000.0,
        "Net Income Continuous Operations": 35193000.0,
        "Tax Provision": 8495000.0,
        "Pretax Income": 43688000.0,
        "Other Income Expense": -7970000.0,
        "Other Non Operating Income Expenses": -7970000.0,
        "Operating Income": 51658000.0,
        "Operating Expense": 30896000.0,
        "Other Operating Expenses": 6677000.0,
        "Depreciation Amortization Depletion Income Statement": 4094000.0,
        "Depreciation And Amortization In Income Statement": 4094000.0,
        "Amortization": NaN,
        "Amortization Of Intangibles Income Statement": NaN,
        "Depreciation Income Statement": NaN,
        "Selling General And Administration": 20125000.0,
        "General And Administrative Expense": 20125000.0,
        "Other Gand A": 11467000.0,
        "Rent And Landing Fees": 8658000.0,
        "Gross Profit": 82554000.0,
        "Cost Of Revenue": 150587000.0,
        "Total Revenue": 233141000.0,
        "Operating Revenue": 233141000.0
    },
    "2022-03-31": {
        "Diluted EPS": 1.0,
        "Total Revenue": 246,
        "Gross Profit": 87,
        "Operating Income": 50,
        "EBIT": 60,
        "Net Income": 26
    },
    "2021-12-31": {
        "Diluted EPS": 1.25,
        "Total Revenue": 313,
        "Gross Profit": 108,
        "Operating Income": 75,
        "EBIT": 84,
        "Net Income": 35
    },
    "2021-09-30": {
        "Diluted EPS": 0.82,
        "Total Revenue": 231,
        "Gross Profit": 83,
        "Operating Income": 48,
        "EBIT": 57,
        "Net Income": 21
    },
    "2021-06-30": {
        "Diluted EPS": 0.89,
        "Total Revenue": 241,
        "Gross Profit": 87,
        "Operating Income": 52,
        "EBIT": 61,
        "Net Income": 23
    },
    "2021-03-31": {
        "Diluted EPS": 1.03,
        "Total Revenue": 207,
        "Gross Profit": 74,
        "Operating Income": 44,
        "EBIT": 53,
        "Net Income": 27
    },
    "2020-12-31": {
        "Diluted EPS": 1.6,
        "Total Revenue": 322,
        "Gross Profit": 124,
        "Operating Income": 95,
        "EBIT": 103,
        "Net Income": 46
    },
    "2020-09-30": {
        "Diluted EPS": 1.22,
        "Total Revenue": 298,
        "Gross Profit": 101,
        "Operating Income": 70,
        "EBIT": 79,
        "Net Income": 31
    },
    "2020-06-30": {
        "Diluted EPS": 0.86,
        "Total Revenue": 233,
        "Gross Profit": 78,
        "Operating Income": 50,
        "EBIT": 60,
        "Net Income": 22
    },
    "2020-03-31": {
        "Diluted EPS": 0.72,
        "Total Revenue": 200,
        "Gross Profit": 66,
        "Operating Income": 34,
        "EBIT": 43,
        "Net Income": 19
    },
    "2019-12-31": {
        "Diluted EPS": 0.69,
        "Total Revenue": 249,
        "Gross Profit": 84,
        "Operating Income": 49,
        "EBIT": 58,
        "Net Income": 17
    },
    "2019-09-30": {
        "Diluted EPS": 0.28,
        "Total Revenue": 174,
        "Gross Profit": 51,
        "Operating Income": 20,
        "EBIT": 28,
        "Net Income": 7
    },
    "2019-06-30": {
        "Diluted EPS": 0.2,
        "Total Revenue": 167,
        "Gross Profit": 48,
        "Operating Income": 14,
        "EBIT": 22,
        "Net Income": 5
    },
    "2019-03-31": {
        "Diluted EPS": 0.04,
        "Total Revenue": 128,
        "Gross Profit": 33,
        "Operating Income": 0,
        "EBIT": 7,
        "Net Income": 1
    },
    "2018-12-31": {
        "Diluted EPS": 0.29,
        "Total Revenue": 175,
        "Gross Profit": 49,
        "Operating Income": 17,
        "EBIT": 20,
        "Net Income": 7
    },
    "2018-09-30": {
        "Diluted EPS": 0.33,
        "Total Revenue": 140,
        "Gross Profit": 40,
        "Operating Income": 12,
        "EBIT": 14,
        "Net Income": 8
    },
    "2018-06-30": {
        "Diluted EPS": 0.3,
        "Total Revenue": 131,
        "Gross Profit": 36,
        "Operating Income": 10,
        "EBIT": 12,
        "Net Income": 7
    },
    "2018-03-31": {
        "Diluted EPS": 0.24,
        "Total Revenue": 134,
        "Gross Profit": 30,
        "Operating Income": 3,
        "EBIT": 5,
        "Net Income": 5
    },
    "2017-12-31": {
        "Diluted EPS": -1.97,
        "Total Revenue": 191,
        "Gross Profit": 50,
        "Operating Income": 26,
        "EBIT": 28,
        "Net Income": -37
    },
    "2017-09-30": {
        "Diluted EPS": 0.16,
        "Total Revenue": 78,
        "Gross Profit": 10,
        "Operating Income": -16,
        "EBIT": -14,
        "Net Income": 3
    },
    "2017-06-30": {
        "Diluted EPS": 0.01,
        "Total Revenue": 109,
        "Gross Profit": 22,
        "Operating Income": -2,
        "EBIT": 0,
        "Net Income": 0
    },
    "2017-03-31": {
        "Diluted EPS": 0.07,
        "Total Revenue": 121,
        "Gross Profit": 25,
        "Operating Income": 2,
        "EBIT": 4,
        "Net Income": 1
    },
    "2016-12-31": {
        "Diluted EPS": 0.37,
        "Total Revenue": 173,
        "Gross Profit": 48,
        "Operating Income": 24,
        "EBIT": 26,
        "Net Income": 7
    },
    "2016-09-30": {
        "Diluted EPS": -0.53,
        "Total Revenue": 121,
        "Gross Profit": 26,
        "Operating Income": -2,
        "EBIT": 2,
        "Net Income": -10
    },
    "2016-06-30": {
        "Diluted EPS": -0.02,
        "Total Revenue": 89,
        "Gross Profit": 17,
        "Operating Income": -10,
        "EBIT": -6,
        "Net Income": 0
    },
    "2016-03-31": {
        "Diluted EPS": 0.01,
        "Total Revenue": 115,
        "Gross Profit": 27,
        "Operating Income": 3,
        "EBIT": 7,
        "Net Income": 0
    },
    "2015-12-31": {
        "Diluted EPS": 0.0,
        "Total Revenue": 104,
        "Gross Profit": -5,
        "Operating Income": -29,
        "EBIT": -25,
        "Net Income": -11
    },
    "2015-09-30": {
        "Diluted EPS": 0.0,
        "Total Revenue": 147,
        "Gross Profit": 80,
        "Operating Income": 44,
        "EBIT": 52,
        "Net Income": 42
    },
    "2015-06-30": {
        "Diluted EPS": 0.0,
        "Total Revenue": 72,
        "Gross Profit": 12,
        "Operating Income": -6,
        "EBIT": -5,
        "Net Income": -7
    },
    "2015-03-31": {
        "Diluted EPS": 0.0,
        "Total Revenue": 82,
        "Gross Profit": 3,
        "Operating Income": -15,
        "EBIT": -13,
        "Net Income": -16
    },
    "2014-12-31": {
        "Diluted EPS": 0.0,
        "Total Revenue": NaN,
        "Gross Profit": NaN,
        "Operating Income": NaN,
        "EBIT": NaN,
        "Net Income": NaN
    },
    "2014-09-30": {
        "Diluted EPS": 0.0,
        "Total Revenue": 80,
        "Gross Profit": 3,
        "Operating Income": -14,
        "EBIT": -14,
        "Net Income": -14
    },
    "2013-12-31": {
        "Diluted EPS": 0.0,
        "Total Revenue": NaN,
        "Gross Profit": NaN,
        "Operating Income": NaN,
        "EBIT": NaN,
        "Net Income": NaN
    },
    "2023-09-30": {
        "Tax Effect Of Unusual Items": 0.0,
        "Tax Rate For Calcs": 0.268,
        "Normalized EBITDA": 58783000.0,
        "Net Income From Continuing Operation Net Minority Interest": 17410000.0,
        "Reconciled Depreciation": 9192000.0,
        "Reconciled Cost Of Revenue": 187812000.0,
        "EBITDA": 58783000.0,
        "EBIT": 49591000.0,
        "Normalized Income": 17410000.0,
        "Net Income From Continuing And Discontinued Operation": 17410000.0,
        "Total Expenses": 228772000.0,
        "Rent Expense Supplemental": 9768000.0,
        "Diluted NI Availto Com Stockholders": 17993000.0,
        "Average Dilution Earnings": 583000.0,
        "Net Income Common Stockholders": 17410000.0,
        "Net Income": 17410000.0,
        "Minority Interests": -13743000.0,
        "Net Income Including Noncontrolling Interests": 31153000.0,
        "Net Income Continuous Operations": 31153000.0,
        "Tax Provision": 11401000.0,
        "Pretax Income": 42554000.0,
        "Other Income Expense": -7037000.0,
        "Other Non Operating Income Expenses": -7037000.0,
        "Operating Income": 49591000.0,
        "Operating Expense": 35315000.0,
        "Other Operating Expenses": 7177000.0,
        "Depreciation Amortization Depletion Income Statement": 3547000.0,
        "Depreciation And Amortization In Income Statement": 3547000.0,
        "Selling General And Administration": 24591000.0,
        "General And Administrative Expense": 24591000.0,
        "Other Gand A": 14823000.0,
        "Rent And Landing Fees": 9768000.0,
        "Gross Profit": 84906000.0,
        "Cost Of Revenue": 193457000.0,
        "Total Revenue": 278363000.0,
        "Operating Revenue": 278363000.0
    }
}