{
    "2023-05-31": {
        "Tax Effect Of Unusual Items": NaN,
        "Tax Rate For Calcs": NaN,
        "Normalized EBITDA": NaN,
        "Total Unusual Items": 0.0,
        "Total Unusual Items Excluding Goodwill": 0.0,
        "Net Income From Continuing Operation Net Minority Interest": NaN,
        "Reconciled Depreciation": NaN,
        "Reconciled Cost Of Revenue": NaN,
        "EBITDA": NaN,
        "EBIT": NaN,
        "Net Interest Income": NaN,
        "Interest Income": NaN,
        "Normalized Income": NaN,
        "Net Income From Continuing And Discontinued Operation": NaN,
        "Total Expenses": NaN,
        "Total Operating Income As Reported": NaN,
        "Diluted Average Shares": NaN,
        "Basic Average Shares": NaN,
        "Diluted EPS": NaN,
        "Basic EPS": NaN,
        "Diluted NI Availto Com Stockholders": NaN,
        "Net Income Common Stockholders": NaN,
        "Net Income": NaN,
        "Net Income Including Noncontrolling Interests": NaN,
        "Net Income Continuous Operations": NaN,
        "Tax Provision": NaN,
        "Pretax Income": NaN,
        "Other Income Expense": NaN,
        "Special Income Charges": 0.0,
        "Other Special Charges": NaN,
        "Net Non Operating Interest Income Expense": NaN,
        "Interest Income Non Operating": NaN,
        "Operating Income": NaN,
        "Operating Expense": NaN,
        "Selling General And Administration": NaN,
        "Gross Profit": NaN,
        "Cost Of Revenue": NaN,
        "Total Revenue": NaN,
        "Operating Revenue": NaN
    },
    "2023-02-28": {
        "Tax Effect Of Unusual Items": NaN,
        "Tax Rate For Calcs": NaN,
        "Normalized EBITDA": NaN,
        "Total Unusual Items": 0.0,
        "Total Unusual Items Excluding Goodwill": 0.0,
        "Net Income From Continuing Operation Net Minority Interest": NaN,
        "Reconciled Depreciation": NaN,
        "Reconciled Cost Of Revenue": NaN,
        "EBITDA": NaN,
        "EBIT": NaN,
        "Net Interest Income": NaN,
        "Interest Income": NaN,
        "Normalized Income": NaN,
        "Net Income From Continuing And Discontinued Operation": NaN,
        "Total Expenses": NaN,
        "Total Operating Income As Reported": NaN,
        "Diluted Average Shares": NaN,
        "Basic Average Shares": NaN,
        "Diluted EPS": NaN,
        "Basic EPS": NaN,
        "Diluted NI Availto Com Stockholders": NaN,
        "Net Income Common Stockholders": NaN,
        "Net Income": NaN,
        "Net Income Including Noncontrolling Interests": NaN,
        "Net Income Continuous Operations": NaN,
        "Tax Provision": NaN,
        "Pretax Income": NaN,
        "Other Income Expense": NaN,
        "Special Income Charges": 0.0,
        "Other Special Charges": NaN,
        "Restructuring And Mergern Acquisition": 0.0,
        "Net Non Operating Interest Income Expense": NaN,
        "Interest Income Non Operating": NaN,
        "Operating Income": NaN,
        "Operating Expense": NaN,
        "Selling General And Administration": NaN,
        "Gross Profit": NaN,
        "Cost Of Revenue": NaN,
        "Total Revenue": NaN,
        "Operating Revenue": NaN
    },
    "2022-11-30": {
        "Tax Effect Of Unusual Items": NaN,
        "Tax Rate For Calcs": NaN,
        "Normalized EBITDA": NaN,
        "Total Unusual Items": 0.0,
        "Total Unusual Items Excluding Goodwill": 0.0,
        "Net Income From Continuing Operation Net Minority Interest": NaN,
        "Reconciled Depreciation": NaN,
        "Reconciled Cost Of Revenue": NaN,
        "EBITDA": NaN,
        "EBIT": NaN,
        "Net Interest Income": NaN,
        "Interest Income": NaN,
        "Normalized Income": NaN,
        "Net Income From Continuing And Discontinued Operation": NaN,
        "Total Expenses": NaN,
        "Total Operating Income As Reported": NaN,
        "Diluted Average Shares": NaN,
        "Basic Average Shares": NaN,
        "Diluted EPS": NaN,
        "Basic EPS": NaN,
        "Diluted NI Availto Com Stockholders": NaN,
        "Net Income Common Stockholders": NaN,
        "Net Income": NaN,
        "Net Income Including Noncontrolling Interests": NaN,
        "Net Income Continuous Operations": NaN,
        "Tax Provision": NaN,
        "Pretax Income": NaN,
        "Other Income Expense": NaN,
        "Special Income Charges": 0.0,
        "Other Special Charges": NaN,
        "Restructuring And Mergern Acquisition": 0.0,
        "Net Non Operating Interest Income Expense": NaN,
        "Interest Income Non Operating": NaN,
        "Operating Income": NaN,
        "Operating Expense": NaN,
        "Selling General And Administration": NaN,
        "Gross Profit": NaN,
        "Cost Of Revenue": NaN,
        "Total Revenue": NaN,
        "Operating Revenue": NaN
    },
    "2022-08-31": {
        "Tax Effect Of Unusual Items": NaN,
        "Tax Rate For Calcs": NaN,
        "Normalized EBITDA": NaN,
        "Total Unusual Items": 0.0,
        "Total Unusual Items Excluding Goodwill": 0.0,
        "Net Income From Continuing Operation Net Minority Interest": NaN,
        "Reconciled Depreciation": NaN,
        "Reconciled Cost Of Revenue": NaN,
        "EBITDA": NaN,
        "EBIT": NaN,
        "Net Interest Income": NaN,
        "Interest Income": NaN,
        "Normalized Income": NaN,
        "Net Income From Continuing And Discontinued Operation": NaN,
        "Total Expenses": NaN,
        "Total Operating Income As Reported": NaN,
        "Diluted Average Shares": NaN,
        "Basic Average Shares": NaN,
        "Diluted EPS": NaN,
        "Basic EPS": NaN,
        "Diluted NI Availto Com Stockholders": NaN,
        "Net Income Common Stockholders": NaN,
        "Net Income": NaN,
        "Net Income Including Noncontrolling Interests": NaN,
        "Net Income Continuous Operations": NaN,
        "Tax Provision": NaN,
        "Pretax Income": NaN,
        "Special Income Charges": 0.0,
        "Restructuring And Mergern Acquisition": 0.0,
        "Net Non Operating Interest Income Expense": NaN,
        "Interest Income Non Operating": NaN,
        "Operating Income": NaN,
        "Operating Expense": NaN,
        "Selling General And Administration": NaN,
        "Gross Profit": NaN,
        "Cost Of Revenue": NaN,
        "Total Revenue": NaN,
        "Operating Revenue": NaN
    },
    "2022-05-31": {
        "Tax Effect Of Unusual Items": 0.0,
        "Tax Rate For Calcs": 0.263,
        "Normalized EBITDA": 2459000.0,
        "Total Unusual Items": 0.0,
        "Total Unusual Items Excluding Goodwill": 0.0,
        "Net Income From Continuing Operation Net Minority Interest": 1910000.0,
        "Reconciled Depreciation": 260000.0,
        "Reconciled Cost Of Revenue": 8691000.0,
        "EBIT": 2459000.0,
        "Net Interest Income": 133000.0,
        "Interest Income": 133000.0,
        "Normalized Income": 1910000.0,
        "Net Income From Continuing And Discontinued Operation": 1910000.0,
        "Total Expenses": 10324000.0,
        "Total Operating Income As Reported": 2459000.0,
        "Diluted Average Shares": 20504000.0,
        "Basic Average Shares": 20458000.0,
        "Diluted EPS": 0.09,
        "Basic EPS": 0.09,
        "Diluted NI Availto Com Stockholders": 1910000.0,
        "Net Income Common Stockholders": 1910000.0,
        "Net Income": 1910000.0,
        "Net Income Including Noncontrolling Interests": 1910000.0,
        "Net Income Continuous Operations": 1910000.0,
        "Tax Provision": 682000.0,
        "Pretax Income": 2592000.0,
        "Special Income Charges": 0.0,
        "Restructuring And Mergern Acquisition": 0.0,
        "Net Non Operating Interest Income Expense": 133000.0,
        "Interest Income Non Operating": 133000.0,
        "Operating Income": 2459000.0,
        "Operating Expense": 1633000.0,
        "Selling General And Administration": 1633000.0,
        "Gross Profit": 4092000.0,
        "Cost Of Revenue": 8691000.0,
        "Total Revenue": 12783000.0,
        "Operating Revenue": 12783000.0
    },
    "2022-02-28": {
        "Diluted EPS": 0.1,
        "Total Revenue": 13,
        "Gross Profit": 4,
        "Operating Income": 3,
        "EBIT": 3,
        "Net Income": 2
    },
    "2021-11-30": {
        "Diluted EPS": 0.08,
        "Total Revenue": 14,
        "Gross Profit": 4,
        "Operating Income": 2,
        "EBIT": 3,
        "Net Income": 2
    },
    "2021-08-31": {
        "Diluted EPS": 0.1,
        "Total Revenue": 14,
        "Gross Profit": 4,
        "Operating Income": 3,
        "EBIT": 3,
        "Net Income": 2
    },
    "2021-05-31": {
        "Diluted EPS": 0.13,
        "Total Revenue": 14,
        "Gross Profit": 5,
        "Operating Income": 4,
        "EBIT": 4,
        "Net Income": 3
    },
    "2021-02-28": {
        "Diluted EPS": 0.04,
        "Total Revenue": 14,
        "Gross Profit": 4,
        "Operating Income": 1,
        "EBIT": 2,
        "Net Income": 1
    },
    "2020-11-30": {
        "Diluted EPS": 0.05,
        "Total Revenue": 10,
        "Gross Profit": 3,
        "Operating Income": 1,
        "EBIT": 1,
        "Net Income": 1
    },
    "2020-08-31": {
        "Diluted EPS": 0.05,
        "Total Revenue": 9,
        "Gross Profit": 3,
        "Operating Income": 1,
        "EBIT": 1,
        "Net Income": 1
    },
    "2020-05-31": {
        "Diluted EPS": 0.1,
        "Total Revenue": 12,
        "Gross Profit": 4,
        "Operating Income": 2,
        "EBIT": 2,
        "Net Income": 2
    },
    "2020-02-29": {
        "Diluted EPS": 0.12,
        "Total Revenue": 15,
        "Gross Profit": 5,
        "Operating Income": 3,
        "EBIT": 3,
        "Net Income": 2
    },
    "2019-11-30": {
        "Diluted EPS": 0.12,
        "Total Revenue": 16,
        "Gross Profit": 5,
        "Operating Income": 3,
        "EBIT": 3,
        "Net Income": 2
    },
    "2019-08-31": {
        "Diluted EPS": 0.1,
        "Total Revenue": 14,
        "Gross Profit": 4,
        "Operating Income": 2,
        "EBIT": 2,
        "Net Income": 2
    },
    "2019-05-31": {
        "Diluted EPS": 0.13,
        "Total Revenue": 15,
        "Gross Profit": 5,
        "Operating Income": 3,
        "EBIT": 3,
        "Net Income": 3
    },
    "2019-02-28": {
        "Diluted EPS": 5.07,
        "Total Revenue": 17,
        "Gross Profit": 6,
        "Operating Income": 3,
        "EBIT": 4,
        "Net Income": 104
    },
    "2018-11-30": {
        "Diluted EPS": 0.18,
        "Total Revenue": 13,
        "Gross Profit": 4,
        "Operating Income": 2,
        "EBIT": 3,
        "Net Income": 4
    },
    "2018-08-31": {
        "Diluted EPS": 0.13,
        "Total Revenue": 11,
        "Gross Profit": 3,
        "Operating Income": 1,
        "EBIT": 1,
        "Net Income": 3
    },
    "2018-05-31": {
        "Diluted EPS": 0.16,
        "Total Revenue": 10,
        "Gross Profit": 3,
        "Operating Income": 1,
        "EBIT": 1,
        "Net Income": 3
    },
    "2018-02-28": {
        "Diluted EPS": 0.89,
        "Total Revenue": 10,
        "Gross Profit": 3,
        "Operating Income": 0,
        "EBIT": 1,
        "Net Income": 18
    },
    "2017-11-30": {
        "Diluted EPS": 0.04,
        "Total Revenue": 10,
        "Gross Profit": 3,
        "Operating Income": 0,
        "EBIT": 1,
        "Net Income": 1
    },
    "2017-08-31": {
        "Diluted EPS": 0.03,
        "Total Revenue": 11,
        "Gross Profit": 3,
        "Operating Income": 1,
        "EBIT": 1,
        "Net Income": 1
    },
    "2017-05-31": {
        "Diluted EPS": 0.07,
        "Total Revenue": 27,
        "Gross Profit": 6,
        "Operating Income": 0,
        "EBIT": 1,
        "Net Income": 1
    },
    "2017-02-28": {
        "Diluted EPS": 0.12,
        "Total Revenue": -55,
        "Gross Profit": -14,
        "Operating Income": -9,
        "EBIT": -10,
        "Net Income": 2
    },
    "2016-11-30": {
        "Diluted EPS": 0.09,
        "Total Revenue": 26,
        "Gross Profit": 7,
        "Operating Income": 2,
        "EBIT": 3,
        "Net Income": 2
    },
    "2016-08-31": {
        "Diluted EPS": 0.1,
        "Total Revenue": 29,
        "Gross Profit": 7,
        "Operating Income": 2,
        "EBIT": 3,
        "Net Income": 2
    },
    "2016-05-31": {
        "Diluted EPS": 0.15,
        "Total Revenue": 31,
        "Gross Profit": 9,
        "Operating Income": 3,
        "EBIT": 4,
        "Net Income": 3
    },
    "2016-02-29": {
        "Diluted EPS": 0.23,
        "Total Revenue": 36,
        "Gross Profit": 11,
        "Operating Income": 5,
        "EBIT": 6,
        "Net Income": 5
    },
    "2015-11-30": {
        "Diluted EPS": 0.2,
        "Total Revenue": 34,
        "Gross Profit": 10,
        "Operating Income": 5,
        "EBIT": 6,
        "Net Income": 4
    },
    "2015-08-31": {
        "Diluted EPS": 0.23,
        "Total Revenue": 38,
        "Gross Profit": 10,
        "Operating Income": 5,
        "EBIT": 6,
        "Net Income": 5
    },
    "2015-05-31": {
        "Diluted EPS": 0.23,
        "Total Revenue": 38,
        "Gross Profit": 11,
        "Operating Income": 5,
        "EBIT": 6,
        "Net Income": 5
    },
    "2015-02-28": {
        "Diluted EPS": 0.23,
        "Total Revenue": 36,
        "Gross Profit": 11,
        "Operating Income": 5,
        "EBIT": 6,
        "Net Income": 5
    },
    "2014-11-30": {
        "Diluted EPS": 0.1,
        "Total Revenue": 35,
        "Gross Profit": 9,
        "Operating Income": 2,
        "EBIT": 3,
        "Net Income": 2
    },
    "2014-08-31": {
        "Diluted EPS": 0.24,
        "Total Revenue": 42,
        "Gross Profit": 12,
        "Operating Income": 6,
        "EBIT": 7,
        "Net Income": 5
    },
    "2014-05-31": {
        "Diluted EPS": 0.39,
        "Total Revenue": 49,
        "Gross Profit": 17,
        "Operating Income": 10,
        "EBIT": 11,
        "Net Income": 8
    },
    "2014-02-28": {
        "Diluted EPS": -2.89,
        "Total Revenue": 38,
        "Gross Profit": 10,
        "Operating Income": 4,
        "EBIT": 5,
        "Net Income": -60
    },
    "2013-11-30": {
        "Diluted EPS": 0.23,
        "Total Revenue": 40,
        "Gross Profit": 11,
        "Operating Income": 5,
        "EBIT": 6,
        "Net Income": 5
    },
    "2013-08-31": {
        "Diluted EPS": 0.39,
        "Total Revenue": 44,
        "Gross Profit": 14,
        "Operating Income": 7,
        "EBIT": 9,
        "Net Income": 8
    },
    "2013-05-31": {
        "Diluted EPS": 0.24,
        "Total Revenue": 43,
        "Gross Profit": 13,
        "Operating Income": 6,
        "EBIT": 8,
        "Net Income": 5
    },
    "2013-02-28": {
        "Diluted EPS": 0.18,
        "Total Revenue": 43,
        "Gross Profit": 12,
        "Operating Income": 5,
        "EBIT": 6,
        "Net Income": 4
    },
    "2012-11-30": {
        "Diluted EPS": 0.23,
        "Total Revenue": 41,
        "Gross Profit": 13,
        "Operating Income": 6,
        "EBIT": 7,
        "Net Income": 5
    },
    "2012-08-31": {
        "Diluted EPS": 0.16,
        "Total Revenue": 46,
        "Gross Profit": 13,
        "Operating Income": 4,
        "EBIT": 6,
        "Net Income": 3
    },
    "2012-05-31": {
        "Diluted EPS": 0.24,
        "Total Revenue": 46,
        "Gross Profit": 13,
        "Operating Income": 6,
        "EBIT": 7,
        "Net Income": 5
    },
    "2012-02-29": {
        "Diluted EPS": 0.15,
        "Total Revenue": 44,
        "Gross Profit": 11,
        "Operating Income": 3,
        "EBIT": 5,
        "Net Income": 3
    },
    "2011-11-30": {
        "Diluted EPS": 0.26,
        "Total Revenue": 47,
        "Gross Profit": 13,
        "Operating Income": 6,
        "EBIT": 8,
        "Net Income": 5
    },
    "2011-08-31": {
        "Diluted EPS": 0.37,
        "Total Revenue": 50,
        "Gross Profit": 15,
        "Operating Income": 8,
        "EBIT": 9,
        "Net Income": 8
    },
    "2011-05-31": {
        "Diluted EPS": 0.35,
        "Total Revenue": 52,
        "Gross Profit": 16,
        "Operating Income": 8,
        "EBIT": 10,
        "Net Income": 7
    },
    "2011-02-28": {
        "Diluted EPS": 0.4,
        "Total Revenue": 51,
        "Gross Profit": 17,
        "Operating Income": 10,
        "EBIT": 12,
        "Net Income": 8
    },
    "2010-11-30": {
        "Diluted EPS": 0.24,
        "Total Revenue": 47,
        "Gross Profit": 14,
        "Operating Income": 7,
        "EBIT": 9,
        "Net Income": 5
    },
    "2010-08-31": {
        "Diluted EPS": 0.46,
        "Total Revenue": 55,
        "Gross Profit": 18,
        "Operating Income": 11,
        "EBIT": 13,
        "Net Income": 9
    },
    "2010-05-31": {
        "Diluted EPS": 0.48,
        "Total Revenue": 59,
        "Gross Profit": 20,
        "Operating Income": 12,
        "EBIT": 14,
        "Net Income": 10
    },
    "2010-02-28": {
        "Diluted EPS": 0.5,
        "Total Revenue": 50,
        "Gross Profit": 18,
        "Operating Income": 10,
        "EBIT": 13,
        "Net Income": 10
    },
    "2009-11-30": {
        "Diluted EPS": 0.35,
        "Total Revenue": 46,
        "Gross Profit": 14,
        "Operating Income": 8,
        "EBIT": 9,
        "Net Income": 7
    },
    "2009-08-31": {
        "Diluted EPS": 0.23,
        "Total Revenue": 43,
        "Gross Profit": 11,
        "Operating Income": 6,
        "EBIT": 7,
        "Net Income": 5
    },
    "2009-05-31": {
        "Diluted EPS": 0.15,
        "Total Revenue": 37,
        "Gross Profit": 9,
        "Operating Income": 3,
        "EBIT": 5,
        "Net Income": 3
    },
    "2009-02-28": {
        "Diluted EPS": 0.96,
        "Total Revenue": 35,
        "Gross Profit": 8,
        "Operating Income": -4,
        "EBIT": 0,
        "Net Income": 20
    },
    "2023-08-31": {
        "Tax Effect Of Unusual Items": 0.0,
        "Tax Rate For Calcs": 0.262,
        "Normalized EBITDA": 2565000.0,
        "Total Unusual Items": 0.0,
        "Total Unusual Items Excluding Goodwill": 0.0,
        "Net Income From Continuing Operation Net Minority Interest": 1746000.0,
        "Reconciled Depreciation": 339000.0,
        "Reconciled Cost Of Revenue": 8402000.0,
        "EBITDA": 2565000.0,
        "EBIT": 2226000.0,
        "Net Interest Income": 139000.0,
        "Interest Income": 139000.0,
        "Normalized Income": 1746000.0,
        "Net Income From Continuing And Discontinued Operation": 1746000.0,
        "Total Expenses": 10255000.0,
        "Total Operating Income As Reported": 2226000.0,
        "Diluted Average Shares": 20338000.0,
        "Basic Average Shares": 20256000.0,
        "Diluted EPS": 0.09,
        "Basic EPS": 0.09,
        "Diluted NI Availto Com Stockholders": 1746000.0,
        "Net Income Common Stockholders": 1746000.0,
        "Net Income": 1746000.0,
        "Net Income Including Noncontrolling Interests": 1746000.0,
        "Net Income Continuous Operations": 1746000.0,
        "Tax Provision": 619000.0,
        "Pretax Income": 2365000.0,
        "Other Income Expense": NaN,
        "Special Income Charges": 0.0,
        "Other Special Charges": NaN,
        "Net Non Operating Interest Income Expense": 139000.0,
        "Interest Income Non Operating": 139000.0,
        "Operating Income": 2226000.0,
        "Operating Expense": 1853000.0,
        "Selling General And Administration": 1853000.0,
        "Gross Profit": 4079000.0,
        "Cost Of Revenue": 8402000.0,
        "Total Revenue": 12481000.0,
        "Operating Revenue": 12481000.0
    },
    "2023-11-30": {
        "Tax Effect Of Unusual Items": 0.0,
        "Tax Rate For Calcs": 0.26,
        "Normalized EBITDA": 1705000.0,
        "Total Unusual Items": NaN,
        "Total Unusual Items Excluding Goodwill": NaN,
        "Net Income From Continuing Operation Net Minority Interest": 1203000.0,
        "Reconciled Depreciation": 340000.0,
        "Reconciled Cost Of Revenue": 8470000.0,
        "EBITDA": 1705000.0,
        "EBIT": 1365000.0,
        "Net Interest Income": 261000.0,
        "Interest Income": 261000.0,
        "Normalized Income": 1203000.0,
        "Net Income From Continuing And Discontinued Operation": 1203000.0,
        "Total Expenses": 10274000.0,
        "Total Operating Income As Reported": 1365000.0,
        "Diluted Average Shares": 20250986.0,
        "Basic Average Shares": 20250986.0,
        "Diluted EPS": 0.059405,
        "Basic EPS": 0.059405,
        "Diluted NI Availto Com Stockholders": 1203000.0,
        "Net Income Common Stockholders": 1203000.0,
        "Net Income": 1203000.0,
        "Net Income Including Noncontrolling Interests": 1203000.0,
        "Net Income Continuous Operations": 1203000.0,
        "Tax Provision": 423000.0,
        "Pretax Income": 1626000.0,
        "Other Income Expense": NaN,
        "Special Income Charges": NaN,
        "Other Special Charges": NaN,
        "Net Non Operating Interest Income Expense": 261000.0,
        "Interest Income Non Operating": 261000.0,
        "Operating Income": 1365000.0,
        "Operating Expense": 1804000.0,
        "Selling General And Administration": 1804000.0,
        "Gross Profit": 3169000.0,
        "Cost Of Revenue": 8470000.0,
        "Total Revenue": 11639000.0,
        "Operating Revenue": 11639000.0
    },
    "2024-02-29": {
        "Tax Effect Of Unusual Items": 0.0,
        "Tax Rate For Calcs": 0.07931,
        "Normalized EBITDA": 2989000.0,
        "Total Unusual Items": NaN,
        "Total Unusual Items Excluding Goodwill": NaN,
        "Net Income From Continuing Operation Net Minority Interest": 2670000.0,
        "Reconciled Depreciation": 418000.0,
        "Reconciled Cost Of Revenue": 11880000.0,
        "EBITDA": 2989000.0,
        "EBIT": 2571000.0,
        "Net Interest Income": 329000.0,
        "Interest Income": 329000.0,
        "Normalized Income": 2670000.0,
        "Net Income From Continuing And Discontinued Operation": 2670000.0,
        "Total Expenses": 13762000.0,
        "Total Operating Income As Reported": 2571000.0,
        "Diluted Average Shares": 20357000.0,
        "Basic Average Shares": 20253000.0,
        "Diluted EPS": 0.13,
        "Basic EPS": 0.13,
        "Diluted NI Availto Com Stockholders": 2670000.0,
        "Net Income Common Stockholders": 2670000.0,
        "Net Income": 2670000.0,
        "Net Income Including Noncontrolling Interests": 2670000.0,
        "Net Income Continuous Operations": 2670000.0,
        "Tax Provision": 230000.0,
        "Pretax Income": 2900000.0,
        "Other Income Expense": NaN,
        "Special Income Charges": NaN,
        "Other Special Charges": NaN,
        "Net Non Operating Interest Income Expense": 329000.0,
        "Interest Income Non Operating": 329000.0,
        "Operating Income": 2571000.0,
        "Operating Expense": 1882000.0,
        "Selling General And Administration": 1882000.0,
        "Gross Profit": 4453000.0,
        "Cost Of Revenue": 11880000.0,
        "Total Revenue": 16333000.0,
        "Operating Revenue": 16333000.0
    },
    "2024-05-31": {
        "Tax Effect Of Unusual Items": -289300.0,
        "Tax Rate For Calcs": 0.275,
        "Normalized EBITDA": 3573000.0,
        "Total Unusual Items": -1052000.0,
        "Total Unusual Items Excluding Goodwill": -1052000.0,
        "Net Income From Continuing Operation Net Minority Interest": 993000.0,
        "Reconciled Depreciation": 439000.0,
        "Reconciled Cost Of Revenue": 9871000.0,
        "EBITDA": 2521000.0,
        "EBIT": 2082000.0,
        "Net Interest Income": 339000.0,
        "Interest Income": 339000.0,
        "Normalized Income": 1755700.0,
        "Net Income From Continuing And Discontinued Operation": 993000.0,
        "Total Expenses": 11888000.0,
        "Total Operating Income As Reported": 2082000.0,
        "Diluted Average Shares": 20371000.0,
        "Basic Average Shares": 20253000.0,
        "Diluted EPS": 0.05,
        "Basic EPS": 0.05,
        "Diluted NI Availto Com Stockholders": 993000.0,
        "Net Income Common Stockholders": 993000.0,
        "Net Income": 993000.0,
        "Net Income Including Noncontrolling Interests": 993000.0,
        "Net Income Continuous Operations": 993000.0,
        "Tax Provision": 376000.0,
        "Pretax Income": 1369000.0,
        "Other Income Expense": -1052000.0,
        "Special Income Charges": -1052000.0,
        "Other Special Charges": 1052000.0,
        "Net Non Operating Interest Income Expense": 339000.0,
        "Interest Income Non Operating": 339000.0,
        "Operating Income": 2082000.0,
        "Operating Expense": 2017000.0,
        "Selling General And Administration": 2017000.0,
        "Gross Profit": 4099000.0,
        "Cost Of Revenue": 9871000.0,
        "Total Revenue": 13970000.0,
        "Operating Revenue": 13970000.0
    },
    "2024-08-31": {
        "Tax Effect Of Unusual Items": -12236.0,
        "Tax Rate For Calcs": 0.266,
        "Normalized EBITDA": 3151000.0,
        "Total Unusual Items": -46000.0,
        "Total Unusual Items Excluding Goodwill": -46000.0,
        "Net Income From Continuing Operation Net Minority Interest": 2066000.0,
        "Reconciled Depreciation": 488000.0,
        "Reconciled Cost Of Revenue": 11952000.0,
        "EBITDA": 3105000.0,
        "EBIT": 2617000.0,
        "Net Interest Income": 245000.0,
        "Interest Income": 245000.0,
        "Normalized Income": 2099764.0,
        "Net Income From Continuing And Discontinued Operation": 2066000.0,
        "Total Expenses": 14092000.0,
        "Total Operating Income As Reported": 2617000.0,
        "Diluted Average Shares": 20105790.0,
        "Basic Average Shares": 20105790.0,
        "Diluted EPS": 0.102008,
        "Basic EPS": 0.102008,
        "Diluted NI Availto Com Stockholders": 2066000.0,
        "Net Income Common Stockholders": 2066000.0,
        "Net Income": 2066000.0,
        "Net Income Including Noncontrolling Interests": 2066000.0,
        "Net Income Continuous Operations": 2066000.0,
        "Tax Provision": 750000.0,
        "Pretax Income": 2816000.0,
        "Other Income Expense": -46000.0,
        "Special Income Charges": -46000.0,
        "Other Special Charges": 46000.0,
        "Net Non Operating Interest Income Expense": 245000.0,
        "Interest Income Non Operating": 245000.0,
        "Operating Income": 2617000.0,
        "Operating Expense": 2140000.0,
        "Selling General And Administration": 2140000.0,
        "Gross Profit": 4757000.0,
        "Cost Of Revenue": 11952000.0,
        "Total Revenue": 16709000.0,
        "Operating Revenue": 16709000.0
    }
}