{
    "2023-03-31": {
        "Tax Effect Of Unusual Items": -425000.0,
        "Tax Rate For Calcs": 0.25,
        "Normalized EBITDA": 30300000.0,
        "Total Unusual Items": -1700000.0,
        "Total Unusual Items Excluding Goodwill": -1700000.0,
        "Net Income From Continuing Operation Net Minority Interest": 7500000.0,
        "Reconciled Depreciation": 7700000.0,
        "Reconciled Cost Of Revenue": 356300000.0,
        "EBITDA": 28600000.0,
        "EBIT": 20900000.0,
        "Net Interest Income": -10700000.0,
        "Interest Expense": 10700000.0,
        "Normalized Income": 8775000.0,
        "Net Income From Continuing And Discontinued Operation": 5800000.0,
        "Total Expenses": 400900000.0,
        "Total Operating Income As Reported": 20200000.0,
        "Diluted Average Shares": 12300000.0,
        "Basic Average Shares": 12200000.0,
        "Diluted EPS": 0.47,
        "Basic EPS": 0.47,
        "Diluted NI Availto Com Stockholders": 5800000.0,
        "Net Income Common Stockholders": 5800000.0,
        "Net Income": 5800000.0,
        "Minority Interests": -100000.0,
        "Net Income Including Noncontrolling Interests": 5900000.0,
        "Net Income Discontinuous Operations": -1700000.0,
        "Net Income Continuous Operations": 7600000.0,
        "Tax Provision": 2600000.0,
        "Pretax Income": 10200000.0,
        "Other Income Expense": -1700000.0,
        "Other Non Operating Income Expenses": 700000.0,
        "Special Income Charges": -1700000.0,
        "Gain On Sale Of Ppe": 800000.0,
        "Restructuring And Mergern Acquisition": 2500000.0,
        "Net Non Operating Interest Income Expense": -10700000.0,
        "Interest Expense Non Operating": 10700000.0,
        "Operating Income": 22600000.0,
        "Operating Expense": 44600000.0,
        "Selling General And Administration": 44600000.0,
        "General And Administrative Expense": 44600000.0,
        "Other Gand A": 45300000.0,
        "Salaries And Wages": -700000.0,
        "Gross Profit": 67200000.0,
        "Cost Of Revenue": 356300000.0,
        "Total Revenue": 423500000.0,
        "Operating Revenue": 423500000.0
    },
    "2022-12-31": {
        "Tax Effect Of Unusual Items": -3738000.0,
        "Tax Rate For Calcs": 0.21,
        "Normalized EBITDA": 33400000.0,
        "Total Unusual Items": -17800000.0,
        "Total Unusual Items Excluding Goodwill": -17800000.0,
        "Net Income From Continuing Operation Net Minority Interest": 300000.0,
        "Reconciled Depreciation": 2000000.0,
        "Reconciled Cost Of Revenue": 153500000.0,
        "EBITDA": 15600000.0,
        "EBIT": 13600000.0,
        "Net Interest Income": -8100000.0,
        "Interest Expense": 8100000.0,
        "Normalized Income": 14362000.0,
        "Net Income From Continuing And Discontinued Operation": -24000000.0,
        "Total Expenses": 178700000.0,
        "Total Operating Income As Reported": 10800000.0,
        "Diluted Average Shares": 12100000.0,
        "Basic Average Shares": 12100000.0,
        "Diluted EPS": -1.98,
        "Basic EPS": -1.98,
        "Diluted NI Availto Com Stockholders": -24000000.0,
        "Net Income Common Stockholders": -24000000.0,
        "Net Income": -24000000.0,
        "Minority Interests": -200000.0,
        "Net Income Including Noncontrolling Interests": -23800000.0,
        "Net Income Discontinuous Operations": NaN,
        "Net Income Continuous Operations": 500000.0,
        "Tax Provision": 5000000.0,
        "Pretax Income": 5500000.0,
        "Other Income Expense": -17800000.0,
        "Other Non Operating Income Expenses": 2800000.0,
        "Special Income Charges": -17800000.0,
        "Gain On Sale Of Ppe": -500000.0,
        "Restructuring And Mergern Acquisition": NaN,
        "Net Non Operating Interest Income Expense": -8100000.0,
        "Interest Expense Non Operating": 8100000.0,
        "Operating Income": 31400000.0,
        "Operating Expense": 25200000.0,
        "Selling General And Administration": 25200000.0,
        "General And Administrative Expense": 25200000.0,
        "Other Gand A": 28000000.0,
        "Salaries And Wages": -2800000.0,
        "Gross Profit": 56600000.0,
        "Cost Of Revenue": 153500000.0,
        "Total Revenue": 210100000.0,
        "Operating Revenue": 210100000.0
    },
    "2022-09-30": {
        "Tax Effect Of Unusual Items": 0.0,
        "Tax Rate For Calcs": 0.4,
        "Normalized EBITDA": 19000000.0,
        "Total Unusual Items": 0.0,
        "Total Unusual Items Excluding Goodwill": 0.0,
        "Net Income From Continuing Operation Net Minority Interest": 2700000.0,
        "Reconciled Depreciation": 9300000.0,
        "Reconciled Cost Of Revenue": 385400000.0,
        "EBITDA": 19000000.0,
        "EBIT": 9700000.0,
        "Net Interest Income": -9600000.0,
        "Interest Expense": 9600000.0,
        "Normalized Income": 2700000.0,
        "Net Income From Continuing And Discontinued Operation": 2700000.0,
        "Total Expenses": 428800000.0,
        "Total Operating Income As Reported": 7000000.0,
        "Diluted Average Shares": 12200000.0,
        "Basic Average Shares": 12100000.0,
        "Diluted EPS": 0.22,
        "Basic EPS": 0.22,
        "Diluted NI Availto Com Stockholders": 2700000.0,
        "Net Income Common Stockholders": 2700000.0,
        "Net Income": 2700000.0,
        "Minority Interests": -400000.0,
        "Net Income Including Noncontrolling Interests": 3100000.0,
        "Net Income Discontinuous Operations": NaN,
        "Net Income Continuous Operations": 3100000.0,
        "Tax Provision": -3000000.0,
        "Pretax Income": 100000.0,
        "Other Income Expense": 2700000.0,
        "Other Non Operating Income Expenses": 2700000.0,
        "Special Income Charges": 0.0,
        "Gain On Sale Of Ppe": 0.0,
        "Restructuring And Mergern Acquisition": NaN,
        "Net Non Operating Interest Income Expense": -9600000.0,
        "Interest Expense Non Operating": 9600000.0,
        "Operating Income": 7000000.0,
        "Operating Expense": 43400000.0,
        "Selling General And Administration": 43400000.0,
        "Gross Profit": 50400000.0,
        "Cost Of Revenue": 385400000.0,
        "Total Revenue": 435800000.0,
        "Operating Revenue": 435800000.0
    },
    "2022-06-30": {
        "Tax Effect Of Unusual Items": 922727.272727,
        "Tax Rate For Calcs": 0.318182,
        "Normalized EBITDA": 7600000.0,
        "Total Unusual Items": 2900000.0,
        "Total Unusual Items Excluding Goodwill": 2900000.0,
        "Net Income From Continuing Operation Net Minority Interest": 1000000.0,
        "Reconciled Depreciation": 9200000.0,
        "Reconciled Cost Of Revenue": 378800000.0,
        "EBITDA": 10500000.0,
        "EBIT": 10500000.0,
        "Net Interest Income": -8300000.0,
        "Interest Expense": 8300000.0,
        "Normalized Income": -977272.727273,
        "Net Income From Continuing And Discontinued Operation": 1000000.0,
        "Total Expenses": 423800000.0,
        "Total Operating Income As Reported": 7700000.0,
        "Diluted Average Shares": 12200000.0,
        "Basic Average Shares": 12100000.0,
        "Diluted EPS": 0.08,
        "Basic EPS": 0.08,
        "Diluted NI Availto Com Stockholders": 1000000.0,
        "Net Income Common Stockholders": 1000000.0,
        "Net Income": 1000000.0,
        "Minority Interests": -500000.0,
        "Net Income Including Noncontrolling Interests": 1500000.0,
        "Net Income Discontinuous Operations": NaN,
        "Net Income Continuous Operations": 1500000.0,
        "Tax Provision": 700000.0,
        "Pretax Income": 2200000.0,
        "Other Income Expense": 5700000.0,
        "Other Non Operating Income Expenses": 2800000.0,
        "Special Income Charges": 2900000.0,
        "Gain On Sale Of Ppe": 2900000.0,
        "Restructuring And Mergern Acquisition": NaN,
        "Net Non Operating Interest Income Expense": -8300000.0,
        "Interest Expense Non Operating": 8300000.0,
        "Operating Income": 4800000.0,
        "Operating Expense": 45000000.0,
        "Selling General And Administration": 45000000.0,
        "Gross Profit": 49800000.0,
        "Cost Of Revenue": 378800000.0,
        "Total Revenue": 428600000.0,
        "Operating Revenue": 428600000.0
    },
    "2022-03-31": {
        "Diluted EPS": 0.5,
        "Total Revenue": 358,
        "Gross Profit": 49,
        "Operating Income": 5,
        "EBIT": 13,
        "Net Income": 6
    },
    "2021-12-31": {
        "Diluted EPS": -1.43,
        "Total Revenue": 209,
        "Gross Profit": 46,
        "Operating Income": 12,
        "EBIT": 14,
        "Net Income": -18
    },
    "2021-09-30": {
        "Diluted EPS": -0.6,
        "Total Revenue": 359,
        "Gross Profit": 40,
        "Operating Income": -5,
        "EBIT": 5,
        "Net Income": -7
    },
    "2021-06-30": {
        "Diluted EPS": -0.44,
        "Total Revenue": 350,
        "Gross Profit": 40,
        "Operating Income": -3,
        "EBIT": 7,
        "Net Income": -5
    },
    "2021-03-31": {
        "Diluted EPS": 0.45,
        "Total Revenue": 360,
        "Gross Profit": 52,
        "Operating Income": 12,
        "EBIT": 22,
        "Net Income": 6
    },
    "2020-12-31": {
        "Diluted EPS": 0.47,
        "Total Revenue": 217,
        "Gross Profit": 48,
        "Operating Income": 15,
        "EBIT": 17,
        "Net Income": 6
    },
    "2020-09-30": {
        "Diluted EPS": 0.44,
        "Total Revenue": 340,
        "Gross Profit": 50,
        "Operating Income": 11,
        "EBIT": 20,
        "Net Income": 5
    },
    "2020-06-30": {
        "Diluted EPS": -1.38,
        "Total Revenue": 228,
        "Gross Profit": 14,
        "Operating Income": -21,
        "EBIT": -12,
        "Net Income": -17
    },
    "2020-03-31": {
        "Diluted EPS": 0.1,
        "Total Revenue": 366,
        "Gross Profit": 54,
        "Operating Income": 13,
        "EBIT": 22,
        "Net Income": 1
    },
    "2019-12-31": {
        "Diluted EPS": 0.62,
        "Total Revenue": 380,
        "Gross Profit": 62,
        "Operating Income": 18,
        "EBIT": 26,
        "Net Income": 8
    },
    "2019-09-30": {
        "Diluted EPS": 0.99,
        "Total Revenue": 403,
        "Gross Profit": 67,
        "Operating Income": 24,
        "EBIT": 32,
        "Net Income": 12
    },
    "2019-06-30": {
        "Diluted EPS": 0.61,
        "Total Revenue": 415,
        "Gross Profit": 66,
        "Operating Income": 19,
        "EBIT": 28,
        "Net Income": 8
    },
    "2019-03-31": {
        "Diluted EPS": 0.9,
        "Total Revenue": 420,
        "Gross Profit": 65,
        "Operating Income": 23,
        "EBIT": 32,
        "Net Income": 11
    },
    "2018-12-31": {
        "Diluted EPS": 1.18,
        "Total Revenue": 406,
        "Gross Profit": 67,
        "Operating Income": 23,
        "EBIT": 32,
        "Net Income": 15
    },
    "2018-09-30": {
        "Diluted EPS": 1.14,
        "Total Revenue": 414,
        "Gross Profit": 66,
        "Operating Income": 25,
        "EBIT": 34,
        "Net Income": 14
    },
    "2018-06-30": {
        "Diluted EPS": 1.18,
        "Total Revenue": 432,
        "Gross Profit": 73,
        "Operating Income": 27,
        "EBIT": 36,
        "Net Income": 15
    },
    "2018-03-31": {
        "Diluted EPS": 0.78,
        "Total Revenue": 406,
        "Gross Profit": 65,
        "Operating Income": 22,
        "EBIT": 31,
        "Net Income": 10
    },
    "2017-12-31": {
        "Diluted EPS": 0.47,
        "Total Revenue": 366,
        "Gross Profit": 61,
        "Operating Income": 22,
        "EBIT": 30,
        "Net Income": 6
    },
    "2017-09-30": {
        "Diluted EPS": 0.8,
        "Total Revenue": 352,
        "Gross Profit": 57,
        "Operating Income": 19,
        "EBIT": 27,
        "Net Income": 10
    },
    "2017-06-30": {
        "Diluted EPS": 0.24,
        "Total Revenue": 351,
        "Gross Profit": 60,
        "Operating Income": 23,
        "EBIT": 31,
        "Net Income": 3
    },
    "2017-03-31": {
        "Diluted EPS": 0.79,
        "Total Revenue": 344,
        "Gross Profit": 55,
        "Operating Income": 21,
        "EBIT": 28,
        "Net Income": 10
    },
    "2016-12-31": {
        "Diluted EPS": 0.53,
        "Total Revenue": 307,
        "Gross Profit": 45,
        "Operating Income": 11,
        "EBIT": 18,
        "Net Income": 7
    },
    "2016-09-30": {
        "Diluted EPS": 1.1,
        "Total Revenue": 313,
        "Gross Profit": 54,
        "Operating Income": 21,
        "EBIT": 28,
        "Net Income": 14
    },
    "2016-06-30": {
        "Diluted EPS": 0.73,
        "Total Revenue": 329,
        "Gross Profit": 54,
        "Operating Income": 20,
        "EBIT": 28,
        "Net Income": 9
    },
    "2016-03-31": {
        "Diluted EPS": 0.22,
        "Total Revenue": 328,
        "Gross Profit": 48,
        "Operating Income": 11,
        "EBIT": 19,
        "Net Income": 3
    },
    "2015-12-31": {
        "Diluted EPS": 0.95,
        "Total Revenue": 347,
        "Gross Profit": 54,
        "Operating Income": 21,
        "EBIT": 28,
        "Net Income": 12
    },
    "2015-09-30": {
        "Diluted EPS": 1.06,
        "Total Revenue": 364,
        "Gross Profit": 62,
        "Operating Income": 27,
        "EBIT": 35,
        "Net Income": 13
    },
    "2015-06-30": {
        "Diluted EPS": 1.0,
        "Total Revenue": 377,
        "Gross Profit": 60,
        "Operating Income": 26,
        "EBIT": 33,
        "Net Income": 12
    },
    "2015-03-31": {
        "Diluted EPS": 0.87,
        "Total Revenue": 375,
        "Gross Profit": 58,
        "Operating Income": 24,
        "EBIT": 31,
        "Net Income": 11
    },
    "2014-12-31": {
        "Diluted EPS": 0.86,
        "Total Revenue": 373,
        "Gross Profit": 57,
        "Operating Income": 23,
        "EBIT": 30,
        "Net Income": 11
    },
    "2014-09-30": {
        "Diluted EPS": 1.0,
        "Total Revenue": 345,
        "Gross Profit": 61,
        "Operating Income": 26,
        "EBIT": 32,
        "Net Income": 12
    },
    "2014-06-30": {
        "Diluted EPS": 1.0,
        "Total Revenue": 343,
        "Gross Profit": 61,
        "Operating Income": 26,
        "EBIT": 31,
        "Net Income": 12
    },
    "2014-03-31": {
        "Diluted EPS": 0.82,
        "Total Revenue": 318,
        "Gross Profit": 56,
        "Operating Income": 22,
        "EBIT": 28,
        "Net Income": 10
    },
    "2013-12-31": {
        "Diluted EPS": 0.74,
        "Total Revenue": 309,
        "Gross Profit": 47,
        "Operating Income": 19,
        "EBIT": 25,
        "Net Income": 9
    },
    "2013-09-30": {
        "Diluted EPS": 0.99,
        "Total Revenue": 304,
        "Gross Profit": 55,
        "Operating Income": 18,
        "EBIT": 22,
        "Net Income": 12
    },
    "2013-06-30": {
        "Diluted EPS": 0.98,
        "Total Revenue": 307,
        "Gross Profit": 58,
        "Operating Income": 25,
        "EBIT": 30,
        "Net Income": 12
    },
    "2013-03-31": {
        "Diluted EPS": 0.85,
        "Total Revenue": 283,
        "Gross Profit": 52,
        "Operating Income": 23,
        "EBIT": 28,
        "Net Income": 10
    },
    "2012-12-31": {
        "Diluted EPS": 0.63,
        "Total Revenue": 271,
        "Gross Profit": 48,
        "Operating Income": 23,
        "EBIT": 28,
        "Net Income": 8
    },
    "2012-09-30": {
        "Diluted EPS": 0.88,
        "Total Revenue": 285,
        "Gross Profit": 54,
        "Operating Income": 24,
        "EBIT": 29,
        "Net Income": 11
    },
    "2012-06-30": {
        "Diluted EPS": 0.37,
        "Total Revenue": 309,
        "Gross Profit": 56,
        "Operating Income": 13,
        "EBIT": 18,
        "Net Income": 4
    },
    "2012-03-31": {
        "Diluted EPS": 0.74,
        "Total Revenue": 263,
        "Gross Profit": 49,
        "Operating Income": 20,
        "EBIT": 24,
        "Net Income": 9
    },
    "2011-12-31": {
        "Diluted EPS": 1.58,
        "Total Revenue": 229,
        "Gross Profit": 39,
        "Operating Income": 17,
        "EBIT": 22,
        "Net Income": 19
    },
    "2011-09-30": {
        "Diluted EPS": 0.24,
        "Total Revenue": 244,
        "Gross Profit": 42,
        "Operating Income": 10,
        "EBIT": 14,
        "Net Income": 3
    },
    "2011-06-30": {
        "Diluted EPS": -0.1,
        "Total Revenue": 247,
        "Gross Profit": 45,
        "Operating Income": 16,
        "EBIT": 21,
        "Net Income": -1
    },
    "2011-03-31": {
        "Diluted EPS": 0.73,
        "Total Revenue": 242,
        "Gross Profit": 42,
        "Operating Income": 16,
        "EBIT": 20,
        "Net Income": 9
    },
    "2010-12-31": {
        "Diluted EPS": 0.3,
        "Total Revenue": 221,
        "Gross Profit": 36,
        "Operating Income": 8,
        "EBIT": 13,
        "Net Income": 4
    },
    "2010-09-30": {
        "Diluted EPS": 0.52,
        "Total Revenue": 203,
        "Gross Profit": 35,
        "Operating Income": 12,
        "EBIT": 15,
        "Net Income": 6
    },
    "2010-06-30": {
        "Diluted EPS": 0.29,
        "Total Revenue": 198,
        "Gross Profit": 33,
        "Operating Income": 11,
        "EBIT": 15,
        "Net Income": 3
    },
    "2010-03-31": {
        "Diluted EPS": 0.18,
        "Total Revenue": 192,
        "Gross Profit": 29,
        "Operating Income": 8,
        "EBIT": 13,
        "Net Income": 2
    },
    "2009-12-31": {
        "Diluted EPS": 0.03,
        "Total Revenue": 188,
        "Gross Profit": 28,
        "Operating Income": 3,
        "EBIT": 8,
        "Net Income": 0
    },
    "2009-09-30": {
        "Diluted EPS": -0.29,
        "Total Revenue": 169,
        "Gross Profit": 23,
        "Operating Income": 3,
        "EBIT": 7,
        "Net Income": -3
    },
    "2009-06-30": {
        "Diluted EPS": 0.29,
        "Total Revenue": 163,
        "Gross Profit": 29,
        "Operating Income": 10,
        "EBIT": 15,
        "Net Income": 3
    },
    "2009-03-31": {
        "Diluted EPS": -0.5,
        "Total Revenue": 181,
        "Gross Profit": 24,
        "Operating Income": 1,
        "EBIT": 6,
        "Net Income": -5
    },
    "2023-06-30": {
        "Tax Effect Of Unusual Items": -984000.0,
        "Tax Rate For Calcs": 0.24,
        "Normalized EBITDA": 31700000.0,
        "Total Unusual Items": -4100000.0,
        "Total Unusual Items Excluding Goodwill": -4100000.0,
        "Net Income From Continuing Operation Net Minority Interest": 7100000.0,
        "Reconciled Depreciation": 7800000.0,
        "Reconciled Cost Of Revenue": 358000000.0,
        "EBITDA": 27600000.0,
        "EBIT": 19800000.0,
        "Net Interest Income": -11100000.0,
        "Interest Expense": 11100000.0,
        "Normalized Income": 10216000.0,
        "Net Income From Continuing And Discontinued Operation": 5400000.0,
        "Total Expenses": 404200000.0,
        "Total Operating Income As Reported": 19200000.0,
        "Diluted Average Shares": 12400000.0,
        "Basic Average Shares": 12200000.0,
        "Diluted EPS": 0.43,
        "Basic EPS": 0.44,
        "Diluted NI Availto Com Stockholders": 5400000.0,
        "Net Income Common Stockholders": 5400000.0,
        "Net Income": 5400000.0,
        "Minority Interests": 500000.0,
        "Net Income Including Noncontrolling Interests": 4900000.0,
        "Net Income Discontinuous Operations": -1700000.0,
        "Net Income Continuous Operations": 6600000.0,
        "Tax Provision": 2100000.0,
        "Pretax Income": 8700000.0,
        "Other Income Expense": -4100000.0,
        "Other Non Operating Income Expenses": 600000.0,
        "Special Income Charges": -4100000.0,
        "Gain On Sale Of Ppe": 0.0,
        "Restructuring And Mergern Acquisition": 4100000.0,
        "Net Non Operating Interest Income Expense": -11100000.0,
        "Interest Expense Non Operating": 11100000.0,
        "Operating Income": 23900000.0,
        "Operating Expense": 46200000.0,
        "Selling General And Administration": 46200000.0,
        "General And Administrative Expense": 46200000.0,
        "Other Gand A": 46800000.0,
        "Salaries And Wages": -600000.0,
        "Gross Profit": 70100000.0,
        "Cost Of Revenue": 358000000.0,
        "Total Revenue": 428100000.0,
        "Operating Revenue": 428100000.0
    },
    "2023-09-30": {
        "Tax Effect Of Unusual Items": 0.0,
        "Tax Rate For Calcs": 0.24,
        "Normalized EBITDA": 35500000.0,
        "Total Unusual Items": 0.0,
        "Total Unusual Items Excluding Goodwill": 0.0,
        "Net Income From Continuing Operation Net Minority Interest": 12500000.0,
        "Reconciled Depreciation": 7900000.0,
        "Reconciled Cost Of Revenue": 348800000.0,
        "EBITDA": 35500000.0,
        "EBIT": 27600000.0,
        "Net Interest Income": -11600000.0,
        "Interest Expense": 11600000.0,
        "Normalized Income": 12500000.0,
        "Net Income From Continuing And Discontinued Operation": 11100000.0,
        "Total Expenses": 391200000.0,
        "Total Operating Income As Reported": 27000000.0,
        "Diluted Average Shares": 12600000.0,
        "Basic Average Shares": 12400000.0,
        "Diluted EPS": 0.88,
        "Basic EPS": 0.9,
        "Diluted NI Availto Com Stockholders": 11100000.0,
        "Net Income Common Stockholders": 11100000.0,
        "Net Income": 11100000.0,
        "Minority Interests": 300000.0,
        "Net Income Including Noncontrolling Interests": 10800000.0,
        "Net Income Discontinuous Operations": -1400000.0,
        "Net Income Continuous Operations": 12200000.0,
        "Tax Provision": 3800000.0,
        "Pretax Income": 16000000.0,
        "Other Income Expense": 600000.0,
        "Other Non Operating Income Expenses": 600000.0,
        "Special Income Charges": 0.0,
        "Gain On Sale Of Ppe": 0.0,
        "Restructuring And Mergern Acquisition": 0.0,
        "Net Non Operating Interest Income Expense": -11600000.0,
        "Interest Expense Non Operating": 11600000.0,
        "Operating Income": 27600000.0,
        "Operating Expense": 42400000.0,
        "Selling General And Administration": 42400000.0,
        "General And Administrative Expense": 42400000.0,
        "Other Gand A": 43000000.0,
        "Salaries And Wages": -600000.0,
        "Gross Profit": 70000000.0,
        "Cost Of Revenue": 348800000.0,
        "Total Revenue": 418800000.0,
        "Operating Revenue": 418800000.0
    },
    "2023-12-31": {
        "Tax Effect Of Unusual Items": 0.0,
        "Tax Rate For Calcs": 0.0,
        "Normalized EBITDA": 26600000.0,
        "Total Unusual Items": 0.0,
        "Total Unusual Items Excluding Goodwill": 0.0,
        "Net Income From Continuing Operation Net Minority Interest": 6900000.0,
        "Reconciled Depreciation": 8300000.0,
        "Reconciled Cost Of Revenue": 325200000.0,
        "EBITDA": 26600000.0,
        "EBIT": 18300000.0,
        "Net Interest Income": -11700000.0,
        "Interest Expense": 11700000.0,
        "Normalized Income": 6900000.0,
        "Net Income From Continuing And Discontinued Operation": -14500000.0,
        "Total Expenses": 371000000.0,
        "Total Operating Income As Reported": 17700000.0,
        "Diluted Average Shares": NaN,
        "Basic Average Shares": NaN,
        "Diluted EPS": NaN,
        "Basic EPS": NaN,
        "Diluted NI Availto Com Stockholders": -14500000.0,
        "Net Income Common Stockholders": -14500000.0,
        "Net Income": -14500000.0,
        "Minority Interests": 300000.0,
        "Net Income Including Noncontrolling Interests": 11400000.0,
        "Net Income Discontinuous Operations": -21400000.0,
        "Net Income Continuous Operations": 6600000.0,
        "Tax Provision": 0.0,
        "Pretax Income": 6600000.0,
        "Other Income Expense": 0.0,
        "Other Non Operating Income Expenses": 600000.0,
        "Special Income Charges": 0.0,
        "Gain On Sale Of Ppe": 0.0,
        "Restructuring And Mergern Acquisition": 0.0,
        "Net Non Operating Interest Income Expense": -11700000.0,
        "Interest Expense Non Operating": 11700000.0,
        "Operating Income": 18300000.0,
        "Operating Expense": 45800000.0,
        "Selling General And Administration": 45800000.0,
        "General And Administrative Expense": 45800000.0,
        "Other Gand A": 46400000.0,
        "Salaries And Wages": -600000.0,
        "Gross Profit": 64100000.0,
        "Cost Of Revenue": 325200000.0,
        "Total Revenue": 389300000.0,
        "Operating Revenue": 389300000.0
    },
    "2024-03-31": {
        "Tax Effect Of Unusual Items": -75000.0,
        "Tax Rate For Calcs": 0.25,
        "Normalized EBITDA": 34000000.0,
        "Total Unusual Items": -300000.0,
        "Total Unusual Items Excluding Goodwill": -300000.0,
        "Net Income From Continuing Operation Net Minority Interest": 10600000.0,
        "Reconciled Depreciation": 8400000.0,
        "Reconciled Cost Of Revenue": 346200000.0,
        "EBITDA": 33700000.0,
        "EBIT": 25300000.0,
        "Net Interest Income": -11900000.0,
        "Interest Expense": 11900000.0,
        "Normalized Income": 10825000.0,
        "Net Income From Continuing And Discontinued Operation": 9600000.0,
        "Total Expenses": 392000000.0,
        "Total Operating Income As Reported": 24000000.0,
        "Diluted Average Shares": 12800000.0,
        "Basic Average Shares": 12400000.0,
        "Diluted EPS": 0.77,
        "Basic EPS": 0.77,
        "Diluted NI Availto Com Stockholders": 9600000.0,
        "Net Income Common Stockholders": 9600000.0,
        "Net Income": 9600000.0,
        "Minority Interests": 500000.0,
        "Net Income Including Noncontrolling Interests": 9100000.0,
        "Net Income Discontinuous Operations": -1000000.0,
        "Net Income Continuous Operations": 10100000.0,
        "Tax Provision": 3300000.0,
        "Pretax Income": 13400000.0,
        "Other Income Expense": -300000.0,
        "Other Non Operating Income Expenses": NaN,
        "Special Income Charges": -300000.0,
        "Gain On Sale Of Ppe": 0.0,
        "Restructuring And Mergern Acquisition": 300000.0,
        "Net Non Operating Interest Income Expense": -11900000.0,
        "Interest Expense Non Operating": 11900000.0,
        "Operating Income": 25600000.0,
        "Operating Expense": 45800000.0,
        "Selling General And Administration": 45800000.0,
        "General And Administrative Expense": 45800000.0,
        "Other Gand A": 47100000.0,
        "Salaries And Wages": -1300000.0,
        "Gross Profit": 71400000.0,
        "Cost Of Revenue": 346200000.0,
        "Total Revenue": 417600000.0,
        "Operating Revenue": 417600000.0
    }
}