{
    "2023-04-30": {
        "Tax Effect Of Unusual Items": 2840270.0,
        "Tax Rate For Calcs": 0.265,
        "Normalized EBITDA": 90012000.0,
        "Total Unusual Items": 10718000.0,
        "Total Unusual Items Excluding Goodwill": 10718000.0,
        "Net Income From Continuing Operation Net Minority Interest": 39929000.0,
        "Reconciled Depreciation": 19980000.0,
        "Reconciled Cost Of Revenue": 140904000.0,
        "EBITDA": 100730000.0,
        "EBIT": 80750000.0,
        "Net Interest Income": 2853000.0,
        "Interest Expense": 134000.0,
        "Interest Income": 2987000.0,
        "Normalized Income": 32051270.0,
        "Net Income From Continuing And Discontinued Operation": 39929000.0,
        "Total Expenses": 162261000.0,
        "Total Operating Income As Reported": 67045000.0,
        "Diluted Average Shares": 61507000.0,
        "Basic Average Shares": 61138000.0,
        "Diluted EPS": 0.65,
        "Basic EPS": 0.65,
        "Diluted NI Availto Com Stockholders": 39929000.0,
        "Average Dilution Earnings": 0.0,
        "Net Income Common Stockholders": 39929000.0,
        "Net Income": 39929000.0,
        "Minority Interests": -19344000.0,
        "Net Income Including Noncontrolling Interests": 59273000.0,
        "Net Income Continuous Operations": 59273000.0,
        "Tax Provision": 21343000.0,
        "Pretax Income": 80616000.0,
        "Other Income Expense": 10718000.0,
        "Gain On Sale Of Security": 10718000.0,
        "Net Non Operating Interest Income Expense": 2853000.0,
        "Interest Expense Non Operating": 134000.0,
        "Interest Income Non Operating": 2987000.0,
        "Operating Income": 67045000.0,
        "Operating Expense": 21357000.0,
        "Research And Development": 3479000.0,
        "Selling General And Administration": 17878000.0,
        "Gross Profit": 88402000.0,
        "Cost Of Revenue": 140904000.0,
        "Total Revenue": 229306000.0,
        "Operating Revenue": 229306000.0
    },
    "2023-01-31": {
        "Tax Effect Of Unusual Items": -5134032.0,
        "Tax Rate For Calcs": 0.303,
        "Normalized EBITDA": 77646000.0,
        "Total Unusual Items": -16944000.0,
        "Total Unusual Items Excluding Goodwill": -16944000.0,
        "Net Income From Continuing Operation Net Minority Interest": 13986000.0,
        "Reconciled Depreciation": 19105000.0,
        "Reconciled Cost Of Revenue": 135013000.0,
        "EBITDA": 60702000.0,
        "EBIT": 41597000.0,
        "Net Interest Income": 2519000.0,
        "Interest Expense": 65000.0,
        "Interest Income": 2584000.0,
        "Normalized Income": 25795968.0,
        "Net Income From Continuing And Discontinued Operation": 13986000.0,
        "Total Expenses": 155133000.0,
        "Total Operating Income As Reported": 55957000.0,
        "Diluted Average Shares": 61470000.0,
        "Basic Average Shares": 60894000.0,
        "Diluted EPS": 0.23,
        "Basic EPS": 0.23,
        "Diluted NI Availto Com Stockholders": 13986000.0,
        "Average Dilution Earnings": 0.0,
        "Net Income Common Stockholders": 13986000.0,
        "Net Income": 13986000.0,
        "Minority Interests": -14964000.0,
        "Net Income Including Noncontrolling Interests": 28950000.0,
        "Net Income Continuous Operations": 28950000.0,
        "Tax Provision": 12582000.0,
        "Pretax Income": 41532000.0,
        "Other Income Expense": -16944000.0,
        "Gain On Sale Of Security": -16944000.0,
        "Net Non Operating Interest Income Expense": 2519000.0,
        "Interest Expense Non Operating": 65000.0,
        "Interest Income Non Operating": 2584000.0,
        "Operating Income": 55957000.0,
        "Operating Expense": 20120000.0,
        "Research And Development": 3302000.0,
        "Selling General And Administration": 16818000.0,
        "Gross Profit": 76077000.0,
        "Cost Of Revenue": 135013000.0,
        "Total Revenue": 211090000.0,
        "Operating Revenue": 211090000.0
    },
    "2022-10-31": {
        "Tax Effect Of Unusual Items": 2336586.111189,
        "Tax Rate For Calcs": 0.225322,
        "Normalized EBITDA": 80443000.0,
        "Total Unusual Items": 10370000.0,
        "Total Unusual Items Excluding Goodwill": 10370000.0,
        "Net Income From Continuing Operation Net Minority Interest": 37060000.0,
        "Reconciled Depreciation": 19120000.0,
        "Reconciled Cost Of Revenue": 129998000.0,
        "EBITDA": 90813000.0,
        "EBIT": 71693000.0,
        "Net Interest Income": 427000.0,
        "Interest Expense": 355000.0,
        "Interest Income": 782000.0,
        "Normalized Income": 29026586.111189,
        "Net Income From Continuing And Discontinued Operation": 37060000.0,
        "Total Expenses": 149725000.0,
        "Total Operating Income As Reported": 60541000.0,
        "Diluted Average Shares": 61374000.0,
        "Basic Average Shares": 60773000.0,
        "Diluted EPS": 0.6,
        "Basic EPS": 0.61,
        "Diluted NI Availto Com Stockholders": 37060000.0,
        "Average Dilution Earnings": 0.0,
        "Net Income Common Stockholders": 37060000.0,
        "Net Income": 37060000.0,
        "Minority Interests": -18204000.0,
        "Net Income Including Noncontrolling Interests": 55264000.0,
        "Net Income Continuous Operations": 55264000.0,
        "Tax Provision": 16074000.0,
        "Pretax Income": 71338000.0,
        "Other Income Expense": 10370000.0,
        "Gain On Sale Of Security": 10370000.0,
        "Net Non Operating Interest Income Expense": 427000.0,
        "Interest Expense Non Operating": 355000.0,
        "Interest Income Non Operating": 782000.0,
        "Operating Income": 60541000.0,
        "Operating Expense": 19727000.0,
        "Other Operating Expenses": 0.0,
        "Research And Development": 4044000.0,
        "Selling General And Administration": 15683000.0,
        "Gross Profit": 80268000.0,
        "Cost Of Revenue": 129998000.0,
        "Total Revenue": 210266000.0,
        "Operating Revenue": 210266000.0
    },
    "2022-07-31": {
        "Tax Effect Of Unusual Items": 0.0,
        "Tax Rate For Calcs": 0.269348,
        "Normalized EBITDA": 63729000.0,
        "Total Unusual Items": 3862000.0,
        "Total Unusual Items Excluding Goodwill": 3862000.0,
        "Net Income From Continuing Operation Net Minority Interest": 31230000.0,
        "Reconciled Depreciation": 19805000.0,
        "Reconciled Cost Of Revenue": 136085000.0,
        "EBITDA": 63729000.0,
        "EBIT": 63729000.0,
        "Net Interest Income": -221000.0,
        "Interest Expense": 622000.0,
        "Interest Income": 401000.0,
        "Normalized Income": 31230000.0,
        "Net Income From Continuing And Discontinued Operation": 31230000.0,
        "Total Expenses": 156219000.0,
        "Total Operating Income As Reported": 63729000.0,
        "Diluted Average Shares": 61299000.0,
        "Basic Average Shares": 60701000.0,
        "Diluted EPS": 0.51,
        "Basic EPS": 0.51,
        "Diluted NI Availto Com Stockholders": 31230000.0,
        "Average Dilution Earnings": 0.0,
        "Net Income Common Stockholders": 31230000.0,
        "Net Income": 31230000.0,
        "Minority Interests": -17994000.0,
        "Net Income Including Noncontrolling Interests": 49224000.0,
        "Net Income Continuous Operations": 49224000.0,
        "Tax Provision": 18146000.0,
        "Pretax Income": 67370000.0,
        "Other Income Expense": 3641000.0,
        "Other Non Operating Income Expenses": 3641000.0,
        "Gain On Sale Of Security": 3862000.0,
        "Net Non Operating Interest Income Expense": -221000.0,
        "Interest Expense Non Operating": 622000.0,
        "Interest Income Non Operating": 401000.0,
        "Operating Income": 63729000.0,
        "Operating Expense": 20134000.0,
        "Other Operating Expenses": 23000.0,
        "Research And Development": 4151000.0,
        "Selling General And Administration": 15960000.0,
        "Gross Profit": 83863000.0,
        "Cost Of Revenue": 136085000.0,
        "Total Revenue": 219948000.0,
        "Operating Revenue": 219948000.0
    },
    "2022-04-30": {
        "Diluted EPS": 0.45,
        "Total Revenue": 205,
        "Gross Profit": 70,
        "Operating Income": 49,
        "EBIT": 70,
        "Net Income": 27
    },
    "2022-01-31": {
        "Diluted EPS": 0.38,
        "Total Revenue": 190,
        "Gross Profit": 60,
        "Operating Income": 38,
        "EBIT": 59,
        "Net Income": 23
    },
    "2021-10-31": {
        "Diluted EPS": 0.31,
        "Total Revenue": 181,
        "Gross Profit": 52,
        "Operating Income": 34,
        "EBIT": 55,
        "Net Income": 20
    },
    "2021-07-31": {
        "Diluted EPS": 0.28,
        "Total Revenue": 171,
        "Gross Profit": 45,
        "Operating Income": 28,
        "EBIT": 51,
        "Net Income": 17
    },
    "2021-04-30": {
        "Diluted EPS": 0.17,
        "Total Revenue": 160,
        "Gross Profit": 39,
        "Operating Income": 21,
        "EBIT": 44,
        "Net Income": 11
    },
    "2021-01-31": {
        "Diluted EPS": 0.13,
        "Total Revenue": 152,
        "Gross Profit": 31,
        "Operating Income": 12,
        "EBIT": 35,
        "Net Income": 8
    },
    "2020-10-31": {
        "Diluted EPS": 0.09,
        "Total Revenue": 149,
        "Gross Profit": 32,
        "Operating Income": 15,
        "EBIT": 38,
        "Net Income": 6
    },
    "2020-07-31": {
        "Diluted EPS": 0.17,
        "Total Revenue": 158,
        "Gross Profit": 38,
        "Operating Income": 20,
        "EBIT": 43,
        "Net Income": 11
    },
    "2020-04-30": {
        "Diluted EPS": 0.1,
        "Total Revenue": 143,
        "Gross Profit": 30,
        "Operating Income": 13,
        "EBIT": 36,
        "Net Income": 6
    },
    "2020-01-31": {
        "Diluted EPS": 0.16,
        "Total Revenue": 160,
        "Gross Profit": 35,
        "Operating Income": 16,
        "EBIT": 41,
        "Net Income": 10
    },
    "2019-10-31": {
        "Diluted EPS": 0.13,
        "Total Revenue": 156,
        "Gross Profit": 38,
        "Operating Income": 21,
        "EBIT": 45,
        "Net Income": 10
    },
    "2019-07-31": {
        "Diluted EPS": 0.1,
        "Total Revenue": 138,
        "Gross Profit": 31,
        "Operating Income": 13,
        "EBIT": 35,
        "Net Income": 6
    },
    "2019-04-30": {
        "Diluted EPS": 0.13,
        "Total Revenue": 132,
        "Gross Profit": 26,
        "Operating Income": 9,
        "EBIT": 29,
        "Net Income": 8
    },
    "2019-01-31": {
        "Diluted EPS": 0.08,
        "Total Revenue": 125,
        "Gross Profit": 26,
        "Operating Income": 8,
        "EBIT": 27,
        "Net Income": 5
    },
    "2018-10-31": {
        "Diluted EPS": 0.17,
        "Total Revenue": 145,
        "Gross Profit": 35,
        "Operating Income": 18,
        "EBIT": 38,
        "Net Income": 12
    },
    "2018-07-31": {
        "Diluted EPS": 0.18,
        "Total Revenue": 136,
        "Gross Profit": 36,
        "Operating Income": 20,
        "EBIT": 40,
        "Net Income": 13
    },
    "2018-04-30": {
        "Diluted EPS": 0.15,
        "Total Revenue": 131,
        "Gross Profit": 33,
        "Operating Income": 15,
        "EBIT": 37,
        "Net Income": 11
    },
    "2018-01-31": {
        "Diluted EPS": 0.09,
        "Total Revenue": 123,
        "Gross Profit": 28,
        "Operating Income": 12,
        "EBIT": 34,
        "Net Income": 6
    },
    "2017-10-31": {
        "Diluted EPS": 0.07,
        "Total Revenue": 121,
        "Gross Profit": 26,
        "Operating Income": 12,
        "EBIT": 35,
        "Net Income": 5
    },
    "2017-07-31": {
        "Diluted EPS": 0.06,
        "Total Revenue": 112,
        "Gross Profit": 22,
        "Operating Income": 5,
        "EBIT": 27,
        "Net Income": 4
    },
    "2017-04-30": {
        "Diluted EPS": 0.03,
        "Total Revenue": 108,
        "Gross Profit": 20,
        "Operating Income": 6,
        "EBIT": 27,
        "Net Income": 2
    },
    "2017-01-31": {
        "Diluted EPS": 0.03,
        "Total Revenue": 110,
        "Gross Profit": 23,
        "Operating Income": 9,
        "EBIT": 30,
        "Net Income": 2
    },
    "2016-10-31": {
        "Diluted EPS": 0.08,
        "Total Revenue": 107,
        "Gross Profit": 21,
        "Operating Income": 5,
        "EBIT": 28,
        "Net Income": 5
    },
    "2016-07-31": {
        "Diluted EPS": 0.12,
        "Total Revenue": 123,
        "Gross Profit": 31,
        "Operating Income": 15,
        "EBIT": 34,
        "Net Income": 8
    },
    "2016-04-30": {
        "Diluted EPS": 0.16,
        "Total Revenue": 123,
        "Gross Profit": 31,
        "Operating Income": 15,
        "EBIT": 35,
        "Net Income": 12
    },
    "2016-01-31": {
        "Diluted EPS": 0.28,
        "Total Revenue": 130,
        "Gross Profit": 35,
        "Operating Income": 18,
        "EBIT": 38,
        "Net Income": 21
    },
    "2015-10-31": {
        "Diluted EPS": 0.26,
        "Total Revenue": 142,
        "Gross Profit": 45,
        "Operating Income": 27,
        "EBIT": 48,
        "Net Income": 19
    },
    "2015-07-31": {
        "Diluted EPS": 0.17,
        "Total Revenue": 132,
        "Gross Profit": 37,
        "Operating Income": 19,
        "EBIT": 40,
        "Net Income": 12
    },
    "2015-04-30": {
        "Diluted EPS": 0.14,
        "Total Revenue": 127,
        "Gross Profit": 33,
        "Operating Income": 15,
        "EBIT": 34,
        "Net Income": 10
    },
    "2015-01-31": {
        "Diluted EPS": 0.06,
        "Total Revenue": 124,
        "Gross Profit": 28,
        "Operating Income": 12,
        "EBIT": 32,
        "Net Income": 4
    },
    "2014-10-31": {
        "Diluted EPS": 0.09,
        "Total Revenue": 124,
        "Gross Profit": 27,
        "Operating Income": 9,
        "EBIT": 31,
        "Net Income": 4
    },
    "2014-07-31": {
        "Diluted EPS": 0.07,
        "Total Revenue": 125,
        "Gross Profit": 29,
        "Operating Income": 11,
        "EBIT": 33,
        "Net Income": 4
    },
    "2014-04-30": {
        "Diluted EPS": 0.22,
        "Total Revenue": 105,
        "Gross Profit": 22,
        "Operating Income": 3,
        "EBIT": 22,
        "Net Income": 16
    },
    "2014-01-31": {
        "Diluted EPS": 0.03,
        "Total Revenue": 102,
        "Gross Profit": 23,
        "Operating Income": 6,
        "EBIT": 24,
        "Net Income": 2
    },
    "2013-10-31": {
        "Diluted EPS": 0.07,
        "Total Revenue": 106,
        "Gross Profit": 27,
        "Operating Income": 7,
        "EBIT": 25,
        "Net Income": 5
    },
    "2013-07-31": {
        "Diluted EPS": 0.1,
        "Total Revenue": 110,
        "Gross Profit": 27,
        "Operating Income": 10,
        "EBIT": 28,
        "Net Income": 6
    },
    "2013-04-30": {
        "Diluted EPS": 0.08,
        "Total Revenue": 107,
        "Gross Profit": 25,
        "Operating Income": 8,
        "EBIT": 26,
        "Net Income": 5
    },
    "2013-01-31": {
        "Diluted EPS": 0.04,
        "Total Revenue": 100,
        "Gross Profit": 21,
        "Operating Income": 5,
        "EBIT": 24,
        "Net Income": 2
    },
    "2012-10-31": {
        "Diluted EPS": 0.07,
        "Total Revenue": 104,
        "Gross Profit": 24,
        "Operating Income": 7,
        "EBIT": 28,
        "Net Income": 4
    },
    "2012-07-31": {
        "Diluted EPS": 0.16,
        "Total Revenue": 117,
        "Gross Profit": 32,
        "Operating Income": 15,
        "EBIT": 36,
        "Net Income": 11
    },
    "2012-04-30": {
        "Diluted EPS": 0.14,
        "Total Revenue": 117,
        "Gross Profit": 30,
        "Operating Income": 13,
        "EBIT": 35,
        "Net Income": 9
    },
    "2012-01-31": {
        "Diluted EPS": 0.07,
        "Total Revenue": 112,
        "Gross Profit": 25,
        "Operating Income": 9,
        "EBIT": 31,
        "Net Income": 4
    },
    "2011-10-31": {
        "Diluted EPS": 0.22,
        "Total Revenue": 122,
        "Gross Profit": 31,
        "Operating Income": 15,
        "EBIT": 39,
        "Net Income": 9
    },
    "2011-07-31": {
        "Diluted EPS": 0.16,
        "Total Revenue": 136,
        "Gross Profit": 38,
        "Operating Income": 23,
        "EBIT": 47,
        "Net Income": 11
    },
    "2011-04-30": {
        "Diluted EPS": -0.3,
        "Total Revenue": 133,
        "Gross Profit": 36,
        "Operating Income": 21,
        "EBIT": 44,
        "Net Income": -16
    },
    "2011-01-31": {
        "Diluted EPS": 0.2,
        "Total Revenue": 121,
        "Gross Profit": 31,
        "Operating Income": 16,
        "EBIT": 39,
        "Net Income": 12
    },
    "2010-10-31": {
        "Diluted EPS": 0.16,
        "Total Revenue": 110,
        "Gross Profit": 25,
        "Operating Income": 11,
        "EBIT": 34,
        "Net Income": 8
    },
    "2010-07-31": {
        "Diluted EPS": 0.13,
        "Total Revenue": 112,
        "Gross Profit": 26,
        "Operating Income": 12,
        "EBIT": 34,
        "Net Income": 8
    },
    "2010-04-30": {
        "Diluted EPS": 0.14,
        "Total Revenue": 105,
        "Gross Profit": 22,
        "Operating Income": 13,
        "EBIT": 36,
        "Net Income": 8
    },
    "2010-01-31": {
        "Diluted EPS": 0.0,
        "Total Revenue": 98,
        "Gross Profit": 18,
        "Operating Income": 4,
        "EBIT": 26,
        "Net Income": 0
    },
    "2009-10-31": {
        "Diluted EPS": 0.07,
        "Total Revenue": 95,
        "Gross Profit": 17,
        "Operating Income": 4,
        "EBIT": 30,
        "Net Income": 1
    },
    "2009-07-31": {
        "Diluted EPS": -0.55,
        "Total Revenue": 95,
        "Gross Profit": 18,
        "Operating Income": -6,
        "EBIT": 16,
        "Net Income": -23
    },
    "2009-04-30": {
        "Diluted EPS": -0.24,
        "Total Revenue": 83,
        "Gross Profit": 11,
        "Operating Income": -5,
        "EBIT": 15,
        "Net Income": -10
    },
    "2009-01-31": {
        "Diluted EPS": -0.25,
        "Total Revenue": 88,
        "Gross Profit": 11,
        "Operating Income": -5,
        "EBIT": 17,
        "Net Income": -10
    },
    "2023-07-31": {
        "Tax Effect Of Unusual Items": -1135750.0,
        "Tax Rate For Calcs": 0.25,
        "Normalized EBITDA": 89460000.0,
        "Total Unusual Items": -4543000.0,
        "Total Unusual Items Excluding Goodwill": -4543000.0,
        "Net Income From Continuing Operation Net Minority Interest": 26959000.0,
        "Reconciled Depreciation": 20438000.0,
        "Reconciled Cost Of Revenue": 137405000.0,
        "EBITDA": 84917000.0,
        "EBIT": 64479000.0,
        "Net Interest Income": 3632000.0,
        "Interest Expense": 126000.0,
        "Interest Income": 3758000.0,
        "Normalized Income": 30366250.0,
        "Net Income From Continuing And Discontinued Operation": 26959000.0,
        "Total Expenses": 158942000.0,
        "Total Operating Income As Reported": 65264000.0,
        "Diluted Average Shares": 61974000.0,
        "Basic Average Shares": 61233000.0,
        "Diluted EPS": 0.44,
        "Basic EPS": 0.44,
        "Diluted NI Availto Com Stockholders": 26959000.0,
        "Average Dilution Earnings": 0.0,
        "Net Income Common Stockholders": 26959000.0,
        "Net Income": 26959000.0,
        "Minority Interests": -21296000.0,
        "Net Income Including Noncontrolling Interests": 48255000.0,
        "Net Income Continuous Operations": 48255000.0,
        "Tax Provision": 16098000.0,
        "Pretax Income": 64353000.0,
        "Other Income Expense": -4543000.0,
        "Gain On Sale Of Security": -4543000.0,
        "Net Non Operating Interest Income Expense": 3632000.0,
        "Interest Expense Non Operating": 126000.0,
        "Interest Income Non Operating": 3758000.0,
        "Operating Income": 65264000.0,
        "Operating Expense": 21537000.0,
        "Research And Development": 3505000.0,
        "Selling General And Administration": 18032000.0,
        "Gross Profit": 86801000.0,
        "Cost Of Revenue": 137405000.0,
        "Total Revenue": 224206000.0,
        "Operating Revenue": 224206000.0
    },
    "2023-10-31": {
        "Tax Effect Of Unusual Items": 3217986.877584,
        "Tax Rate For Calcs": 0.243142,
        "Normalized EBITDA": 91631000.0,
        "Total Unusual Items": 13235000.0,
        "Total Unusual Items Excluding Goodwill": 13235000.0,
        "Net Income From Continuing Operation Net Minority Interest": 44611000.0,
        "Reconciled Depreciation": 21312000.0,
        "Reconciled Cost Of Revenue": 142591000.0,
        "EBITDA": 104866000.0,
        "EBIT": 83554000.0,
        "Net Interest Income": 5425000.0,
        "Interest Expense": 109000.0,
        "Interest Income": 5534000.0,
        "Normalized Income": 34593986.877584,
        "Net Income From Continuing And Discontinued Operation": 44611000.0,
        "Total Expenses": 162688000.0,
        "Total Operating Income As Reported": 64785000.0,
        "Diluted Average Shares": 62067000.0,
        "Basic Average Shares": 61290000.0,
        "Diluted EPS": 0.72,
        "Basic EPS": 0.73,
        "Diluted NI Availto Com Stockholders": 44611000.0,
        "Average Dilution Earnings": 0.0,
        "Net Income Common Stockholders": 44611000.0,
        "Net Income": 44611000.0,
        "Minority Interests": -18545000.0,
        "Net Income Including Noncontrolling Interests": 63156000.0,
        "Net Income Continuous Operations": 63156000.0,
        "Tax Provision": 20289000.0,
        "Pretax Income": 83445000.0,
        "Other Income Expense": 13235000.0,
        "Gain On Sale Of Security": 13235000.0,
        "Net Non Operating Interest Income Expense": 5425000.0,
        "Interest Expense Non Operating": 109000.0,
        "Interest Income Non Operating": 5534000.0,
        "Operating Income": 64785000.0,
        "Operating Expense": 20097000.0,
        "Research And Development": 3367000.0,
        "Selling General And Administration": 16730000.0,
        "Gross Profit": 84882000.0,
        "Cost Of Revenue": 142591000.0,
        "Total Revenue": 227473000.0,
        "Operating Revenue": 227473000.0
    },
    "2024-01-31": {
        "Tax Effect Of Unusual Items": -2431884.0,
        "Tax Rate For Calcs": 0.273,
        "Normalized EBITDA": 83442000.0,
        "Total Unusual Items": -8908000.0,
        "Total Unusual Items Excluding Goodwill": -8908000.0,
        "Net Income From Continuing Operation Net Minority Interest": 26180000.0,
        "Reconciled Depreciation": 20702000.0,
        "Reconciled Cost Of Revenue": 137079000.0,
        "EBITDA": 74534000.0,
        "EBIT": 53832000.0,
        "Net Interest Income": 5161000.0,
        "Interest Expense": 90000.0,
        "Interest Income": 5251000.0,
        "Normalized Income": 32656116.0,
        "Net Income From Continuing And Discontinued Operation": 26180000.0,
        "Total Expenses": 158845000.0,
        "Total Operating Income As Reported": 57489000.0,
        "Diluted Average Shares": 62283000.0,
        "Basic Average Shares": 61455000.0,
        "Diluted EPS": 0.42,
        "Basic EPS": 0.43,
        "Diluted NI Availto Com Stockholders": 26180000.0,
        "Average Dilution Earnings": 0.0,
        "Net Income Common Stockholders": 26180000.0,
        "Net Income": 26180000.0,
        "Minority Interests": -12902000.0,
        "Net Income Including Noncontrolling Interests": 39082000.0,
        "Net Income Continuous Operations": 39082000.0,
        "Tax Provision": 14660000.0,
        "Pretax Income": 53742000.0,
        "Other Income Expense": -8908000.0,
        "Gain On Sale Of Security": -8908000.0,
        "Net Non Operating Interest Income Expense": 5161000.0,
        "Interest Expense Non Operating": 90000.0,
        "Interest Income Non Operating": 5251000.0,
        "Operating Income": 57489000.0,
        "Operating Expense": 21766000.0,
        "Research And Development": 3445000.0,
        "Selling General And Administration": 18321000.0,
        "Gross Profit": 79255000.0,
        "Cost Of Revenue": 137079000.0,
        "Total Revenue": 216334000.0,
        "Operating Revenue": 216334000.0
    }
}