{
    "2023-04-30": {
        "Tax Effect Of Unusual Items": -1066900.0,
        "Tax Rate For Calcs": 0.227,
        "Normalized EBITDA": 175000000.0,
        "Total Unusual Items": -4700000.0,
        "Total Unusual Items Excluding Goodwill": -4700000.0,
        "Net Income From Continuing Operation Net Minority Interest": 70100000.0,
        "Reconciled Depreciation": 48900000.0,
        "Reconciled Cost Of Revenue": 90300000.0,
        "EBITDA": 170300000.0,
        "EBIT": 121400000.0,
        "Net Interest Income": -30700000.0,
        "Interest Expense": 30700000.0,
        "Normalized Income": 73733100.0,
        "Net Income From Continuing And Discontinued Operation": 70100000.0,
        "Total Expenses": 471200000.0,
        "Total Operating Income As Reported": 121400000.0,
        "Diluted Average Shares": 48470000.0,
        "Basic Average Shares": 47930000.0,
        "Diluted EPS": 1.45,
        "Basic EPS": 1.46,
        "Diluted NI Availto Com Stockholders": 70100000.0,
        "Net Income Common Stockholders": 70100000.0,
        "Net Income": 70100000.0,
        "Net Income Including Noncontrolling Interests": 70100000.0,
        "Net Income Continuous Operations": 70100000.0,
        "Tax Provision": 20600000.0,
        "Pretax Income": 90700000.0,
        "Other Income Expense": -4700000.0,
        "Special Income Charges": -4700000.0,
        "Other Special Charges": 4700000.0,
        "Net Non Operating Interest Income Expense": -30700000.0,
        "Total Other Finance Cost": NaN,
        "Interest Expense Non Operating": 30700000.0,
        "Operating Income": 126100000.0,
        "Operating Expense": 380900000.0,
        "Other Operating Expenses": 170000000.0,
        "Depreciation Amortization Depletion Income Statement": 48900000.0,
        "Depreciation And Amortization In Income Statement": 48900000.0,
        "Selling General And Administration": 162000000.0,
        "General And Administrative Expense": 162000000.0,
        "Other Gand A": 31400000.0,
        "Salaries And Wages": 130600000.0,
        "Gross Profit": 507000000.0,
        "Cost Of Revenue": 90300000.0,
        "Total Revenue": 597300000.0,
        "Operating Revenue": 597300000.0
    },
    "2023-01-31": {
        "Tax Effect Of Unusual Items": -622892.096029,
        "Tax Rate For Calcs": 0.162423,
        "Normalized EBITDA": 122186000.0,
        "Total Unusual Items": -3835000.0,
        "Total Unusual Items Excluding Goodwill": -3835000.0,
        "Net Income From Continuing Operation Net Minority Interest": 39145000.0,
        "Reconciled Depreciation": 48973000.0,
        "Reconciled Cost Of Revenue": 87052000.0,
        "EBITDA": 118351000.0,
        "EBIT": 69378000.0,
        "Net Interest Income": -30480000.0,
        "Interest Expense": 22642000.0,
        "Normalized Income": 42357107.903971,
        "Net Income From Continuing And Discontinued Operation": 39145000.0,
        "Total Expenses": 482710000.0,
        "Total Operating Income As Reported": 77216000.0,
        "Diluted Average Shares": 49006140.0,
        "Basic Average Shares": 48328524.0,
        "Diluted EPS": 0.8,
        "Basic EPS": 0.81,
        "Diluted NI Availto Com Stockholders": 39145000.0,
        "Net Income Common Stockholders": 39145000.0,
        "Net Income": 39145000.0,
        "Net Income Including Noncontrolling Interests": 39145000.0,
        "Net Income Continuous Operations": 39145000.0,
        "Tax Provision": 7591000.0,
        "Pretax Income": 46736000.0,
        "Other Income Expense": -3835000.0,
        "Special Income Charges": -3835000.0,
        "Other Special Charges": 3835000.0,
        "Net Non Operating Interest Income Expense": -30480000.0,
        "Total Other Finance Cost": NaN,
        "Interest Expense Non Operating": 22642000.0,
        "Operating Income": 81051000.0,
        "Operating Expense": 395658000.0,
        "Other Operating Expenses": 169857000.0,
        "Depreciation Amortization Depletion Income Statement": 48973000.0,
        "Depreciation And Amortization In Income Statement": 48973000.0,
        "Selling General And Administration": 176828000.0,
        "General And Administrative Expense": 176828000.0,
        "Other Gand A": 39053000.0,
        "Salaries And Wages": 137775000.0,
        "Gross Profit": 476709000.0,
        "Cost Of Revenue": 87052000.0,
        "Total Revenue": 563761000.0,
        "Operating Revenue": 563761000.0
    },
    "2022-10-31": {
        "Tax Effect Of Unusual Items": -819000.0,
        "Tax Rate For Calcs": 0.21,
        "Normalized EBITDA": 82400000.0,
        "Total Unusual Items": -3900000.0,
        "Total Unusual Items Excluding Goodwill": -3900000.0,
        "Net Income From Continuing Operation Net Minority Interest": 1900000.0,
        "Reconciled Depreciation": 48400000.0,
        "Reconciled Cost Of Revenue": 76200000.0,
        "EBITDA": 78500000.0,
        "EBIT": 30100000.0,
        "Net Interest Income": -28400000.0,
        "Interest Expense": 28400000.0,
        "Normalized Income": 4981000.0,
        "Net Income From Continuing And Discontinued Operation": 1900000.0,
        "Total Expenses": 447200000.0,
        "Total Operating Income As Reported": 30100000.0,
        "Diluted Average Shares": 48740000.0,
        "Basic Average Shares": 48260000.0,
        "Diluted EPS": 0.04,
        "Basic EPS": 0.04,
        "Diluted NI Availto Com Stockholders": 1900000.0,
        "Net Income Common Stockholders": 1900000.0,
        "Net Income": 1900000.0,
        "Net Income Including Noncontrolling Interests": 1900000.0,
        "Net Income Continuous Operations": 1900000.0,
        "Tax Provision": -200000.0,
        "Pretax Income": 1700000.0,
        "Other Income Expense": -3900000.0,
        "Special Income Charges": -3900000.0,
        "Other Special Charges": 3900000.0,
        "Net Non Operating Interest Income Expense": -28400000.0,
        "Total Other Finance Cost": NaN,
        "Interest Expense Non Operating": 28400000.0,
        "Operating Income": 34000000.0,
        "Operating Expense": 371000000.0,
        "Other Operating Expenses": 163800000.0,
        "Depreciation Amortization Depletion Income Statement": 48400000.0,
        "Depreciation And Amortization In Income Statement": 48400000.0,
        "Selling General And Administration": 158800000.0,
        "General And Administrative Expense": 158800000.0,
        "Other Gand A": 32800000.0,
        "Salaries And Wages": 126000000.0,
        "Gross Profit": 405000000.0,
        "Cost Of Revenue": 76200000.0,
        "Total Revenue": 481200000.0,
        "Operating Revenue": 481200000.0
    },
    "2022-07-31": {
        "Tax Effect Of Unusual Items": 0.0,
        "Tax Rate For Calcs": 0.232,
        "Normalized EBITDA": 93607000.0,
        "Total Unusual Items": NaN,
        "Total Unusual Items Excluding Goodwill": NaN,
        "Net Income From Continuing Operation Net Minority Interest": 29088000.0,
        "Reconciled Depreciation": 38614000.0,
        "Reconciled Cost Of Revenue": 75536000.0,
        "EBITDA": 93607000.0,
        "EBIT": 54993000.0,
        "Net Interest Income": -18597000.0,
        "Interest Expense": 17118000.0,
        "Normalized Income": 29088000.0,
        "Net Income From Continuing And Discontinued Operation": 29088000.0,
        "Total Expenses": 411887000.0,
        "Total Operating Income As Reported": 56472000.0,
        "Diluted Average Shares": 49270000.0,
        "Basic Average Shares": 48830000.0,
        "Diluted EPS": 0.59,
        "Basic EPS": 0.6,
        "Diluted NI Availto Com Stockholders": 29088000.0,
        "Net Income Common Stockholders": 29088000.0,
        "Net Income": 29088000.0,
        "Net Income Including Noncontrolling Interests": 29088000.0,
        "Net Income Continuous Operations": 29088000.0,
        "Tax Provision": 8787000.0,
        "Pretax Income": 37875000.0,
        "Other Income Expense": NaN,
        "Special Income Charges": NaN,
        "Other Special Charges": NaN,
        "Net Non Operating Interest Income Expense": -18597000.0,
        "Total Other Finance Cost": 1479000.0,
        "Interest Expense Non Operating": 17118000.0,
        "Operating Income": 56472000.0,
        "Operating Expense": 336351000.0,
        "Other Operating Expenses": 146353000.0,
        "Depreciation Amortization Depletion Income Statement": 38614000.0,
        "Depreciation And Amortization In Income Statement": 38614000.0,
        "Selling General And Administration": 151384000.0,
        "General And Administrative Expense": 151384000.0,
        "Other Gand A": 37710000.0,
        "Salaries And Wages": 113674000.0,
        "Gross Profit": 392823000.0,
        "Cost Of Revenue": 75536000.0,
        "Total Revenue": 468359000.0,
        "Operating Revenue": 468359000.0
    },
    "2022-04-30": {
        "Diluted EPS": 1.35,
        "Total Revenue": 451,
        "Gross Profit": 381,
        "Operating Income": 99,
        "EBIT": 132,
        "Net Income": 67
    },
    "2022-01-31": {
        "Diluted EPS": 0.53,
        "Total Revenue": 343,
        "Gross Profit": 288,
        "Operating Income": 47,
        "EBIT": 81,
        "Net Income": 26
    },
    "2021-10-31": {
        "Diluted EPS": 0.21,
        "Total Revenue": 318,
        "Gross Profit": 265,
        "Operating Income": 24,
        "EBIT": 59,
        "Net Income": 11
    },
    "2021-07-31": {
        "Diluted EPS": 1.07,
        "Total Revenue": 378,
        "Gross Profit": 320,
        "Operating Income": 79,
        "EBIT": 114,
        "Net Income": 53
    },
    "2021-04-30": {
        "Diluted EPS": 0.4,
        "Total Revenue": 265,
        "Gross Profit": 226,
        "Operating Income": 37,
        "EBIT": 72,
        "Net Income": 20
    },
    "2021-01-31": {
        "Diluted EPS": -1.13,
        "Total Revenue": 117,
        "Gross Profit": 97,
        "Operating Income": -54,
        "EBIT": -20,
        "Net Income": -57
    },
    "2020-10-31": {
        "Diluted EPS": -1.01,
        "Total Revenue": 109,
        "Gross Profit": 91,
        "Operating Income": -56,
        "EBIT": -22,
        "Net Income": -48
    },
    "2020-07-31": {
        "Diluted EPS": -1.24,
        "Total Revenue": 51,
        "Gross Profit": 42,
        "Operating Income": -81,
        "EBIT": -46,
        "Net Income": -59
    },
    "2020-04-30": {
        "Diluted EPS": -1.37,
        "Total Revenue": 160,
        "Gross Profit": 132,
        "Operating Income": -61,
        "EBIT": -26,
        "Net Income": -44
    },
    "2020-01-31": {
        "Diluted EPS": 0.89,
        "Total Revenue": 347,
        "Gross Profit": 287,
        "Operating Income": 38,
        "EBIT": 73,
        "Net Income": 25
    },
    "2019-10-31": {
        "Diluted EPS": 0.02,
        "Total Revenue": 299,
        "Gross Profit": 247,
        "Operating Income": 6,
        "EBIT": 40,
        "Net Income": 0
    },
    "2019-07-31": {
        "Diluted EPS": 0.9,
        "Total Revenue": 345,
        "Gross Profit": 285,
        "Operating Income": 46,
        "EBIT": 79,
        "Net Income": 32
    },
    "2019-04-30": {
        "Diluted EPS": 1.13,
        "Total Revenue": 364,
        "Gross Profit": 302,
        "Operating Income": 58,
        "EBIT": 89,
        "Net Income": 42
    },
    "2019-01-31": {
        "Diluted EPS": 0.75,
        "Total Revenue": 332,
        "Gross Profit": 273,
        "Operating Income": 41,
        "EBIT": 72,
        "Net Income": 29
    },
    "2018-10-31": {
        "Diluted EPS": 0.3,
        "Total Revenue": 282,
        "Gross Profit": 233,
        "Operating Income": 15,
        "EBIT": 46,
        "Net Income": 12
    },
    "2018-07-31": {
        "Diluted EPS": 0.84,
        "Total Revenue": 319,
        "Gross Profit": 264,
        "Operating Income": 46,
        "EBIT": 75,
        "Net Income": 34
    },
    "2018-04-30": {
        "Diluted EPS": 1.04,
        "Total Revenue": 332,
        "Gross Profit": 275,
        "Operating Income": 59,
        "EBIT": 86,
        "Net Income": 42
    },
    "2018-01-31": {
        "Diluted EPS": 0.86,
        "Total Revenue": 305,
        "Gross Profit": 250,
        "Operating Income": 42,
        "EBIT": 71,
        "Net Income": 36
    },
    "2017-10-31": {
        "Diluted EPS": 0.29,
        "Total Revenue": 250,
        "Gross Profit": 205,
        "Operating Income": 20,
        "EBIT": 46,
        "Net Income": 12
    },
    "2017-07-31": {
        "Diluted EPS": 0.71,
        "Total Revenue": 281,
        "Gross Profit": 232,
        "Operating Income": 39,
        "EBIT": 64,
        "Net Income": 30
    },
    "2017-04-30": {
        "Diluted EPS": 0.98,
        "Total Revenue": 304,
        "Gross Profit": 255,
        "Operating Income": 64,
        "EBIT": 88,
        "Net Income": 43
    },
    "2017-01-31": {
        "Diluted EPS": 0.63,
        "Total Revenue": 270,
        "Gross Profit": 222,
        "Operating Income": 45,
        "EBIT": 68,
        "Net Income": 27
    },
    "2016-10-31": {
        "Diluted EPS": 0.25,
        "Total Revenue": 229,
        "Gross Profit": 187,
        "Operating Income": 19,
        "EBIT": 42,
        "Net Income": 11
    },
    "2016-07-31": {
        "Diluted EPS": 0.5,
        "Total Revenue": 244,
        "Gross Profit": 200,
        "Operating Income": 36,
        "EBIT": 57,
        "Net Income": 22
    },
    "2016-04-30": {
        "Diluted EPS": 0.72,
        "Total Revenue": 262,
        "Gross Profit": 216,
        "Operating Income": 51,
        "EBIT": 72,
        "Net Income": 31
    },
    "2016-01-31": {
        "Diluted EPS": 0.53,
        "Total Revenue": 234,
        "Gross Profit": 191,
        "Operating Income": 38,
        "EBIT": 58,
        "Net Income": 23
    },
    "2015-10-31": {
        "Diluted EPS": 0.11,
        "Total Revenue": 193,
        "Gross Profit": 156,
        "Operating Income": 9,
        "EBIT": 29,
        "Net Income": 5
    },
    "2015-07-31": {
        "Diluted EPS": 0.29,
        "Total Revenue": 217,
        "Gross Profit": 176,
        "Operating Income": 27,
        "EBIT": 46,
        "Net Income": 13
    },
    "2015-04-30": {
        "Diluted EPS": 0.46,
        "Total Revenue": 223,
        "Gross Profit": 180,
        "Operating Income": 36,
        "EBIT": 54,
        "Net Income": 20
    },
    "2015-01-31": {
        "Diluted EPS": 0.42,
        "Total Revenue": 207,
        "Gross Profit": 166,
        "Operating Income": 28,
        "EBIT": 47,
        "Net Income": 15
    },
    "2014-10-31": {
        "Diluted EPS": -0.13,
        "Total Revenue": 163,
        "Gross Profit": 131,
        "Operating Income": 1,
        "EBIT": 19,
        "Net Income": -5
    },
    "2014-07-31": {
        "Diluted EPS": -0.42,
        "Total Revenue": 181,
        "Gross Profit": 146,
        "Operating Income": 17,
        "EBIT": 37,
        "Net Income": -14
    },
    "2014-04-30": {
        "Diluted EPS": 0.34,
        "Total Revenue": 195,
        "Gross Profit": 158,
        "Operating Income": 28,
        "EBIT": 51,
        "Net Income": 11
    },
    "2014-01-31": {
        "Diluted EPS": 0.0,
        "Total Revenue": NaN,
        "Gross Profit": NaN,
        "Operating Income": NaN,
        "EBIT": NaN,
        "Net Income": NaN
    },
    "2013-10-31": {
        "Diluted EPS": -0.31,
        "Total Revenue": 142,
        "Gross Profit": 114,
        "Operating Income": -1,
        "EBIT": -1,
        "Net Income": -10
    },
    "2013-01-31": {
        "Diluted EPS": 0.0,
        "Total Revenue": NaN,
        "Gross Profit": NaN,
        "Operating Income": NaN,
        "EBIT": NaN,
        "Net Income": NaN
    },
    "2012-01-31": {
        "Diluted EPS": 0.0,
        "Total Revenue": NaN,
        "Gross Profit": NaN,
        "Operating Income": NaN,
        "EBIT": NaN,
        "Net Income": NaN
    },
    "2023-07-31": {
        "Tax Effect Of Unusual Items": -860000.0,
        "Tax Rate For Calcs": 0.215,
        "Normalized EBITDA": 119000000.0,
        "Total Unusual Items": -4000000.0,
        "Total Unusual Items Excluding Goodwill": -4000000.0,
        "Net Income From Continuing Operation Net Minority Interest": 25900000.0,
        "Reconciled Depreciation": 49100000.0,
        "Reconciled Cost Of Revenue": 83600000.0,
        "EBITDA": 115000000.0,
        "EBIT": 65900000.0,
        "Net Interest Income": -44100000.0,
        "Interest Expense": 32900000.0,
        "Normalized Income": 29040000.0,
        "Net Income From Continuing And Discontinued Operation": 25900000.0,
        "Total Expenses": 461000000.0,
        "Total Operating Income As Reported": 77100000.0,
        "Diluted Average Shares": 43380000.0,
        "Basic Average Shares": 43010000.0,
        "Diluted EPS": 0.6,
        "Basic EPS": 0.6,
        "Diluted NI Availto Com Stockholders": 25900000.0,
        "Net Income Common Stockholders": 25900000.0,
        "Net Income": 25900000.0,
        "Net Income Including Noncontrolling Interests": 25900000.0,
        "Net Income Continuous Operations": 25900000.0,
        "Tax Provision": 7100000.0,
        "Pretax Income": 33000000.0,
        "Other Income Expense": -4000000.0,
        "Special Income Charges": -4000000.0,
        "Other Special Charges": 4000000.0,
        "Net Non Operating Interest Income Expense": -44100000.0,
        "Total Other Finance Cost": 11200000.0,
        "Interest Expense Non Operating": 32900000.0,
        "Operating Income": 81100000.0,
        "Operating Expense": 377400000.0,
        "Other Operating Expenses": 169100000.0,
        "Depreciation Amortization Depletion Income Statement": 49100000.0,
        "Depreciation And Amortization In Income Statement": 49100000.0,
        "Selling General And Administration": 159200000.0,
        "General And Administrative Expense": 159200000.0,
        "Other Gand A": 32200000.0,
        "Salaries And Wages": 127000000.0,
        "Gross Profit": 458500000.0,
        "Cost Of Revenue": 83600000.0,
        "Total Revenue": 542100000.0,
        "Operating Revenue": 542100000.0
    },
    "2023-10-31": {
        "Tax Effect Of Unusual Items": -840000.0,
        "Tax Rate For Calcs": 0.21,
        "Normalized EBITDA": 74500000.0,
        "Total Unusual Items": -4000000.0,
        "Total Unusual Items Excluding Goodwill": -4000000.0,
        "Net Income From Continuing Operation Net Minority Interest": -5200000.0,
        "Reconciled Depreciation": 51900000.0,
        "Reconciled Cost Of Revenue": 72800000.0,
        "EBITDA": 70500000.0,
        "EBIT": 18600000.0,
        "Net Interest Income": -28900000.0,
        "Interest Expense": 28900000.0,
        "Normalized Income": -2040000.0,
        "Net Income From Continuing And Discontinued Operation": -5200000.0,
        "Total Expenses": 444300000.0,
        "Total Operating Income As Reported": 18600000.0,
        "Diluted Average Shares": 41810000.0,
        "Basic Average Shares": 41810000.0,
        "Diluted EPS": -0.12,
        "Basic EPS": -0.12,
        "Diluted NI Availto Com Stockholders": -5200000.0,
        "Net Income Common Stockholders": -5200000.0,
        "Net Income": -5200000.0,
        "Net Income Including Noncontrolling Interests": -5200000.0,
        "Net Income Continuous Operations": -5200000.0,
        "Tax Provision": -5100000.0,
        "Pretax Income": -10300000.0,
        "Other Income Expense": -4000000.0,
        "Special Income Charges": -4000000.0,
        "Other Special Charges": 4000000.0,
        "Net Non Operating Interest Income Expense": -28900000.0,
        "Total Other Finance Cost": NaN,
        "Interest Expense Non Operating": 28900000.0,
        "Operating Income": 22600000.0,
        "Operating Expense": 371500000.0,
        "Other Operating Expenses": 171300000.0,
        "Depreciation Amortization Depletion Income Statement": 51900000.0,
        "Depreciation And Amortization In Income Statement": 51900000.0,
        "Selling General And Administration": 148300000.0,
        "General And Administrative Expense": 148300000.0,
        "Other Gand A": 28400000.0,
        "Salaries And Wages": 119900000.0,
        "Gross Profit": 394100000.0,
        "Cost Of Revenue": 72800000.0,
        "Total Revenue": 466900000.0,
        "Operating Revenue": 466900000.0
    },
    "2024-01-31": {
        "Tax Effect Of Unusual Items": -2900603.62173,
        "Tax Rate For Calcs": 0.273642,
        "Normalized EBITDA": 146700000.0,
        "Total Unusual Items": -10600000.0,
        "Total Unusual Items Excluding Goodwill": -10600000.0,
        "Net Income From Continuing Operation Net Minority Interest": 36100000.0,
        "Reconciled Depreciation": 58600000.0,
        "Reconciled Cost Of Revenue": 90300000.0,
        "EBITDA": 136100000.0,
        "EBIT": 77500000.0,
        "Net Interest Income": -34900000.0,
        "Interest Expense": 27800000.0,
        "Normalized Income": 43799396.37827,
        "Net Income From Continuing And Discontinued Operation": 36100000.0,
        "Total Expenses": 503800000.0,
        "Total Operating Income As Reported": 89500000.0,
        "Diluted Average Shares": NaN,
        "Basic Average Shares": NaN,
        "Diluted EPS": NaN,
        "Basic EPS": NaN,
        "Diluted NI Availto Com Stockholders": 36100000.0,
        "Net Income Common Stockholders": 36100000.0,
        "Net Income": 36100000.0,
        "Net Income Including Noncontrolling Interests": 36100000.0,
        "Net Income Continuous Operations": 36100000.0,
        "Tax Provision": 13600000.0,
        "Pretax Income": 49700000.0,
        "Other Income Expense": -10600000.0,
        "Special Income Charges": -10600000.0,
        "Other Special Charges": 10600000.0,
        "Net Non Operating Interest Income Expense": -34900000.0,
        "Total Other Finance Cost": NaN,
        "Interest Expense Non Operating": 27800000.0,
        "Operating Income": 95200000.0,
        "Operating Expense": 413500000.0,
        "Other Operating Expenses": 175800000.0,
        "Depreciation Amortization Depletion Income Statement": 58600000.0,
        "Depreciation And Amortization In Income Statement": 58600000.0,
        "Selling General And Administration": 179100000.0,
        "General And Administrative Expense": 179100000.0,
        "Other Gand A": 30600000.0,
        "Salaries And Wages": 148500000.0,
        "Gross Profit": 508700000.0,
        "Cost Of Revenue": 90300000.0,
        "Total Revenue": 599000000.0,
        "Operating Revenue": 599000000.0
    }
}