{
    "2023-06-30": {
        "Tax Effect Of Unusual Items": NaN,
        "Tax Rate For Calcs": NaN,
        "Total Unusual Items": 0.0,
        "Total Unusual Items Excluding Goodwill": 0.0,
        "Net Income From Continuing Operation Net Minority Interest": NaN,
        "Reconciled Depreciation": NaN,
        "Net Interest Income": NaN,
        "Interest Expense": NaN,
        "Interest Income": NaN,
        "Normalized Income": NaN,
        "Net Income From Continuing And Discontinued Operation": NaN,
        "Diluted Average Shares": NaN,
        "Basic Average Shares": NaN,
        "Diluted EPS": NaN,
        "Basic EPS": NaN,
        "Diluted NI Availto Com Stockholders": NaN,
        "Net Income Common Stockholders": NaN,
        "Net Income": NaN,
        "Net Income Including Noncontrolling Interests": NaN,
        "Net Income Continuous Operations": NaN,
        "Tax Provision": NaN,
        "Pretax Income": NaN,
        "Special Income Charges": 0.0,
        "Other Special Charges": NaN,
        "Gain On Sale Of Security": NaN,
        "Depreciation Amortization Depletion Income Statement": NaN,
        "Depreciation And Amortization In Income Statement": NaN,
        "Amortization": NaN,
        "Amortization Of Intangibles Income Statement": NaN,
        "Selling General And Administration": NaN,
        "Selling And Marketing Expense": NaN,
        "General And Administrative Expense": NaN,
        "Insurance And Claims": NaN,
        "Salaries And Wages": NaN,
        "Total Revenue": NaN,
        "Operating Revenue": NaN,
        "Occupancy And Equipment": NaN,
        "Professional Expense And Contract Services Expense": NaN,
        "Other Non Interest Expense": NaN
    },
    "2023-03-31": {
        "Tax Effect Of Unusual Items": NaN,
        "Tax Rate For Calcs": NaN,
        "Total Unusual Items": NaN,
        "Total Unusual Items Excluding Goodwill": NaN,
        "Net Income From Continuing Operation Net Minority Interest": NaN,
        "Reconciled Depreciation": NaN,
        "Net Interest Income": NaN,
        "Interest Expense": NaN,
        "Interest Income": NaN,
        "Normalized Income": NaN,
        "Net Income From Continuing And Discontinued Operation": NaN,
        "Diluted Average Shares": NaN,
        "Basic Average Shares": NaN,
        "Diluted EPS": NaN,
        "Basic EPS": NaN,
        "Diluted NI Availto Com Stockholders": NaN,
        "Net Income Common Stockholders": NaN,
        "Net Income": NaN,
        "Net Income Including Noncontrolling Interests": NaN,
        "Net Income Continuous Operations": NaN,
        "Tax Provision": NaN,
        "Pretax Income": NaN,
        "Special Income Charges": NaN,
        "Other Special Charges": NaN,
        "Gain On Sale Of Security": NaN,
        "Depreciation Amortization Depletion Income Statement": NaN,
        "Depreciation And Amortization In Income Statement": NaN,
        "Amortization": NaN,
        "Amortization Of Intangibles Income Statement": NaN,
        "Selling General And Administration": NaN,
        "Selling And Marketing Expense": NaN,
        "General And Administrative Expense": NaN,
        "Other Gand A": 504000.0,
        "Insurance And Claims": NaN,
        "Salaries And Wages": NaN,
        "Total Revenue": NaN,
        "Operating Revenue": NaN,
        "Occupancy And Equipment": NaN,
        "Professional Expense And Contract Services Expense": NaN,
        "Other Non Interest Expense": NaN
    },
    "2022-12-31": {
        "Tax Effect Of Unusual Items": NaN,
        "Tax Rate For Calcs": NaN,
        "Total Unusual Items": NaN,
        "Total Unusual Items Excluding Goodwill": NaN,
        "Net Income From Continuing Operation Net Minority Interest": NaN,
        "Reconciled Depreciation": NaN,
        "Net Interest Income": NaN,
        "Interest Expense": NaN,
        "Interest Income": NaN,
        "Normalized Income": NaN,
        "Net Income From Continuing And Discontinued Operation": NaN,
        "Diluted Average Shares": NaN,
        "Basic Average Shares": NaN,
        "Diluted EPS": NaN,
        "Basic EPS": NaN,
        "Diluted NI Availto Com Stockholders": NaN,
        "Net Income Common Stockholders": NaN,
        "Net Income": NaN,
        "Net Income Including Noncontrolling Interests": NaN,
        "Net Income Continuous Operations": NaN,
        "Tax Provision": NaN,
        "Pretax Income": NaN,
        "Special Income Charges": NaN,
        "Other Special Charges": NaN,
        "Gain On Sale Of Security": NaN,
        "Depreciation Amortization Depletion Income Statement": NaN,
        "Depreciation And Amortization In Income Statement": NaN,
        "Amortization": NaN,
        "Amortization Of Intangibles Income Statement": NaN,
        "Selling General And Administration": NaN,
        "Selling And Marketing Expense": NaN,
        "General And Administrative Expense": NaN,
        "Other Gand A": -658000.0,
        "Insurance And Claims": NaN,
        "Salaries And Wages": NaN,
        "Total Revenue": NaN,
        "Operating Revenue": NaN,
        "Occupancy And Equipment": NaN,
        "Professional Expense And Contract Services Expense": NaN,
        "Other Non Interest Expense": NaN
    },
    "2022-09-30": {
        "Tax Effect Of Unusual Items": NaN,
        "Tax Rate For Calcs": NaN,
        "Total Unusual Items": NaN,
        "Total Unusual Items Excluding Goodwill": NaN,
        "Net Income From Continuing Operation Net Minority Interest": NaN,
        "Reconciled Depreciation": NaN,
        "Net Interest Income": NaN,
        "Interest Expense": NaN,
        "Interest Income": NaN,
        "Normalized Income": NaN,
        "Net Income From Continuing And Discontinued Operation": NaN,
        "Diluted Average Shares": NaN,
        "Basic Average Shares": NaN,
        "Diluted EPS": NaN,
        "Basic EPS": NaN,
        "Diluted NI Availto Com Stockholders": NaN,
        "Net Income Common Stockholders": NaN,
        "Net Income": NaN,
        "Net Income Including Noncontrolling Interests": NaN,
        "Net Income Continuous Operations": NaN,
        "Tax Provision": NaN,
        "Pretax Income": NaN,
        "Special Income Charges": NaN,
        "Other Special Charges": NaN,
        "Gain On Sale Of Security": NaN,
        "Depreciation Amortization Depletion Income Statement": NaN,
        "Depreciation And Amortization In Income Statement": NaN,
        "Amortization": NaN,
        "Amortization Of Intangibles Income Statement": NaN,
        "Selling General And Administration": NaN,
        "Selling And Marketing Expense": NaN,
        "General And Administrative Expense": NaN,
        "Other Gand A": 503000.0,
        "Insurance And Claims": NaN,
        "Salaries And Wages": NaN,
        "Total Revenue": NaN,
        "Operating Revenue": NaN
    },
    "2022-06-30": {
        "Tax Effect Of Unusual Items": 0.0,
        "Tax Rate For Calcs": 0.258389,
        "Net Income From Continuing Operation Net Minority Interest": 5680000.0,
        "Reconciled Depreciation": 72000.0,
        "Net Interest Income": 13428000.0,
        "Interest Expense": 289000.0,
        "Interest Income": 13717000.0,
        "Normalized Income": 5680000.0,
        "Net Income From Continuing And Discontinued Operation": 5680000.0,
        "Diluted Average Shares": 5909000.0,
        "Basic Average Shares": 5843000.0,
        "Diluted EPS": 0.96,
        "Basic EPS": 0.97,
        "Diluted NI Availto Com Stockholders": 5680000.0,
        "Net Income Common Stockholders": 5680000.0,
        "Net Income": 5680000.0,
        "Net Income Including Noncontrolling Interests": 5680000.0,
        "Net Income Continuous Operations": 5680000.0,
        "Tax Provision": 1979000.0,
        "Pretax Income": 7659000.0,
        "Gain On Sale Of Security": NaN,
        "Depreciation Amortization Depletion Income Statement": 72000.0,
        "Depreciation And Amortization In Income Statement": 72000.0,
        "Amortization": 72000.0,
        "Amortization Of Intangibles Income Statement": 72000.0,
        "Selling General And Administration": 5222000.0,
        "Selling And Marketing Expense": 190000.0,
        "General And Administrative Expense": 5032000.0,
        "Other Gand A": 485000.0,
        "Insurance And Claims": 175000.0,
        "Salaries And Wages": 4372000.0,
        "Total Revenue": 16017000.0,
        "Operating Revenue": 16017000.0
    },
    "2022-03-31": {
        "Diluted EPS": 0.97,
        "Total Revenue": 16,
        "Gross Profit": 16,
        "Operating Income": 8,
        "EBIT": NaN,
        "Net Income": 6
    },
    "2021-12-31": {
        "Diluted EPS": 0.94,
        "Total Revenue": 16,
        "Gross Profit": 15,
        "Operating Income": 7,
        "EBIT": NaN,
        "Net Income": 6
    },
    "2021-09-30": {
        "Diluted EPS": 1.12,
        "Total Revenue": 16,
        "Gross Profit": 16,
        "Operating Income": 9,
        "EBIT": NaN,
        "Net Income": 7
    },
    "2021-06-30": {
        "Diluted EPS": 0.85,
        "Total Revenue": 12,
        "Gross Profit": 12,
        "Operating Income": 6,
        "EBIT": NaN,
        "Net Income": 4
    },
    "2021-03-31": {
        "Diluted EPS": 0.85,
        "Total Revenue": 13,
        "Gross Profit": 13,
        "Operating Income": 6,
        "EBIT": NaN,
        "Net Income": 4
    },
    "2020-12-31": {
        "Diluted EPS": 0.82,
        "Total Revenue": 13,
        "Gross Profit": 13,
        "Operating Income": 6,
        "EBIT": NaN,
        "Net Income": 4
    },
    "2020-09-30": {
        "Diluted EPS": 0.71,
        "Total Revenue": 12,
        "Gross Profit": 12,
        "Operating Income": 5,
        "EBIT": NaN,
        "Net Income": 4
    },
    "2020-06-30": {
        "Diluted EPS": 0.61,
        "Total Revenue": 11,
        "Gross Profit": 11,
        "Operating Income": 4,
        "EBIT": NaN,
        "Net Income": 3
    },
    "2020-03-31": {
        "Diluted EPS": 0.63,
        "Total Revenue": 12,
        "Gross Profit": 11,
        "Operating Income": 5,
        "EBIT": NaN,
        "Net Income": 3
    },
    "2019-12-31": {
        "Diluted EPS": 0.74,
        "Total Revenue": 12,
        "Gross Profit": 11,
        "Operating Income": 5,
        "EBIT": NaN,
        "Net Income": 4
    },
    "2019-09-30": {
        "Diluted EPS": 0.77,
        "Total Revenue": 12,
        "Gross Profit": 12,
        "Operating Income": 6,
        "EBIT": NaN,
        "Net Income": 4
    },
    "2019-06-30": {
        "Diluted EPS": 0.73,
        "Total Revenue": 12,
        "Gross Profit": 11,
        "Operating Income": 5,
        "EBIT": NaN,
        "Net Income": 4
    },
    "2019-03-31": {
        "Diluted EPS": 0.73,
        "Total Revenue": 12,
        "Gross Profit": 11,
        "Operating Income": 5,
        "EBIT": NaN,
        "Net Income": 4
    },
    "2018-12-31": {
        "Diluted EPS": 0.68,
        "Total Revenue": 11,
        "Gross Profit": 11,
        "Operating Income": 5,
        "EBIT": NaN,
        "Net Income": 4
    },
    "2018-09-30": {
        "Diluted EPS": 0.71,
        "Total Revenue": 11,
        "Gross Profit": 11,
        "Operating Income": 5,
        "EBIT": NaN,
        "Net Income": 4
    },
    "2018-06-30": {
        "Diluted EPS": 0.66,
        "Total Revenue": 11,
        "Gross Profit": 10,
        "Operating Income": 5,
        "EBIT": NaN,
        "Net Income": 3
    },
    "2018-03-31": {
        "Diluted EPS": 0.63,
        "Total Revenue": 10,
        "Gross Profit": 10,
        "Operating Income": 4,
        "EBIT": NaN,
        "Net Income": 3
    },
    "2017-12-31": {
        "Diluted EPS": 0.22,
        "Total Revenue": 9,
        "Gross Profit": 9,
        "Operating Income": 4,
        "EBIT": NaN,
        "Net Income": 1
    },
    "2017-09-30": {
        "Diluted EPS": 0.47,
        "Total Revenue": 10,
        "Gross Profit": 9,
        "Operating Income": 4,
        "EBIT": NaN,
        "Net Income": 2
    },
    "2017-06-30": {
        "Diluted EPS": 0.49,
        "Total Revenue": 10,
        "Gross Profit": 9,
        "Operating Income": 4,
        "EBIT": NaN,
        "Net Income": 3
    },
    "2017-03-31": {
        "Diluted EPS": 0.4,
        "Total Revenue": 9,
        "Gross Profit": 9,
        "Operating Income": 3,
        "EBIT": NaN,
        "Net Income": 2
    },
    "2016-12-31": {
        "Diluted EPS": 0.41,
        "Total Revenue": 9,
        "Gross Profit": 8,
        "Operating Income": 3,
        "EBIT": NaN,
        "Net Income": 2
    },
    "2016-09-30": {
        "Diluted EPS": 0.39,
        "Total Revenue": 8,
        "Gross Profit": 8,
        "Operating Income": 3,
        "EBIT": NaN,
        "Net Income": 2
    },
    "2016-06-30": {
        "Diluted EPS": 0.36,
        "Total Revenue": 8,
        "Gross Profit": 8,
        "Operating Income": 3,
        "EBIT": NaN,
        "Net Income": 2
    },
    "2016-03-31": {
        "Diluted EPS": 0.31,
        "Total Revenue": 8,
        "Gross Profit": 7,
        "Operating Income": 3,
        "EBIT": NaN,
        "Net Income": 2
    },
    "2015-12-31": {
        "Diluted EPS": 0.32,
        "Total Revenue": 8,
        "Gross Profit": 7,
        "Operating Income": 3,
        "EBIT": NaN,
        "Net Income": 2
    },
    "2015-09-30": {
        "Diluted EPS": 0.32,
        "Total Revenue": 8,
        "Gross Profit": 8,
        "Operating Income": 3,
        "EBIT": NaN,
        "Net Income": 2
    },
    "2015-06-30": {
        "Diluted EPS": 0.27,
        "Total Revenue": 7,
        "Gross Profit": 7,
        "Operating Income": 2,
        "EBIT": NaN,
        "Net Income": 1
    },
    "2015-03-31": {
        "Diluted EPS": 0.24,
        "Total Revenue": 7,
        "Gross Profit": 7,
        "Operating Income": 2,
        "EBIT": NaN,
        "Net Income": 1
    },
    "2014-12-31": {
        "Diluted EPS": 0.26,
        "Total Revenue": 8,
        "Gross Profit": 7,
        "Operating Income": 2,
        "EBIT": NaN,
        "Net Income": 1
    },
    "2014-09-30": {
        "Diluted EPS": 0.27,
        "Total Revenue": 7,
        "Gross Profit": 7,
        "Operating Income": 2,
        "EBIT": NaN,
        "Net Income": 1
    },
    "2014-06-30": {
        "Diluted EPS": 0.23,
        "Total Revenue": 7,
        "Gross Profit": 7,
        "Operating Income": 2,
        "EBIT": NaN,
        "Net Income": 1
    },
    "2014-03-31": {
        "Diluted EPS": 0.19,
        "Total Revenue": 7,
        "Gross Profit": 6,
        "Operating Income": 2,
        "EBIT": NaN,
        "Net Income": 1
    },
    "2013-12-31": {
        "Diluted EPS": 0.19,
        "Total Revenue": 7,
        "Gross Profit": 6,
        "Operating Income": 2,
        "EBIT": NaN,
        "Net Income": 1
    },
    "2013-09-30": {
        "Diluted EPS": 0.2,
        "Total Revenue": 7,
        "Gross Profit": 6,
        "Operating Income": 2,
        "EBIT": NaN,
        "Net Income": 1
    },
    "2013-06-30": {
        "Diluted EPS": 0.27,
        "Total Revenue": 7,
        "Gross Profit": 6,
        "Operating Income": 1,
        "EBIT": NaN,
        "Net Income": 1
    },
    "2013-03-31": {
        "Diluted EPS": 0.09,
        "Total Revenue": 6,
        "Gross Profit": 6,
        "Operating Income": 1,
        "EBIT": NaN,
        "Net Income": 0
    },
    "2012-12-31": {
        "Diluted EPS": 0.07,
        "Total Revenue": 6,
        "Gross Profit": 6,
        "Operating Income": 2,
        "EBIT": NaN,
        "Net Income": 0
    },
    "2012-09-30": {
        "Diluted EPS": 0.08,
        "Total Revenue": 7,
        "Gross Profit": 6,
        "Operating Income": 1,
        "EBIT": NaN,
        "Net Income": 0
    },
    "2012-06-30": {
        "Diluted EPS": 0.1,
        "Total Revenue": 6,
        "Gross Profit": 6,
        "Operating Income": 1,
        "EBIT": NaN,
        "Net Income": 0
    },
    "2012-03-31": {
        "Diluted EPS": 0.01,
        "Total Revenue": 6,
        "Gross Profit": 6,
        "Operating Income": 0,
        "EBIT": NaN,
        "Net Income": 0
    },
    "2011-12-31": {
        "Diluted EPS": 0.01,
        "Total Revenue": 6,
        "Gross Profit": 6,
        "Operating Income": 1,
        "EBIT": NaN,
        "Net Income": 0
    },
    "2011-09-30": {
        "Diluted EPS": 0.04,
        "Total Revenue": 6,
        "Gross Profit": 6,
        "Operating Income": 1,
        "EBIT": NaN,
        "Net Income": 0
    },
    "2011-06-30": {
        "Diluted EPS": -0.01,
        "Total Revenue": 7,
        "Gross Profit": 6,
        "Operating Income": 0,
        "EBIT": NaN,
        "Net Income": 0
    },
    "2011-03-31": {
        "Diluted EPS": 0.01,
        "Total Revenue": 7,
        "Gross Profit": 6,
        "Operating Income": 0,
        "EBIT": NaN,
        "Net Income": 0
    },
    "2010-12-31": {
        "Diluted EPS": -0.02,
        "Total Revenue": 7,
        "Gross Profit": 6,
        "Operating Income": 0,
        "EBIT": NaN,
        "Net Income": 0
    },
    "2010-09-30": {
        "Diluted EPS": 0.01,
        "Total Revenue": 7,
        "Gross Profit": 6,
        "Operating Income": 0,
        "EBIT": NaN,
        "Net Income": 0
    },
    "2010-06-30": {
        "Diluted EPS": 0.08,
        "Total Revenue": 8,
        "Gross Profit": 7,
        "Operating Income": 1,
        "EBIT": NaN,
        "Net Income": 0
    },
    "2010-03-31": {
        "Diluted EPS": -0.01,
        "Total Revenue": 7,
        "Gross Profit": 6,
        "Operating Income": 0,
        "EBIT": NaN,
        "Net Income": 0
    },
    "2009-12-31": {
        "Diluted EPS": -0.78,
        "Total Revenue": 7,
        "Gross Profit": 6,
        "Operating Income": -6,
        "EBIT": NaN,
        "Net Income": -4
    },
    "2009-09-30": {
        "Diluted EPS": -0.27,
        "Total Revenue": 7,
        "Gross Profit": 6,
        "Operating Income": -2,
        "EBIT": NaN,
        "Net Income": -1
    },
    "2009-06-30": {
        "Diluted EPS": -0.71,
        "Total Revenue": 7,
        "Gross Profit": 6,
        "Operating Income": -6,
        "EBIT": NaN,
        "Net Income": -3
    },
    "2009-03-31": {
        "Diluted EPS": -0.29,
        "Total Revenue": 7,
        "Gross Profit": 6,
        "Operating Income": -2,
        "EBIT": NaN,
        "Net Income": -1
    },
    "2023-09-30": {
        "Tax Effect Of Unusual Items": 0.0,
        "Tax Rate For Calcs": 0.263,
        "Total Unusual Items": 0.0,
        "Total Unusual Items Excluding Goodwill": 0.0,
        "Net Income From Continuing Operation Net Minority Interest": 7970000.0,
        "Reconciled Depreciation": 443000.0,
        "Net Interest Income": 17739000.0,
        "Interest Expense": 1303000.0,
        "Interest Income": 19042000.0,
        "Normalized Income": 7970000.0,
        "Net Income From Continuing And Discontinued Operation": 7970000.0,
        "Diluted Average Shares": 5932000.0,
        "Basic Average Shares": 5866000.0,
        "Diluted EPS": 1.34,
        "Basic EPS": 1.36,
        "Diluted NI Availto Com Stockholders": 7970000.0,
        "Net Income Common Stockholders": 7970000.0,
        "Net Income": 7970000.0,
        "Net Income Including Noncontrolling Interests": 7970000.0,
        "Net Income Continuous Operations": 7970000.0,
        "Tax Provision": 2840000.0,
        "Pretax Income": 10810000.0,
        "Special Income Charges": 0.0,
        "Other Special Charges": NaN,
        "Gain On Sale Of Security": 0.0,
        "Depreciation Amortization Depletion Income Statement": 60000.0,
        "Depreciation And Amortization In Income Statement": 60000.0,
        "Amortization": 60000.0,
        "Amortization Of Intangibles Income Statement": 60000.0,
        "Selling General And Administration": 5694000.0,
        "Selling And Marketing Expense": 233000.0,
        "General And Administrative Expense": 5461000.0,
        "Insurance And Claims": 182000.0,
        "Salaries And Wages": 5279000.0,
        "Total Revenue": 19961000.0,
        "Operating Revenue": 19961000.0,
        "Occupancy And Equipment": 1352000.0,
        "Professional Expense And Contract Services Expense": 228000.0,
        "Other Non Interest Expense": 2017000.0
    },
    "2023-12-31": {
        "Tax Effect Of Unusual Items": 0.0,
        "Tax Rate For Calcs": 0.25843,
        "Total Unusual Items": NaN,
        "Total Unusual Items Excluding Goodwill": NaN,
        "Net Income From Continuing Operation Net Minority Interest": 7521000.0,
        "Reconciled Depreciation": 446000.0,
        "Net Interest Income": 17666000.0,
        "Interest Expense": 1873000.0,
        "Interest Income": 19539000.0,
        "Normalized Income": 7521000.0,
        "Net Income From Continuing And Discontinued Operation": 7521000.0,
        "Diluted Average Shares": 5939000.0,
        "Basic Average Shares": 5871000.0,
        "Diluted EPS": 1.27,
        "Basic EPS": 1.28,
        "Diluted NI Availto Com Stockholders": 7521000.0,
        "Net Income Common Stockholders": 7521000.0,
        "Net Income": 7521000.0,
        "Net Income Including Noncontrolling Interests": 7521000.0,
        "Net Income Continuous Operations": 7521000.0,
        "Tax Provision": 2621000.0,
        "Pretax Income": 10142000.0,
        "Special Income Charges": NaN,
        "Other Special Charges": NaN,
        "Gain On Sale Of Security": 0.0,
        "Depreciation Amortization Depletion Income Statement": 57000.0,
        "Depreciation And Amortization In Income Statement": 57000.0,
        "Amortization": 57000.0,
        "Amortization Of Intangibles Income Statement": 57000.0,
        "Selling General And Administration": 5866000.0,
        "Selling And Marketing Expense": 248000.0,
        "General And Administrative Expense": 5618000.0,
        "Insurance And Claims": 185000.0,
        "Salaries And Wages": 5433000.0,
        "Total Revenue": 19893000.0,
        "Operating Revenue": 19893000.0,
        "Occupancy And Equipment": 1357000.0,
        "Professional Expense And Contract Services Expense": 404000.0,
        "Other Non Interest Expense": 1967000.0
    },
    "2024-03-31": {
        "Tax Effect Of Unusual Items": 5042916.0,
        "Tax Rate For Calcs": 0.254,
        "Total Unusual Items": 19854000.0,
        "Total Unusual Items Excluding Goodwill": 19854000.0,
        "Net Income From Continuing Operation Net Minority Interest": 6254000.0,
        "Reconciled Depreciation": 448000.0,
        "Net Interest Income": 17457000.0,
        "Interest Expense": 2569000.0,
        "Interest Income": 20026000.0,
        "Normalized Income": -8557084.0,
        "Net Income From Continuing And Discontinued Operation": 6254000.0,
        "Diluted Average Shares": 5946000.0,
        "Basic Average Shares": 5887000.0,
        "Diluted EPS": 1.05,
        "Basic EPS": 1.06,
        "Diluted NI Availto Com Stockholders": 6254000.0,
        "Net Income Common Stockholders": 6254000.0,
        "Net Income": 6254000.0,
        "Net Income Including Noncontrolling Interests": 6254000.0,
        "Net Income Continuous Operations": 6254000.0,
        "Tax Provision": 2125000.0,
        "Pretax Income": 8379000.0,
        "Special Income Charges": 19854000.0,
        "Other Special Charges": -19854000.0,
        "Gain On Sale Of Security": -19826000.0,
        "Depreciation Amortization Depletion Income Statement": 51000.0,
        "Depreciation And Amortization In Income Statement": 51000.0,
        "Amortization": 51000.0,
        "Amortization Of Intangibles Income Statement": 51000.0,
        "Selling General And Administration": 5964000.0,
        "Selling And Marketing Expense": 244000.0,
        "General And Administrative Expense": 5720000.0,
        "Insurance And Claims": 187000.0,
        "Salaries And Wages": 5533000.0,
        "Total Revenue": -361000.0,
        "Operating Revenue": -361000.0,
        "Occupancy And Equipment": 1893000.0,
        "Professional Expense And Contract Services Expense": 439000.0,
        "Other Non Interest Expense": 1946000.0
    },
    "2024-06-30": {
        "Tax Effect Of Unusual Items": 0.0,
        "Tax Rate For Calcs": 0.269,
        "Total Unusual Items": 0.0,
        "Total Unusual Items Excluding Goodwill": 0.0,
        "Net Income From Continuing Operation Net Minority Interest": 6786000.0,
        "Reconciled Depreciation": 271000.0,
        "Net Interest Income": 18405000.0,
        "Interest Expense": 2755000.0,
        "Interest Income": 21160000.0,
        "Normalized Income": 6786000.0,
        "Net Income From Continuing And Discontinued Operation": 6786000.0,
        "Diluted Average Shares": 5946000.0,
        "Basic Average Shares": 5896000.0,
        "Diluted EPS": 1.14,
        "Basic EPS": 1.15,
        "Diluted NI Availto Com Stockholders": 6786000.0,
        "Net Income Common Stockholders": 6786000.0,
        "Net Income": 6786000.0,
        "Net Income Including Noncontrolling Interests": 6786000.0,
        "Net Income Continuous Operations": 6786000.0,
        "Tax Provision": 2500000.0,
        "Pretax Income": 9286000.0,
        "Special Income Charges": 0.0,
        "Other Special Charges": NaN,
        "Gain On Sale Of Security": 0.0,
        "Depreciation Amortization Depletion Income Statement": 51000.0,
        "Depreciation And Amortization In Income Statement": 51000.0,
        "Amortization": 51000.0,
        "Amortization Of Intangibles Income Statement": 51000.0,
        "Selling General And Administration": 5881000.0,
        "Selling And Marketing Expense": 214000.0,
        "General And Administrative Expense": 5667000.0,
        "Insurance And Claims": 185000.0,
        "Salaries And Wages": 5482000.0,
        "Total Revenue": 20490000.0,
        "Operating Revenue": 20490000.0,
        "Occupancy And Equipment": 1949000.0,
        "Professional Expense And Contract Services Expense": 329000.0,
        "Other Non Interest Expense": 2069000.0
    },
    "2024-09-30": {
        "Tax Effect Of Unusual Items": 0.0,
        "Tax Rate For Calcs": 0.267,
        "Total Unusual Items": 0.0,
        "Total Unusual Items Excluding Goodwill": 0.0,
        "Net Income From Continuing Operation Net Minority Interest": 7830000.0,
        "Reconciled Depreciation": 413000.0,
        "Net Interest Income": 18870000.0,
        "Interest Expense": 2992000.0,
        "Interest Income": 21862000.0,
        "Normalized Income": 7830000.0,
        "Net Income From Continuing And Discontinued Operation": 7830000.0,
        "Diluted Average Shares": 5968000.0,
        "Basic Average Shares": 5896000.0,
        "Diluted EPS": 1.31,
        "Basic EPS": 1.33,
        "Diluted NI Availto Com Stockholders": 7830000.0,
        "Net Income Common Stockholders": 7830000.0,
        "Net Income": 7830000.0,
        "Net Income Including Noncontrolling Interests": 7830000.0,
        "Net Income Continuous Operations": 7830000.0,
        "Tax Provision": 2853000.0,
        "Pretax Income": 10683000.0,
        "Special Income Charges": 0.0,
        "Other Special Charges": NaN,
        "Gain On Sale Of Security": 0.0,
        "Depreciation Amortization Depletion Income Statement": 51000.0,
        "Depreciation And Amortization In Income Statement": 51000.0,
        "Amortization": 51000.0,
        "Amortization Of Intangibles Income Statement": 51000.0,
        "Selling General And Administration": 6122000.0,
        "Selling And Marketing Expense": 247000.0,
        "General And Administrative Expense": 5875000.0,
        "Insurance And Claims": 191000.0,
        "Salaries And Wages": 5684000.0,
        "Total Revenue": 21005000.0,
        "Operating Revenue": 21005000.0,
        "Occupancy And Equipment": 1988000.0,
        "Professional Expense And Contract Services Expense": 345000.0,
        "Other Non Interest Expense": 2216000.0
    }
}