{
    "2023-03-31": {
        "Tax Effect Of Unusual Items": NaN,
        "Tax Rate For Calcs": NaN,
        "Normalized EBITDA": NaN,
        "Total Unusual Items": NaN,
        "Total Unusual Items Excluding Goodwill": NaN,
        "Net Income From Continuing Operation Net Minority Interest": NaN,
        "Reconciled Depreciation": NaN,
        "Reconciled Cost Of Revenue": NaN,
        "EBITDA": NaN,
        "EBIT": NaN,
        "Net Interest Income": NaN,
        "Interest Expense": NaN,
        "Normalized Income": NaN,
        "Net Income From Continuing And Discontinued Operation": NaN,
        "Total Expenses": NaN,
        "Total Operating Income As Reported": NaN,
        "Diluted Average Shares": NaN,
        "Basic Average Shares": NaN,
        "Diluted EPS": NaN,
        "Basic EPS": NaN,
        "Diluted NI Availto Com Stockholders": NaN,
        "Net Income Common Stockholders": NaN,
        "Net Income": NaN,
        "Net Income Including Noncontrolling Interests": NaN,
        "Net Income Discontinuous Operations": NaN,
        "Net Income Continuous Operations": NaN,
        "Tax Provision": NaN,
        "Pretax Income": NaN,
        "Other Income Expense": NaN,
        "Other Non Operating Income Expenses": NaN,
        "Special Income Charges": NaN,
        "Gain On Sale Of Ppe": NaN,
        "Other Special Charges": 1848000.0,
        "Write Off": 0.0,
        "Impairment Of Capital Assets": NaN,
        "Restructuring And Mergern Acquisition": -192000.0,
        "Gain On Sale Of Security": -3018000.0,
        "Net Non Operating Interest Income Expense": NaN,
        "Interest Expense Non Operating": NaN,
        "Operating Income": NaN,
        "Operating Expense": NaN,
        "Other Operating Expenses": NaN,
        "Selling General And Administration": NaN,
        "Selling And Marketing Expense": 50927000.0,
        "General And Administrative Expense": 41405000.0,
        "Other Gand A": 41405000.0,
        "Gross Profit": NaN,
        "Cost Of Revenue": NaN,
        "Total Revenue": NaN,
        "Operating Revenue": NaN
    },
    "2022-12-31": {
        "Tax Effect Of Unusual Items": NaN,
        "Tax Rate For Calcs": NaN,
        "Normalized EBITDA": NaN,
        "Total Unusual Items": NaN,
        "Total Unusual Items Excluding Goodwill": NaN,
        "Net Income From Continuing Operation Net Minority Interest": NaN,
        "Reconciled Depreciation": NaN,
        "Reconciled Cost Of Revenue": NaN,
        "EBITDA": NaN,
        "EBIT": NaN,
        "Net Interest Income": NaN,
        "Interest Expense": NaN,
        "Normalized Income": NaN,
        "Net Income From Continuing And Discontinued Operation": NaN,
        "Total Expenses": NaN,
        "Total Operating Income As Reported": NaN,
        "Diluted Average Shares": NaN,
        "Basic Average Shares": NaN,
        "Diluted EPS": NaN,
        "Basic EPS": NaN,
        "Diluted NI Availto Com Stockholders": NaN,
        "Net Income Common Stockholders": NaN,
        "Net Income": NaN,
        "Net Income Including Noncontrolling Interests": NaN,
        "Net Income Discontinuous Operations": NaN,
        "Net Income Continuous Operations": NaN,
        "Tax Provision": NaN,
        "Pretax Income": NaN,
        "Other Income Expense": NaN,
        "Other Non Operating Income Expenses": NaN,
        "Special Income Charges": NaN,
        "Gain On Sale Of Ppe": -113000.0,
        "Other Special Charges": 1046000.0,
        "Write Off": NaN,
        "Impairment Of Capital Assets": NaN,
        "Restructuring And Mergern Acquisition": NaN,
        "Gain On Sale Of Security": NaN,
        "Net Non Operating Interest Income Expense": NaN,
        "Interest Expense Non Operating": NaN,
        "Operating Income": NaN,
        "Operating Expense": NaN,
        "Other Operating Expenses": NaN,
        "Selling General And Administration": NaN,
        "Selling And Marketing Expense": 46458000.0,
        "General And Administrative Expense": 46458000.0,
        "Other Gand A": 46458000.0,
        "Gross Profit": NaN,
        "Cost Of Revenue": NaN,
        "Total Revenue": NaN,
        "Operating Revenue": NaN
    },
    "2022-09-30": {
        "Tax Effect Of Unusual Items": NaN,
        "Tax Rate For Calcs": NaN,
        "Normalized EBITDA": NaN,
        "Total Unusual Items": NaN,
        "Total Unusual Items Excluding Goodwill": NaN,
        "Net Income From Continuing Operation Net Minority Interest": NaN,
        "Reconciled Depreciation": NaN,
        "Reconciled Cost Of Revenue": NaN,
        "EBITDA": NaN,
        "EBIT": NaN,
        "Net Interest Income": NaN,
        "Interest Expense": NaN,
        "Normalized Income": NaN,
        "Net Income From Continuing And Discontinued Operation": NaN,
        "Total Expenses": NaN,
        "Total Operating Income As Reported": NaN,
        "Diluted Average Shares": NaN,
        "Basic Average Shares": NaN,
        "Diluted EPS": NaN,
        "Basic EPS": NaN,
        "Diluted NI Availto Com Stockholders": NaN,
        "Net Income Common Stockholders": NaN,
        "Net Income": NaN,
        "Net Income Including Noncontrolling Interests": NaN,
        "Net Income Discontinuous Operations": NaN,
        "Net Income Continuous Operations": NaN,
        "Tax Provision": NaN,
        "Pretax Income": NaN,
        "Other Income Expense": NaN,
        "Other Non Operating Income Expenses": NaN,
        "Special Income Charges": NaN,
        "Gain On Sale Of Ppe": 5802000.0,
        "Other Special Charges": 220000.0,
        "Write Off": NaN,
        "Restructuring And Mergern Acquisition": -1371000.0,
        "Gain On Sale Of Security": 9149000.0,
        "Net Non Operating Interest Income Expense": NaN,
        "Interest Expense Non Operating": NaN,
        "Operating Income": NaN,
        "Operating Expense": NaN,
        "Other Operating Expenses": NaN,
        "Selling General And Administration": NaN,
        "Selling And Marketing Expense": 43692000.0,
        "General And Administrative Expense": 43692000.0,
        "Other Gand A": 43692000.0,
        "Gross Profit": NaN,
        "Cost Of Revenue": NaN,
        "Total Revenue": NaN,
        "Operating Revenue": NaN
    },
    "2022-06-30": {
        "Tax Effect Of Unusual Items": 0.0,
        "Tax Rate For Calcs": 0.058,
        "Normalized EBITDA": -109000.0,
        "Total Unusual Items": 0.0,
        "Total Unusual Items Excluding Goodwill": 0.0,
        "Net Income From Continuing Operation Net Minority Interest": -8315000.0,
        "Reconciled Depreciation": 4637000.0,
        "Reconciled Cost Of Revenue": 28058000.0,
        "EBITDA": -109000.0,
        "EBIT": -4746000.0,
        "Net Interest Income": -4083000.0,
        "Interest Expense": 4083000.0,
        "Normalized Income": -8315000.0,
        "Net Income From Continuing And Discontinued Operation": -8315000.0,
        "Total Expenses": 71597000.0,
        "Total Operating Income As Reported": -6183000.0,
        "Diluted Average Shares": 46604046.0,
        "Basic Average Shares": 46604046.0,
        "Diluted EPS": -0.17,
        "Basic EPS": -0.17,
        "Diluted NI Availto Com Stockholders": -8315000.0,
        "Net Income Common Stockholders": -8315000.0,
        "Net Income": -8315000.0,
        "Net Income Including Noncontrolling Interests": -8315000.0,
        "Net Income Discontinuous Operations": NaN,
        "Net Income Continuous Operations": -8315000.0,
        "Tax Provision": -514000.0,
        "Pretax Income": -8829000.0,
        "Other Income Expense": 1437000.0,
        "Other Non Operating Income Expenses": 1437000.0,
        "Special Income Charges": 0.0,
        "Gain On Sale Of Ppe": NaN,
        "Other Special Charges": NaN,
        "Write Off": NaN,
        "Restructuring And Mergern Acquisition": NaN,
        "Gain On Sale Of Security": NaN,
        "Net Non Operating Interest Income Expense": -4083000.0,
        "Interest Expense Non Operating": 4083000.0,
        "Operating Income": -6183000.0,
        "Operating Expense": 43539000.0,
        "Other Operating Expenses": 2574000.0,
        "Selling General And Administration": 40965000.0,
        "Selling And Marketing Expense": 40965000.0,
        "Gross Profit": 37356000.0,
        "Cost Of Revenue": 28058000.0,
        "Total Revenue": 65414000.0,
        "Operating Revenue": 65414000.0
    },
    "2022-03-31": {
        "Diluted EPS": 0.12,
        "Total Revenue": 69,
        "Gross Profit": 40,
        "Operating Income": 7,
        "EBIT": 12,
        "Net Income": 6
    },
    "2021-12-31": {
        "Diluted EPS": -1.45,
        "Total Revenue": 96,
        "Gross Profit": 48,
        "Operating Income": -55,
        "EBIT": -50,
        "Net Income": -56
    },
    "2021-09-30": {
        "Diluted EPS": -0.18,
        "Total Revenue": 58,
        "Gross Profit": 32,
        "Operating Income": -6,
        "EBIT": -1,
        "Net Income": -8
    },
    "2021-06-30": {
        "Diluted EPS": -0.24,
        "Total Revenue": 50,
        "Gross Profit": 26,
        "Operating Income": -3,
        "EBIT": -1,
        "Net Income": -9
    },
    "2021-03-31": {
        "Diluted EPS": -0.17,
        "Total Revenue": 43,
        "Gross Profit": 24,
        "Operating Income": -5,
        "EBIT": -3,
        "Net Income": -5
    },
    "2020-12-31": {
        "Diluted EPS": -0.02,
        "Total Revenue": 46,
        "Gross Profit": 23,
        "Operating Income": 5,
        "EBIT": 5,
        "Net Income": -1
    },
    "2020-09-30": {
        "Diluted EPS": 0.05,
        "Total Revenue": 35,
        "Gross Profit": 19,
        "Operating Income": 4,
        "EBIT": 5,
        "Net Income": 1
    },
    "2020-06-30": {
        "Diluted EPS": -0.16,
        "Total Revenue": 35,
        "Gross Profit": 15,
        "Operating Income": 2,
        "EBIT": 2,
        "Net Income": -4
    },
    "2020-03-31": {
        "Diluted EPS": -0.11,
        "Total Revenue": 32,
        "Gross Profit": 15,
        "Operating Income": 3,
        "EBIT": 3,
        "Net Income": -2
    },
    "2019-12-31": {
        "Diluted EPS": 0.0,
        "Total Revenue": NaN,
        "Gross Profit": NaN,
        "Operating Income": NaN,
        "EBIT": NaN,
        "Net Income": NaN
    },
    "2023-06-30": {
        "Tax Effect Of Unusual Items": -8088990.796046,
        "Tax Rate For Calcs": 0.062833,
        "Normalized EBITDA": -4465000.0,
        "Total Unusual Items": -128737000.0,
        "Total Unusual Items Excluding Goodwill": -128737000.0,
        "Net Income From Continuing Operation Net Minority Interest": -132267000.0,
        "Reconciled Depreciation": 2176000.0,
        "Reconciled Cost Of Revenue": 9659000.0,
        "EBITDA": -133202000.0,
        "EBIT": -135378000.0,
        "Net Interest Income": -5757000.0,
        "Interest Expense": 5757000.0,
        "Normalized Income": -11618990.796046,
        "Net Income From Continuing And Discontinued Operation": -131815000.0,
        "Total Expenses": 41917000.0,
        "Total Operating Income As Reported": -153056000.0,
        "Diluted Average Shares": 74916379.0,
        "Basic Average Shares": 74916379.0,
        "Diluted EPS": -1.76,
        "Basic EPS": -1.76,
        "Diluted NI Availto Com Stockholders": -131815000.0,
        "Net Income Common Stockholders": -131815000.0,
        "Net Income": -131815000.0,
        "Net Income Including Noncontrolling Interests": -131815000.0,
        "Net Income Discontinuous Operations": 452000.0,
        "Net Income Continuous Operations": -132267000.0,
        "Tax Provision": -8868000.0,
        "Pretax Income": -141135000.0,
        "Other Income Expense": -128562000.0,
        "Other Non Operating Income Expenses": 175000.0,
        "Special Income Charges": -138260000.0,
        "Gain On Sale Of Ppe": NaN,
        "Other Special Charges": -7980000.0,
        "Write Off": 146240000.0,
        "Impairment Of Capital Assets": 146240000.0,
        "Restructuring And Mergern Acquisition": -75000.0,
        "Gain On Sale Of Security": 9523000.0,
        "Net Non Operating Interest Income Expense": -5757000.0,
        "Interest Expense Non Operating": 5757000.0,
        "Operating Income": -6816000.0,
        "Operating Expense": 32258000.0,
        "Other Operating Expenses": -259000.0,
        "Selling General And Administration": 32517000.0,
        "Selling And Marketing Expense": 32592000.0,
        "General And Administrative Expense": 32517000.0,
        "Other Gand A": 32517000.0,
        "Gross Profit": 25442000.0,
        "Cost Of Revenue": 9659000.0,
        "Total Revenue": 35101000.0,
        "Operating Revenue": 35101000.0
    },
    "2023-09-30": {
        "Tax Effect Of Unusual Items": -19117.425037,
        "Tax Rate For Calcs": 0.110505,
        "Normalized EBITDA": 3247000.0,
        "Total Unusual Items": -173000.0,
        "Total Unusual Items Excluding Goodwill": -173000.0,
        "Net Income From Continuing Operation Net Minority Interest": -8484000.0,
        "Reconciled Depreciation": 5992000.0,
        "Reconciled Cost Of Revenue": 9894000.0,
        "EBITDA": 3074000.0,
        "EBIT": -2918000.0,
        "Net Interest Income": -6620000.0,
        "Interest Expense": 6620000.0,
        "Normalized Income": -8330117.425037,
        "Net Income From Continuing And Discontinued Operation": -7165000.0,
        "Total Expenses": 36148000.0,
        "Total Operating Income As Reported": -3039000.0,
        "Diluted Average Shares": 73891105.0,
        "Basic Average Shares": 73891105.0,
        "Diluted EPS": -0.1,
        "Basic EPS": -0.1,
        "Diluted NI Availto Com Stockholders": -7165000.0,
        "Net Income Common Stockholders": -7165000.0,
        "Net Income": -7165000.0,
        "Net Income Including Noncontrolling Interests": -7165000.0,
        "Net Income Discontinuous Operations": 1319000.0,
        "Net Income Continuous Operations": -8484000.0,
        "Tax Provision": -1054000.0,
        "Pretax Income": -9538000.0,
        "Other Income Expense": -52000.0,
        "Other Non Operating Income Expenses": 121000.0,
        "Special Income Charges": -173000.0,
        "Gain On Sale Of Ppe": 0.0,
        "Other Special Charges": NaN,
        "Write Off": 392000.0,
        "Impairment Of Capital Assets": NaN,
        "Restructuring And Mergern Acquisition": -219000.0,
        "Gain On Sale Of Security": NaN,
        "Net Non Operating Interest Income Expense": -6620000.0,
        "Interest Expense Non Operating": 6620000.0,
        "Operating Income": -2866000.0,
        "Operating Expense": 26254000.0,
        "Other Operating Expenses": 740000.0,
        "Selling General And Administration": 25514000.0,
        "Selling And Marketing Expense": NaN,
        "General And Administrative Expense": NaN,
        "Other Gand A": NaN,
        "Gross Profit": 23388000.0,
        "Cost Of Revenue": 9894000.0,
        "Total Revenue": 33282000.0,
        "Operating Revenue": 33282000.0
    },
    "2023-12-31": {
        "Tax Effect Of Unusual Items": 2139690.0,
        "Tax Rate For Calcs": 0.21,
        "Normalized EBITDA": -3216000.0,
        "Total Unusual Items": 10189000.0,
        "Total Unusual Items Excluding Goodwill": 10189000.0,
        "Net Income From Continuing Operation Net Minority Interest": 338000.0,
        "Reconciled Depreciation": 1636000.0,
        "Reconciled Cost Of Revenue": 11232000.0,
        "EBITDA": 6973000.0,
        "EBIT": 5337000.0,
        "Net Interest Income": -5707000.0,
        "Interest Expense": 5707000.0,
        "Normalized Income": -7711310.0,
        "Net Income From Continuing And Discontinued Operation": 6219000.0,
        "Total Expenses": 37896000.0,
        "Total Operating Income As Reported": 5152000.0,
        "Diluted Average Shares": 73676424.0,
        "Basic Average Shares": 73676424.0,
        "Diluted EPS": -0.051007,
        "Basic EPS": -0.05,
        "Diluted NI Availto Com Stockholders": 6219000.0,
        "Net Income Common Stockholders": 6219000.0,
        "Net Income": 6219000.0,
        "Net Income Including Noncontrolling Interests": 6219000.0,
        "Net Income Discontinuous Operations": 5881000.0,
        "Net Income Continuous Operations": 338000.0,
        "Tax Provision": -708000.0,
        "Pretax Income": -370000.0,
        "Other Income Expense": 3869000.0,
        "Other Non Operating Income Expenses": -6320000.0,
        "Special Income Charges": 3684000.0,
        "Gain On Sale Of Ppe": 0.0,
        "Other Special Charges": 0.0,
        "Write Off": -980000.0,
        "Impairment Of Capital Assets": NaN,
        "Restructuring And Mergern Acquisition": -2704000.0,
        "Gain On Sale Of Security": NaN,
        "Net Non Operating Interest Income Expense": -5707000.0,
        "Interest Expense Non Operating": 5707000.0,
        "Operating Income": 1468000.0,
        "Operating Expense": 26664000.0,
        "Other Operating Expenses": 49000.0,
        "Selling General And Administration": 26615000.0,
        "Selling And Marketing Expense": NaN,
        "General And Administrative Expense": NaN,
        "Other Gand A": NaN,
        "Gross Profit": 28132000.0,
        "Cost Of Revenue": 11232000.0,
        "Total Revenue": 39364000.0,
        "Operating Revenue": 39364000.0
    },
    "2024-03-31": {
        "Tax Effect Of Unusual Items": -507570.0,
        "Tax Rate For Calcs": 0.21,
        "Normalized EBITDA": -2221000.0,
        "Total Unusual Items": -2417000.0,
        "Total Unusual Items Excluding Goodwill": -2417000.0,
        "Net Income From Continuing Operation Net Minority Interest": -16447000.0,
        "Reconciled Depreciation": 4329000.0,
        "Reconciled Cost Of Revenue": 12507000.0,
        "EBITDA": -4638000.0,
        "EBIT": -8967000.0,
        "Net Interest Income": -6427000.0,
        "Interest Expense": 6427000.0,
        "Normalized Income": -14537570.0,
        "Net Income From Continuing And Discontinued Operation": -16447000.0,
        "Total Expenses": 34819000.0,
        "Total Operating Income As Reported": -8917000.0,
        "Diluted Average Shares": 72677664.0,
        "Basic Average Shares": 72677664.0,
        "Diluted EPS": -0.23,
        "Basic EPS": -0.23,
        "Diluted NI Availto Com Stockholders": -16447000.0,
        "Net Income Common Stockholders": -16447000.0,
        "Net Income": -16447000.0,
        "Net Income Including Noncontrolling Interests": -16447000.0,
        "Net Income Discontinuous Operations": 0.0,
        "Net Income Continuous Operations": -16447000.0,
        "Tax Provision": 1053000.0,
        "Pretax Income": -15394000.0,
        "Other Income Expense": -2467000.0,
        "Other Non Operating Income Expenses": -50000.0,
        "Special Income Charges": -2417000.0,
        "Gain On Sale Of Ppe": NaN,
        "Other Special Charges": NaN,
        "Write Off": 2417000.0,
        "Impairment Of Capital Assets": NaN,
        "Restructuring And Mergern Acquisition": NaN,
        "Gain On Sale Of Security": NaN,
        "Net Non Operating Interest Income Expense": -6427000.0,
        "Interest Expense Non Operating": 6427000.0,
        "Operating Income": -6500000.0,
        "Operating Expense": 22312000.0,
        "Other Operating Expenses": NaN,
        "Selling General And Administration": 22312000.0,
        "Selling And Marketing Expense": NaN,
        "General And Administrative Expense": 22312000.0,
        "Other Gand A": 22312000.0,
        "Gross Profit": 15812000.0,
        "Cost Of Revenue": 12507000.0,
        "Total Revenue": 28319000.0,
        "Operating Revenue": 28319000.0
    },
    "2024-06-30": {
        "Tax Effect Of Unusual Items": -125790.0,
        "Tax Rate For Calcs": 0.21,
        "Normalized EBITDA": -4596000.0,
        "Total Unusual Items": -599000.0,
        "Total Unusual Items Excluding Goodwill": -599000.0,
        "Net Income From Continuing Operation Net Minority Interest": -16652000.0,
        "Reconciled Depreciation": 4253000.0,
        "Reconciled Cost Of Revenue": 8018000.0,
        "EBITDA": -5195000.0,
        "EBIT": -9448000.0,
        "Net Interest Income": -6588000.0,
        "Interest Expense": 6588000.0,
        "Normalized Income": -16178790.0,
        "Net Income From Continuing And Discontinued Operation": -16652000.0,
        "Total Expenses": 33489000.0,
        "Total Operating Income As Reported": -9203000.0,
        "Diluted Average Shares": 73040566.0,
        "Basic Average Shares": 73040566.0,
        "Diluted EPS": -0.23,
        "Basic EPS": -0.23,
        "Diluted NI Availto Com Stockholders": -16652000.0,
        "Net Income Common Stockholders": -16652000.0,
        "Net Income": -16652000.0,
        "Net Income Including Noncontrolling Interests": -16652000.0,
        "Net Income Discontinuous Operations": 0.0,
        "Net Income Continuous Operations": -16652000.0,
        "Tax Provision": 616000.0,
        "Pretax Income": -16036000.0,
        "Other Income Expense": -844000.0,
        "Other Non Operating Income Expenses": -245000.0,
        "Special Income Charges": -599000.0,
        "Gain On Sale Of Ppe": NaN,
        "Other Special Charges": NaN,
        "Write Off": NaN,
        "Impairment Of Capital Assets": 599000.0,
        "Restructuring And Mergern Acquisition": NaN,
        "Gain On Sale Of Security": NaN,
        "Net Non Operating Interest Income Expense": -6588000.0,
        "Interest Expense Non Operating": 6588000.0,
        "Operating Income": -8604000.0,
        "Operating Expense": 25471000.0,
        "Other Operating Expenses": -18000.0,
        "Selling General And Administration": 25489000.0,
        "Selling And Marketing Expense": NaN,
        "General And Administrative Expense": 25489000.0,
        "Other Gand A": 25489000.0,
        "Gross Profit": 16867000.0,
        "Cost Of Revenue": 8018000.0,
        "Total Revenue": 24885000.0,
        "Operating Revenue": 24885000.0
    }
}