{
    "2023-03-31": {
        "Tax Effect Of Unusual Items": 0.0,
        "Tax Rate For Calcs": 0.235,
        "Net Income From Continuing Operation Net Minority Interest": 17313000.0,
        "EBIT": 23649000.0,
        "Net Interest Income": -1020000.0,
        "Interest Expense": 1020000.0,
        "Interest Income": 5241000.0,
        "Normalized Income": 17313000.0,
        "Net Income From Continuing And Discontinued Operation": 17313000.0,
        "Total Expenses": 66573000.0,
        "Diluted Average Shares": 25442902.0,
        "Basic Average Shares": 24969703.0,
        "Diluted EPS": 0.68,
        "Basic EPS": 0.69,
        "Diluted NI Availto Com Stockholders": 17313000.0,
        "Net Income Common Stockholders": 17313000.0,
        "Net Income": 17313000.0,
        "Net Income Including Noncontrolling Interests": 17313000.0,
        "Net Income Continuous Operations": 17313000.0,
        "Tax Provision": 5316000.0,
        "Pretax Income": 22629000.0,
        "Net Non Operating Interest Income Expense": -1020000.0,
        "Interest Expense Non Operating": 1020000.0,
        "Total Revenue": 89202000.0,
        "Operating Revenue": 89202000.0
    },
    "2022-12-31": {
        "Tax Effect Of Unusual Items": 0.0,
        "Tax Rate For Calcs": 0.248949,
        "Net Income From Continuing Operation Net Minority Interest": 18759000.0,
        "EBIT": 25375000.0,
        "Net Interest Income": -398000.0,
        "Interest Expense": 398000.0,
        "Interest Income": 4524000.0,
        "Normalized Income": 18759000.0,
        "Net Income From Continuing And Discontinued Operation": 18759000.0,
        "Total Expenses": 63648000.0,
        "Diluted Average Shares": 25729681.0,
        "Basic Average Shares": 25199074.0,
        "Diluted EPS": 0.73,
        "Basic EPS": 0.74,
        "Diluted NI Availto Com Stockholders": 18759000.0,
        "Net Income Common Stockholders": 18759000.0,
        "Net Income": 18759000.0,
        "Net Income Including Noncontrolling Interests": 18759000.0,
        "Net Income Continuous Operations": 18759000.0,
        "Tax Provision": 6218000.0,
        "Pretax Income": 24977000.0,
        "Net Non Operating Interest Income Expense": -398000.0,
        "Interest Expense Non Operating": 398000.0,
        "Total Revenue": 88625000.0,
        "Operating Revenue": 88625000.0
    },
    "2022-09-30": {
        "Tax Effect Of Unusual Items": 0.0,
        "Tax Rate For Calcs": 0.175,
        "Net Income From Continuing Operation Net Minority Interest": 4286000.0,
        "EBIT": 5468000.0,
        "Net Interest Income": -270000.0,
        "Interest Expense": 270000.0,
        "Interest Income": 3866000.0,
        "Normalized Income": 4286000.0,
        "Net Income From Continuing And Discontinued Operation": 4286000.0,
        "Total Expenses": 75494000.0,
        "Diluted Average Shares": 25787625.0,
        "Basic Average Shares": 25209368.0,
        "Diluted EPS": 0.17,
        "Basic EPS": 0.17,
        "Diluted NI Availto Com Stockholders": 4286000.0,
        "Net Income Common Stockholders": 4286000.0,
        "Net Income": 4286000.0,
        "Net Income Including Noncontrolling Interests": 4286000.0,
        "Net Income Continuous Operations": 4286000.0,
        "Tax Provision": 912000.0,
        "Pretax Income": 5198000.0,
        "Net Non Operating Interest Income Expense": -270000.0,
        "Interest Expense Non Operating": 270000.0,
        "Total Revenue": 80692000.0,
        "Operating Revenue": 80692000.0
    },
    "2022-06-30": {
        "Tax Effect Of Unusual Items": 0.0,
        "Tax Rate For Calcs": 0.202,
        "Net Income From Continuing Operation Net Minority Interest": 14589000.0,
        "EBIT": 18404000.0,
        "Net Interest Income": -111000.0,
        "Interest Expense": 111000.0,
        "Interest Income": NaN,
        "Normalized Income": 14589000.0,
        "Net Income From Continuing And Discontinued Operation": 14589000.0,
        "Total Expenses": 61367000.0,
        "Diluted Average Shares": 25746780.0,
        "Basic Average Shares": 25211924.0,
        "Diluted EPS": 0.57,
        "Basic EPS": 0.58,
        "Diluted NI Availto Com Stockholders": 14589000.0,
        "Net Income Common Stockholders": 14589000.0,
        "Net Income": 14589000.0,
        "Net Income Including Noncontrolling Interests": 14589000.0,
        "Net Income Continuous Operations": 14589000.0,
        "Tax Provision": 3704000.0,
        "Pretax Income": 18293000.0,
        "Net Non Operating Interest Income Expense": -111000.0,
        "Interest Expense Non Operating": 111000.0,
        "Total Revenue": 79660000.0,
        "Operating Revenue": 79660000.0
    },
    "2023-06-30": {
        "Tax Effect Of Unusual Items": 0.0,
        "Tax Rate For Calcs": 0.237,
        "Net Income From Continuing Operation Net Minority Interest": 17562000.0,
        "EBIT": 24084000.0,
        "Net Interest Income": -1064000.0,
        "Interest Expense": 1064000.0,
        "Interest Income": 5666000.0,
        "Normalized Income": 17562000.0,
        "Net Income From Continuing And Discontinued Operation": 17562000.0,
        "Total Expenses": 67376000.0,
        "Diluted Average Shares": 25309526.0,
        "Basic Average Shares": 24833852.0,
        "Diluted EPS": 0.69,
        "Basic EPS": 0.71,
        "Diluted NI Availto Com Stockholders": 17562000.0,
        "Net Income Common Stockholders": 17562000.0,
        "Net Income": 17562000.0,
        "Net Income Including Noncontrolling Interests": 17562000.0,
        "Net Income Continuous Operations": 17562000.0,
        "Tax Provision": 5458000.0,
        "Pretax Income": 23020000.0,
        "Net Non Operating Interest Income Expense": -1064000.0,
        "Interest Expense Non Operating": 1064000.0,
        "Total Revenue": 90396000.0,
        "Operating Revenue": 90396000.0
    },
    "2022-03-31": {
        "Diluted EPS": 0.56,
        "Total Revenue": 78,
        "Gross Profit": 19,
        "Operating Income": 19,
        "EBIT": 19,
        "Net Income": 15
    },
    "2021-12-31": {
        "Diluted EPS": 0.65,
        "Total Revenue": 73,
        "Gross Profit": 21,
        "Operating Income": 21,
        "EBIT": 21,
        "Net Income": 17
    },
    "2021-09-30": {
        "Diluted EPS": 0.01,
        "Total Revenue": 68,
        "Gross Profit": 0,
        "Operating Income": 0,
        "EBIT": 0,
        "Net Income": 0
    },
    "2021-06-30": {
        "Diluted EPS": 0.47,
        "Total Revenue": 58,
        "Gross Profit": 16,
        "Operating Income": 16,
        "EBIT": 16,
        "Net Income": 12
    },
    "2021-03-31": {
        "Diluted EPS": 0.63,
        "Total Revenue": 49,
        "Gross Profit": 20,
        "Operating Income": 20,
        "EBIT": 20,
        "Net Income": 17
    },
    "2020-12-31": {
        "Diluted EPS": -0.1,
        "Total Revenue": 42,
        "Gross Profit": -2,
        "Operating Income": -2,
        "EBIT": -2,
        "Net Income": -2
    },
    "2020-09-30": {
        "Diluted EPS": -0.62,
        "Total Revenue": 45,
        "Gross Profit": -22,
        "Operating Income": -22,
        "EBIT": -22,
        "Net Income": -16
    },
    "2020-06-30": {
        "Diluted EPS": 0.48,
        "Total Revenue": 43,
        "Gross Profit": 15,
        "Operating Income": 15,
        "EBIT": 15,
        "Net Income": 12
    },
    "2020-03-31": {
        "Diluted EPS": 0.48,
        "Total Revenue": 38,
        "Gross Profit": 15,
        "Operating Income": 15,
        "EBIT": 15,
        "Net Income": 12
    },
    "2019-12-31": {
        "Diluted EPS": 0.73,
        "Total Revenue": 35,
        "Gross Profit": 14,
        "Operating Income": 14,
        "EBIT": 14,
        "Net Income": 11
    },
    "2019-09-30": {
        "Diluted EPS": 0.31,
        "Total Revenue": 30,
        "Gross Profit": 9,
        "Operating Income": 9,
        "EBIT": 9,
        "Net Income": 7
    },
    "2019-06-30": {
        "Diluted EPS": 0.3,
        "Total Revenue": 26,
        "Gross Profit": 9,
        "Operating Income": 8,
        "EBIT": 9,
        "Net Income": 7
    },
    "2019-03-31": {
        "Diluted EPS": -0.85,
        "Total Revenue": 22,
        "Gross Profit": -14,
        "Operating Income": -14,
        "EBIT": -14,
        "Net Income": -14
    },
    "2018-12-31": {
        "Diluted EPS": 0.24,
        "Total Revenue": 16,
        "Gross Profit": -6,
        "Operating Income": 5,
        "EBIT": 6,
        "Net Income": 4
    },
    "2018-09-30": {
        "Diluted EPS": 0.09,
        "Total Revenue": 19,
        "Gross Profit": 2,
        "Operating Income": 2,
        "EBIT": 2,
        "Net Income": 2
    },
    "2018-06-30": {
        "Diluted EPS": 0.41,
        "Total Revenue": 20,
        "Gross Profit": 7,
        "Operating Income": 7,
        "EBIT": 7,
        "Net Income": 7
    },
    "2018-03-31": {
        "Diluted EPS": 0.33,
        "Total Revenue": 19,
        "Gross Profit": 6,
        "Operating Income": 6,
        "EBIT": 6,
        "Net Income": 6
    },
    "2017-12-31": {
        "Diluted EPS": 0.0,
        "Total Revenue": NaN,
        "Gross Profit": NaN,
        "Operating Income": NaN,
        "EBIT": NaN,
        "Net Income": NaN
    },
    "2023-09-30": {
        "Tax Effect Of Unusual Items": 0.0,
        "Tax Rate For Calcs": 0.249,
        "Net Income From Continuing Operation Net Minority Interest": 18432000.0,
        "EBIT": 25402000.0,
        "Net Interest Income": -867000.0,
        "Interest Expense": 867000.0,
        "Interest Income": 6163000.0,
        "Normalized Income": 18432000.0,
        "Net Income From Continuing And Discontinued Operation": 18432000.0,
        "Total Expenses": 66400000.0,
        "Diluted Average Shares": 25244828.0,
        "Basic Average Shares": 24740455.0,
        "Diluted EPS": 0.73,
        "Basic EPS": 0.75,
        "Diluted NI Availto Com Stockholders": 18432000.0,
        "Net Income Common Stockholders": 18432000.0,
        "Net Income": 18432000.0,
        "Net Income Including Noncontrolling Interests": 18432000.0,
        "Net Income Continuous Operations": 18432000.0,
        "Tax Provision": 6103000.0,
        "Pretax Income": 24535000.0,
        "Net Non Operating Interest Income Expense": -867000.0,
        "Interest Expense Non Operating": 867000.0,
        "Total Revenue": 90935000.0,
        "Operating Revenue": 90935000.0
    },
    "2023-12-31": {
        "Tax Effect Of Unusual Items": 0.0,
        "Tax Rate For Calcs": 0.226061,
        "Net Income From Continuing Operation Net Minority Interest": 25896000.0,
        "EBIT": 34283000.0,
        "Net Interest Income": -823000.0,
        "Interest Expense": 823000.0,
        "Interest Income": 7150000.0,
        "Normalized Income": 25896000.0,
        "Net Income From Continuing And Discontinued Operation": 25896000.0,
        "Total Expenses": 71934000.0,
        "Diluted Average Shares": 25272149.0,
        "Basic Average Shares": 24747347.0,
        "Diluted EPS": 1.02,
        "Basic EPS": 1.05,
        "Diluted NI Availto Com Stockholders": 25896000.0,
        "Net Income Common Stockholders": 25896000.0,
        "Net Income": 25896000.0,
        "Net Income Including Noncontrolling Interests": 25896000.0,
        "Net Income Continuous Operations": 25896000.0,
        "Tax Provision": 7564000.0,
        "Pretax Income": 33460000.0,
        "Net Non Operating Interest Income Expense": -823000.0,
        "Interest Expense Non Operating": 823000.0,
        "Total Revenue": 105394000.0,
        "Operating Revenue": 105394000.0
    },
    "2024-03-31": {
        "Tax Effect Of Unusual Items": 0.0,
        "Tax Rate For Calcs": 0.232,
        "Net Income From Continuing Operation Net Minority Interest": 26382000.0,
        "EBIT": 35096000.0,
        "Net Interest Income": -740000.0,
        "Interest Expense": 740000.0,
        "Interest Income": 7523000.0,
        "Normalized Income": 26382000.0,
        "Net Income From Continuing And Discontinued Operation": 26382000.0,
        "Total Expenses": 84179000.0,
        "Diluted Average Shares": 25468564.0,
        "Basic Average Shares": 24862367.0,
        "Diluted EPS": 1.04,
        "Basic EPS": 1.06,
        "Diluted NI Availto Com Stockholders": 26382000.0,
        "Net Income Common Stockholders": 26382000.0,
        "Net Income": 26382000.0,
        "Net Income Including Noncontrolling Interests": 26382000.0,
        "Net Income Continuous Operations": 26382000.0,
        "Tax Provision": 7974000.0,
        "Pretax Income": 34356000.0,
        "Net Non Operating Interest Income Expense": -740000.0,
        "Interest Expense Non Operating": 740000.0,
        "Total Revenue": 118535000.0,
        "Operating Revenue": 118535000.0
    }
}