{
    "2023-03-31": {
        "Tax Effect Of Unusual Items": 0.0,
        "Tax Rate For Calcs": 0.276495,
        "Normalized EBITDA": 92210000.0,
        "Net Income From Continuing Operation Net Minority Interest": 22705000.0,
        "Reconciled Depreciation": 36010000.0,
        "Reconciled Cost Of Revenue": 102356000.0,
        "EBITDA": 92210000.0,
        "EBIT": 56200000.0,
        "Net Interest Income": -17668000.0,
        "Interest Expense": 21599000.0,
        "Interest Income": 3931000.0,
        "Normalized Income": 22705000.0,
        "Net Income From Continuing And Discontinued Operation": 22705000.0,
        "Total Expenses": 170069000.0,
        "Total Operating Income As Reported": 52156000.0,
        "Diluted Average Shares": 84787000.0,
        "Basic Average Shares": 84444000.0,
        "Diluted EPS": 0.27,
        "Basic EPS": 0.27,
        "Diluted NI Availto Com Stockholders": 22705000.0,
        "Net Income Common Stockholders": 22705000.0,
        "Net Income": 22705000.0,
        "Minority Interests": -2064000.0,
        "Net Income Including Noncontrolling Interests": 24769000.0,
        "Net Income Continuous Operations": 24769000.0,
        "Earnings From Equity Interest Net Of Tax": -265000.0,
        "Tax Provision": 9567000.0,
        "Pretax Income": 34601000.0,
        "Other Income Expense": 113000.0,
        "Other Non Operating Income Expenses": 113000.0,
        "Net Non Operating Interest Income Expense": -17668000.0,
        "Interest Expense Non Operating": 21599000.0,
        "Interest Income Non Operating": 3931000.0,
        "Operating Income": 52156000.0,
        "Operating Expense": 67713000.0,
        "Other Operating Expenses": 3936000.0,
        "Depreciation Amortization Depletion Income Statement": 36010000.0,
        "Depreciation And Amortization In Income Statement": 36010000.0,
        "Selling General And Administration": 27767000.0,
        "Gross Profit": 119869000.0,
        "Cost Of Revenue": 102356000.0,
        "Total Revenue": 222225000.0,
        "Operating Revenue": 222225000.0
    },
    "2022-12-31": {
        "Tax Effect Of Unusual Items": 0.0,
        "Tax Rate For Calcs": 0.285532,
        "Normalized EBITDA": 106734000.0,
        "Net Income From Continuing Operation Net Minority Interest": 33683000.0,
        "Reconciled Depreciation": 33595000.0,
        "Reconciled Cost Of Revenue": 147068000.0,
        "EBITDA": 106734000.0,
        "EBIT": 73139000.0,
        "Net Interest Income": -19340000.0,
        "Interest Expense": 22101000.0,
        "Interest Income": 2761000.0,
        "Normalized Income": 33683000.0,
        "Net Income From Continuing And Discontinued Operation": 33683000.0,
        "Total Expenses": 216873000.0,
        "Total Operating Income As Reported": 64395000.0,
        "Diluted Average Shares": 83782392.0,
        "Basic Average Shares": 83416276.0,
        "Diluted EPS": 0.4,
        "Basic EPS": 0.4,
        "Diluted NI Availto Com Stockholders": 33683000.0,
        "Net Income Common Stockholders": 33683000.0,
        "Net Income": 33683000.0,
        "Minority Interests": -2649000.0,
        "Net Income Including Noncontrolling Interests": 36332000.0,
        "Net Income Continuous Operations": 36332000.0,
        "Earnings From Equity Interest Net Of Tax": -133000.0,
        "Tax Provision": 14573000.0,
        "Pretax Income": 51038000.0,
        "Other Income Expense": 5983000.0,
        "Other Non Operating Income Expenses": 5983000.0,
        "Net Non Operating Interest Income Expense": -19340000.0,
        "Interest Expense Non Operating": 22101000.0,
        "Interest Income Non Operating": 2761000.0,
        "Operating Income": 64395000.0,
        "Operating Expense": 69805000.0,
        "Other Operating Expenses": 7533000.0,
        "Depreciation Amortization Depletion Income Statement": 33595000.0,
        "Depreciation And Amortization In Income Statement": 33595000.0,
        "Selling General And Administration": 28677000.0,
        "Gross Profit": 134200000.0,
        "Cost Of Revenue": 147068000.0,
        "Total Revenue": 281268000.0,
        "Operating Revenue": 281268000.0
    },
    "2022-09-30": {
        "Tax Effect Of Unusual Items": 0.0,
        "Tax Rate For Calcs": 0.337959,
        "Normalized EBITDA": 100829000.0,
        "Net Income From Continuing Operation Net Minority Interest": 26913000.0,
        "Reconciled Depreciation": 32572000.0,
        "Reconciled Cost Of Revenue": 123432000.0,
        "EBITDA": 100829000.0,
        "EBIT": 68257000.0,
        "Net Interest Income": -20356000.0,
        "Interest Expense": 21917000.0,
        "Interest Income": 1561000.0,
        "Normalized Income": 26913000.0,
        "Net Income From Continuing And Discontinued Operation": 26913000.0,
        "Total Expenses": 182452000.0,
        "Total Operating Income As Reported": 61934000.0,
        "Diluted Average Shares": 84547000.0,
        "Basic Average Shares": 84156000.0,
        "Diluted EPS": 0.32,
        "Basic EPS": 0.32,
        "Diluted NI Availto Com Stockholders": 26913000.0,
        "Net Income Common Stockholders": 26913000.0,
        "Net Income": 26913000.0,
        "Minority Interests": -3764000.0,
        "Net Income Including Noncontrolling Interests": 30677000.0,
        "Net Income Continuous Operations": 30677000.0,
        "Earnings From Equity Interest Net Of Tax": -2000.0,
        "Tax Provision": 15661000.0,
        "Pretax Income": 46340000.0,
        "Other Income Expense": 4762000.0,
        "Other Non Operating Income Expenses": 4762000.0,
        "Net Non Operating Interest Income Expense": -20356000.0,
        "Interest Expense Non Operating": 21917000.0,
        "Interest Income Non Operating": 1561000.0,
        "Operating Income": 61934000.0,
        "Operating Expense": 59020000.0,
        "Other Operating Expenses": -700000.0,
        "Depreciation Amortization Depletion Income Statement": 32572000.0,
        "Depreciation And Amortization In Income Statement": 32572000.0,
        "Selling General And Administration": 27148000.0,
        "Gross Profit": 120954000.0,
        "Cost Of Revenue": 123432000.0,
        "Total Revenue": 244386000.0,
        "Operating Revenue": 244386000.0
    },
    "2022-06-30": {
        "Tax Effect Of Unusual Items": 0.0,
        "Tax Rate For Calcs": 0.254,
        "Normalized EBITDA": 87886000.0,
        "Net Income From Continuing Operation Net Minority Interest": 22342000.0,
        "Reconciled Depreciation": 32172000.0,
        "Reconciled Cost Of Revenue": 107795000.0,
        "EBITDA": 87886000.0,
        "EBIT": 55714000.0,
        "Net Interest Income": -21505000.0,
        "Interest Expense": 21979000.0,
        "Interest Income": 474000.0,
        "Normalized Income": 22342000.0,
        "Net Income From Continuing And Discontinued Operation": 22342000.0,
        "Total Expenses": 169350000.0,
        "Total Operating Income As Reported": 55092000.0,
        "Diluted Average Shares": 91746991.0,
        "Basic Average Shares": 90955285.0,
        "Diluted EPS": 0.26,
        "Basic EPS": 0.26,
        "Diluted NI Availto Com Stockholders": 22342000.0,
        "Net Income Common Stockholders": 22342000.0,
        "Net Income": 22342000.0,
        "Minority Interests": -2729000.0,
        "Net Income Including Noncontrolling Interests": 25071000.0,
        "Net Income Continuous Operations": 25071000.0,
        "Earnings From Equity Interest Net Of Tax": -94000.0,
        "Tax Provision": 8570000.0,
        "Pretax Income": 33735000.0,
        "Other Income Expense": 148000.0,
        "Other Non Operating Income Expenses": 148000.0,
        "Net Non Operating Interest Income Expense": -21505000.0,
        "Interest Expense Non Operating": 21979000.0,
        "Interest Income Non Operating": 474000.0,
        "Operating Income": 55092000.0,
        "Operating Expense": 61555000.0,
        "Other Operating Expenses": 1181000.0,
        "Depreciation Amortization Depletion Income Statement": 32172000.0,
        "Depreciation And Amortization In Income Statement": 32172000.0,
        "Selling General And Administration": 28202000.0,
        "Gross Profit": 116647000.0,
        "Cost Of Revenue": 107795000.0,
        "Total Revenue": 224442000.0,
        "Operating Revenue": 224442000.0
    },
    "2023-06-30": {
        "Tax Effect Of Unusual Items": 0.0,
        "Tax Rate For Calcs": 0.263273,
        "Normalized EBITDA": 118302000.0,
        "Net Income From Continuing Operation Net Minority Interest": 41135000.0,
        "Reconciled Depreciation": 36767000.0,
        "Reconciled Cost Of Revenue": 136223000.0,
        "EBITDA": 118302000.0,
        "EBIT": 81535000.0,
        "Net Interest Income": -17305000.0,
        "Interest Expense": 21468000.0,
        "Interest Income": 4163000.0,
        "Normalized Income": 41135000.0,
        "Net Income From Continuing And Discontinued Operation": 41135000.0,
        "Total Expenses": 209461000.0,
        "Total Operating Income As Reported": 77002000.0,
        "Diluted Average Shares": 89318941.0,
        "Basic Average Shares": 88802035.0,
        "Diluted EPS": 0.48,
        "Basic EPS": 0.49,
        "Diluted NI Availto Com Stockholders": 41135000.0,
        "Net Income Common Stockholders": 41135000.0,
        "Net Income": 41135000.0,
        "Minority Interests": -3045000.0,
        "Net Income Including Noncontrolling Interests": 44180000.0,
        "Net Income Continuous Operations": 44180000.0,
        "Earnings From Equity Interest Net Of Tax": -73000.0,
        "Tax Provision": 15814000.0,
        "Pretax Income": 60067000.0,
        "Other Income Expense": 370000.0,
        "Other Non Operating Income Expenses": 370000.0,
        "Net Non Operating Interest Income Expense": -17305000.0,
        "Interest Expense Non Operating": 21468000.0,
        "Interest Income Non Operating": 4163000.0,
        "Operating Income": 77002000.0,
        "Operating Expense": 73238000.0,
        "Other Operating Expenses": 3825000.0,
        "Depreciation Amortization Depletion Income Statement": 36767000.0,
        "Depreciation And Amortization In Income Statement": 36767000.0,
        "Selling General And Administration": 32646000.0,
        "Gross Profit": 150240000.0,
        "Cost Of Revenue": 136223000.0,
        "Total Revenue": 286463000.0,
        "Operating Revenue": 286463000.0
    },
    "2022-03-31": {
        "Diluted EPS": 0.19,
        "Total Revenue": 187,
        "Gross Profit": 164,
        "Operating Income": 49,
        "EBIT": 76,
        "Net Income": 16
    },
    "2021-12-31": {
        "Diluted EPS": 0.06,
        "Total Revenue": 184,
        "Gross Profit": 136,
        "Operating Income": 29,
        "EBIT": 47,
        "Net Income": 6
    },
    "2021-09-30": {
        "Diluted EPS": 0.21,
        "Total Revenue": 154,
        "Gross Profit": 127,
        "Operating Income": 45,
        "EBIT": 62,
        "Net Income": 17
    },
    "2021-06-30": {
        "Diluted EPS": 0.17,
        "Total Revenue": 137,
        "Gross Profit": 119,
        "Operating Income": 40,
        "EBIT": 57,
        "Net Income": 14
    },
    "2021-03-31": {
        "Diluted EPS": 0.07,
        "Total Revenue": 112,
        "Gross Profit": 104,
        "Operating Income": 29,
        "EBIT": 46,
        "Net Income": 6
    },
    "2020-12-31": {
        "Diluted EPS": 0.1,
        "Total Revenue": 134,
        "Gross Profit": 108,
        "Operating Income": 32,
        "EBIT": 48,
        "Net Income": 9
    },
    "2020-09-30": {
        "Diluted EPS": -0.04,
        "Total Revenue": 105,
        "Gross Profit": 90,
        "Operating Income": 16,
        "EBIT": 31,
        "Net Income": -3
    },
    "2020-06-30": {
        "Diluted EPS": -0.36,
        "Total Revenue": 40,
        "Gross Profit": 32,
        "Operating Income": -23,
        "EBIT": -8,
        "Net Income": -29
    },
    "2020-03-31": {
        "Diluted EPS": 0.11,
        "Total Revenue": 127,
        "Gross Profit": 105,
        "Operating Income": 34,
        "EBIT": 49,
        "Net Income": 9
    },
    "2019-12-31": {
        "Diluted EPS": 0.37,
        "Total Revenue": 192,
        "Gross Profit": 132,
        "Operating Income": 62,
        "EBIT": 75,
        "Net Income": 30
    },
    "2019-09-30": {
        "Diluted EPS": 0.31,
        "Total Revenue": 167,
        "Gross Profit": 121,
        "Operating Income": 53,
        "EBIT": 66,
        "Net Income": 26
    },
    "2019-06-30": {
        "Diluted EPS": 0.41,
        "Total Revenue": 182,
        "Gross Profit": 127,
        "Operating Income": 65,
        "EBIT": 77,
        "Net Income": 35
    },
    "2019-03-31": {
        "Diluted EPS": 0.32,
        "Total Revenue": 149,
        "Gross Profit": 114,
        "Operating Income": 53,
        "EBIT": 65,
        "Net Income": 27
    },
    "2018-12-31": {
        "Diluted EPS": 0.28,
        "Total Revenue": 174,
        "Gross Profit": 112,
        "Operating Income": 53,
        "EBIT": 64,
        "Net Income": 25
    },
    "2018-09-30": {
        "Diluted EPS": 0.2,
        "Total Revenue": 137,
        "Gross Profit": 100,
        "Operating Income": 44,
        "EBIT": 54,
        "Net Income": 17
    },
    "2018-06-30": {
        "Diluted EPS": 0.29,
        "Total Revenue": 141,
        "Gross Profit": 104,
        "Operating Income": 49,
        "EBIT": 58,
        "Net Income": 26
    },
    "2018-03-31": {
        "Diluted EPS": 0.23,
        "Total Revenue": 121,
        "Gross Profit": 95,
        "Operating Income": 39,
        "EBIT": 48,
        "Net Income": 20
    },
    "2017-12-31": {
        "Diluted EPS": -0.06,
        "Total Revenue": 134,
        "Gross Profit": 83,
        "Operating Income": 42,
        "EBIT": 51,
        "Net Income": -3
    },
    "2017-09-30": {
        "Diluted EPS": 0.18,
        "Total Revenue": 97,
        "Gross Profit": 72,
        "Operating Income": 34,
        "EBIT": 43,
        "Net Income": 15
    },
    "2017-06-30": {
        "Diluted EPS": 0.16,
        "Total Revenue": 107,
        "Gross Profit": 76,
        "Operating Income": 38,
        "EBIT": 47,
        "Net Income": 12
    },
    "2017-03-31": {
        "Diluted EPS": 0.14,
        "Total Revenue": 91,
        "Gross Profit": 70,
        "Operating Income": 33,
        "EBIT": 42,
        "Net Income": 9
    },
    "2016-12-31": {
        "Diluted EPS": 0.22,
        "Total Revenue": 116,
        "Gross Profit": 71,
        "Operating Income": 36,
        "EBIT": 45,
        "Net Income": 11
    },
    "2016-09-30": {
        "Diluted EPS": 0.08,
        "Total Revenue": 87,
        "Gross Profit": 61,
        "Operating Income": 26,
        "EBIT": 35,
        "Net Income": 3
    },
    "2016-06-30": {
        "Diluted EPS": 0.11,
        "Total Revenue": 91,
        "Gross Profit": 64,
        "Operating Income": 28,
        "EBIT": 36,
        "Net Income": 4
    },
    "2016-03-31": {
        "Diluted EPS": 0.09,
        "Total Revenue": 83,
        "Gross Profit": 60,
        "Operating Income": 26,
        "EBIT": 34,
        "Net Income": 3
    },
    "2015-12-31": {
        "Diluted EPS": 0.07,
        "Total Revenue": 106,
        "Gross Profit": 62,
        "Operating Income": 29,
        "EBIT": 37,
        "Net Income": 2
    },
    "2015-09-30": {
        "Diluted EPS": 0.04,
        "Total Revenue": 69,
        "Gross Profit": 50,
        "Operating Income": 10,
        "EBIT": 19,
        "Net Income": -4
    },
    "2015-06-30": {
        "Diluted EPS": 0.0,
        "Total Revenue": 79,
        "Gross Profit": 54,
        "Operating Income": 19,
        "EBIT": 27,
        "Net Income": 12
    },
    "2015-03-31": {
        "Diluted EPS": 0.0,
        "Total Revenue": 77,
        "Gross Profit": 51,
        "Operating Income": 14,
        "EBIT": 23,
        "Net Income": 8
    },
    "2014-12-31": {
        "Diluted EPS": 0.0,
        "Total Revenue": NaN,
        "Gross Profit": NaN,
        "Operating Income": NaN,
        "EBIT": NaN,
        "Net Income": NaN
    },
    "2014-09-30": {
        "Diluted EPS": 0.0,
        "Total Revenue": 63,
        "Gross Profit": 43,
        "Operating Income": 14,
        "EBIT": 23,
        "Net Income": 8
    },
    "2014-06-30": {
        "Diluted EPS": 0.0,
        "Total Revenue": 63,
        "Gross Profit": 44,
        "Operating Income": 15,
        "EBIT": 15,
        "Net Income": 9
    },
    "2013-12-31": {
        "Diluted EPS": 0.0,
        "Total Revenue": NaN,
        "Gross Profit": NaN,
        "Operating Income": NaN,
        "EBIT": NaN,
        "Net Income": NaN
    }
}