{
    "2023-03-31": {
        "Tax Effect Of Unusual Items": NaN,
        "Tax Rate For Calcs": NaN,
        "Normalized EBITDA": NaN,
        "Total Unusual Items": NaN,
        "Total Unusual Items Excluding Goodwill": NaN,
        "Net Income From Continuing Operation Net Minority Interest": NaN,
        "Reconciled Depreciation": NaN,
        "Reconciled Cost Of Revenue": NaN,
        "EBITDA": NaN,
        "EBIT": NaN,
        "Net Interest Income": NaN,
        "Interest Expense": NaN,
        "Interest Income": NaN,
        "Normalized Income": NaN,
        "Net Income From Continuing And Discontinued Operation": NaN,
        "Total Expenses": NaN,
        "Total Operating Income As Reported": NaN,
        "Diluted Average Shares": 4997000.0,
        "Basic Average Shares": 4937000.0,
        "Diluted EPS": 4.28,
        "Basic EPS": 4.33,
        "Diluted NI Availto Com Stockholders": NaN,
        "Net Income Common Stockholders": NaN,
        "Net Income": NaN,
        "Minority Interests": NaN,
        "Net Income Including Noncontrolling Interests": NaN,
        "Net Income Continuous Operations": NaN,
        "Tax Provision": NaN,
        "Pretax Income": NaN,
        "Other Income Expense": NaN,
        "Other Non Operating Income Expenses": NaN,
        "Special Income Charges": NaN,
        "Impairment Of Capital Assets": NaN,
        "Net Non Operating Interest Income Expense": NaN,
        "Interest Expense Non Operating": NaN,
        "Interest Income Non Operating": NaN,
        "Operating Income": NaN,
        "Operating Expense": NaN,
        "Other Operating Expenses": 1112000.0,
        "Research And Development": NaN,
        "Selling General And Administration": NaN,
        "Selling And Marketing Expense": NaN,
        "General And Administrative Expense": NaN,
        "Other Gand A": NaN,
        "Gross Profit": NaN,
        "Cost Of Revenue": NaN,
        "Total Revenue": NaN,
        "Operating Revenue": NaN
    },
    "2022-12-31": {
        "Tax Effect Of Unusual Items": NaN,
        "Tax Rate For Calcs": NaN,
        "Normalized EBITDA": NaN,
        "Total Unusual Items": 0.0,
        "Total Unusual Items Excluding Goodwill": 0.0,
        "Net Income From Continuing Operation Net Minority Interest": NaN,
        "Reconciled Depreciation": NaN,
        "Reconciled Cost Of Revenue": NaN,
        "EBITDA": NaN,
        "EBIT": NaN,
        "Net Interest Income": NaN,
        "Interest Expense": NaN,
        "Interest Income": NaN,
        "Normalized Income": NaN,
        "Net Income From Continuing And Discontinued Operation": NaN,
        "Total Expenses": NaN,
        "Total Operating Income As Reported": NaN,
        "Diluted Average Shares": NaN,
        "Basic Average Shares": NaN,
        "Diluted EPS": NaN,
        "Basic EPS": NaN,
        "Diluted NI Availto Com Stockholders": NaN,
        "Net Income Common Stockholders": NaN,
        "Net Income": NaN,
        "Minority Interests": NaN,
        "Net Income Including Noncontrolling Interests": NaN,
        "Net Income Continuous Operations": NaN,
        "Tax Provision": NaN,
        "Pretax Income": NaN,
        "Other Income Expense": NaN,
        "Other Non Operating Income Expenses": NaN,
        "Special Income Charges": 0.0,
        "Impairment Of Capital Assets": 0.0,
        "Net Non Operating Interest Income Expense": NaN,
        "Interest Expense Non Operating": NaN,
        "Interest Income Non Operating": NaN,
        "Operating Income": NaN,
        "Operating Expense": NaN,
        "Other Operating Expenses": NaN,
        "Research And Development": NaN,
        "Selling General And Administration": NaN,
        "Selling And Marketing Expense": NaN,
        "General And Administrative Expense": NaN,
        "Other Gand A": NaN,
        "Gross Profit": NaN,
        "Cost Of Revenue": NaN,
        "Total Revenue": NaN,
        "Operating Revenue": NaN
    },
    "2022-09-30": {
        "Tax Effect Of Unusual Items": NaN,
        "Tax Rate For Calcs": NaN,
        "Normalized EBITDA": NaN,
        "Total Unusual Items": -6529000.0,
        "Total Unusual Items Excluding Goodwill": -6529000.0,
        "Net Income From Continuing Operation Net Minority Interest": NaN,
        "Reconciled Depreciation": NaN,
        "Reconciled Cost Of Revenue": NaN,
        "EBITDA": NaN,
        "EBIT": NaN,
        "Net Interest Income": NaN,
        "Interest Expense": NaN,
        "Interest Income": NaN,
        "Normalized Income": NaN,
        "Net Income From Continuing And Discontinued Operation": NaN,
        "Total Expenses": NaN,
        "Total Operating Income As Reported": NaN,
        "Diluted Average Shares": NaN,
        "Basic Average Shares": NaN,
        "Diluted EPS": NaN,
        "Basic EPS": NaN,
        "Diluted NI Availto Com Stockholders": NaN,
        "Net Income Common Stockholders": NaN,
        "Net Income": NaN,
        "Minority Interests": NaN,
        "Net Income Including Noncontrolling Interests": NaN,
        "Net Income Continuous Operations": NaN,
        "Tax Provision": NaN,
        "Pretax Income": NaN,
        "Other Income Expense": NaN,
        "Other Non Operating Income Expenses": NaN,
        "Special Income Charges": -6529000.0,
        "Impairment Of Capital Assets": 6529000.0,
        "Net Non Operating Interest Income Expense": NaN,
        "Interest Expense Non Operating": NaN,
        "Interest Income Non Operating": NaN,
        "Operating Income": NaN,
        "Operating Expense": NaN,
        "Other Operating Expenses": NaN,
        "Research And Development": NaN,
        "Selling General And Administration": NaN,
        "Selling And Marketing Expense": NaN,
        "General And Administrative Expense": NaN,
        "Other Gand A": NaN,
        "Gross Profit": NaN,
        "Cost Of Revenue": NaN,
        "Total Revenue": NaN,
        "Operating Revenue": NaN
    },
    "2022-06-30": {
        "Tax Effect Of Unusual Items": 0.0,
        "Tax Rate For Calcs": 0.227595,
        "Normalized EBITDA": 18548000.0,
        "Total Unusual Items": NaN,
        "Total Unusual Items Excluding Goodwill": NaN,
        "Net Income From Continuing Operation Net Minority Interest": 13712000.0,
        "Reconciled Depreciation": 3853000.0,
        "Reconciled Cost Of Revenue": 110765000.0,
        "EBITDA": 18548000.0,
        "EBIT": 18548000.0,
        "Net Interest Income": -680000.0,
        "Interest Expense": 784000.0,
        "Interest Income": 104000.0,
        "Normalized Income": 13712000.0,
        "Net Income From Continuing And Discontinued Operation": 13712000.0,
        "Total Expenses": 145522000.0,
        "Total Operating Income As Reported": 17949000.0,
        "Diluted Average Shares": 4955000.0,
        "Basic Average Shares": 4940000.0,
        "Diluted EPS": 2.77,
        "Basic EPS": 2.78,
        "Diluted NI Availto Com Stockholders": 13712000.0,
        "Net Income Common Stockholders": 13712000.0,
        "Net Income": 13712000.0,
        "Minority Interests": -9000.0,
        "Net Income Including Noncontrolling Interests": 13721000.0,
        "Net Income Continuous Operations": 13721000.0,
        "Tax Provision": 4043000.0,
        "Pretax Income": 17764000.0,
        "Other Income Expense": 495000.0,
        "Other Non Operating Income Expenses": 495000.0,
        "Special Income Charges": NaN,
        "Impairment Of Capital Assets": NaN,
        "Net Non Operating Interest Income Expense": -680000.0,
        "Interest Expense Non Operating": 784000.0,
        "Interest Income Non Operating": 104000.0,
        "Operating Income": 17949000.0,
        "Operating Expense": 34757000.0,
        "Other Operating Expenses": 778000.0,
        "Research And Development": 5363000.0,
        "Selling General And Administration": 28616000.0,
        "Selling And Marketing Expense": 11668000.0,
        "General And Administrative Expense": 16948000.0,
        "Other Gand A": 16948000.0,
        "Gross Profit": 52706000.0,
        "Cost Of Revenue": 110765000.0,
        "Total Revenue": 163471000.0,
        "Operating Revenue": 163471000.0
    },
    "2023-06-30": {
        "Tax Effect Of Unusual Items": NaN,
        "Tax Rate For Calcs": NaN,
        "Normalized EBITDA": NaN,
        "Total Unusual Items": NaN,
        "Total Unusual Items Excluding Goodwill": NaN,
        "Net Income From Continuing Operation Net Minority Interest": NaN,
        "Reconciled Depreciation": NaN,
        "Reconciled Cost Of Revenue": NaN,
        "EBITDA": NaN,
        "EBIT": NaN,
        "Net Interest Income": NaN,
        "Interest Expense": NaN,
        "Interest Income": NaN,
        "Normalized Income": NaN,
        "Net Income From Continuing And Discontinued Operation": NaN,
        "Total Expenses": NaN,
        "Total Operating Income As Reported": NaN,
        "Diluted Average Shares": 5024000.0,
        "Basic Average Shares": 4944000.0,
        "Diluted EPS": 4.08,
        "Basic EPS": 4.14,
        "Diluted NI Availto Com Stockholders": NaN,
        "Net Income Common Stockholders": NaN,
        "Net Income": NaN,
        "Minority Interests": NaN,
        "Net Income Including Noncontrolling Interests": NaN,
        "Net Income Continuous Operations": NaN,
        "Tax Provision": NaN,
        "Pretax Income": NaN,
        "Other Income Expense": NaN,
        "Other Non Operating Income Expenses": NaN,
        "Special Income Charges": NaN,
        "Impairment Of Capital Assets": NaN,
        "Net Non Operating Interest Income Expense": NaN,
        "Interest Expense Non Operating": NaN,
        "Interest Income Non Operating": NaN,
        "Operating Income": NaN,
        "Operating Expense": NaN,
        "Other Operating Expenses": 1186000.0,
        "Research And Development": NaN,
        "Selling General And Administration": NaN,
        "Selling And Marketing Expense": NaN,
        "General And Administrative Expense": NaN,
        "Other Gand A": NaN,
        "Gross Profit": NaN,
        "Cost Of Revenue": NaN,
        "Total Revenue": NaN,
        "Operating Revenue": NaN
    },
    "2022-03-31": {
        "Diluted EPS": 2.49,
        "Total Revenue": 138,
        "Gross Profit": 42,
        "Operating Income": 9,
        "EBIT": 12,
        "Net Income": 12
    },
    "2021-12-31": {
        "Diluted EPS": 1.79,
        "Total Revenue": 131,
        "Gross Profit": 40,
        "Operating Income": 11,
        "EBIT": 16,
        "Net Income": 9
    },
    "2021-09-30": {
        "Diluted EPS": 2.15,
        "Total Revenue": 135,
        "Gross Profit": 43,
        "Operating Income": 13,
        "EBIT": 17,
        "Net Income": 11
    },
    "2021-06-30": {
        "Diluted EPS": 1.8,
        "Total Revenue": 133,
        "Gross Profit": 43,
        "Operating Income": 13,
        "EBIT": 16,
        "Net Income": 9
    },
    "2021-03-31": {
        "Diluted EPS": 1.45,
        "Total Revenue": 118,
        "Gross Profit": 40,
        "Operating Income": 11,
        "EBIT": 14,
        "Net Income": 7
    },
    "2020-12-31": {
        "Diluted EPS": 0.54,
        "Total Revenue": 119,
        "Gross Profit": 37,
        "Operating Income": 3,
        "EBIT": 7,
        "Net Income": 3
    },
    "2020-09-30": {
        "Diluted EPS": 2.59,
        "Total Revenue": 127,
        "Gross Profit": 45,
        "Operating Income": 17,
        "EBIT": 20,
        "Net Income": 13
    },
    "2020-06-30": {
        "Diluted EPS": 2.11,
        "Total Revenue": 118,
        "Gross Profit": 40,
        "Operating Income": 15,
        "EBIT": 18,
        "Net Income": 10
    },
    "2020-03-31": {
        "Diluted EPS": 0.74,
        "Total Revenue": 103,
        "Gross Profit": 33,
        "Operating Income": 5,
        "EBIT": 9,
        "Net Income": 4
    },
    "2019-12-31": {
        "Diluted EPS": 1.11,
        "Total Revenue": 114,
        "Gross Profit": 36,
        "Operating Income": 8,
        "EBIT": 12,
        "Net Income": 6
    },
    "2019-09-30": {
        "Diluted EPS": 1.55,
        "Total Revenue": 119,
        "Gross Profit": 39,
        "Operating Income": 12,
        "EBIT": 15,
        "Net Income": 8
    },
    "2019-06-30": {
        "Diluted EPS": 1.56,
        "Total Revenue": 115,
        "Gross Profit": 38,
        "Operating Income": 11,
        "EBIT": 15,
        "Net Income": 8
    },
    "2019-03-31": {
        "Diluted EPS": 0.36,
        "Total Revenue": 97,
        "Gross Profit": 27,
        "Operating Income": 2,
        "EBIT": 5,
        "Net Income": 2
    },
    "2018-12-31": {
        "Diluted EPS": 1.03,
        "Total Revenue": 105,
        "Gross Profit": 32,
        "Operating Income": 8,
        "EBIT": 11,
        "Net Income": 5
    },
    "2018-09-30": {
        "Diluted EPS": 1.76,
        "Total Revenue": 108,
        "Gross Profit": 33,
        "Operating Income": 8,
        "EBIT": 11,
        "Net Income": 9
    },
    "2018-06-30": {
        "Diluted EPS": 1.33,
        "Total Revenue": 109,
        "Gross Profit": 35,
        "Operating Income": 9,
        "EBIT": 13,
        "Net Income": 7
    },
    "2018-03-31": {
        "Diluted EPS": 1.09,
        "Total Revenue": 98,
        "Gross Profit": 32,
        "Operating Income": 8,
        "EBIT": 11,
        "Net Income": 6
    },
    "2017-12-31": {
        "Diluted EPS": 0.13,
        "Total Revenue": 97,
        "Gross Profit": 31,
        "Operating Income": 8,
        "EBIT": 11,
        "Net Income": 1
    },
    "2017-09-30": {
        "Diluted EPS": 1.23,
        "Total Revenue": 99,
        "Gross Profit": 34,
        "Operating Income": 10,
        "EBIT": 13,
        "Net Income": 6
    },
    "2017-06-30": {
        "Diluted EPS": 0.81,
        "Total Revenue": 98,
        "Gross Profit": 30,
        "Operating Income": 6,
        "EBIT": 9,
        "Net Income": 4
    },
    "2017-03-31": {
        "Diluted EPS": 0.3,
        "Total Revenue": 85,
        "Gross Profit": 25,
        "Operating Income": 2,
        "EBIT": 5,
        "Net Income": 2
    },
    "2016-12-31": {
        "Diluted EPS": 0.99,
        "Total Revenue": 86,
        "Gross Profit": 29,
        "Operating Income": 7,
        "EBIT": 10,
        "Net Income": 5
    },
    "2016-09-30": {
        "Diluted EPS": 0.92,
        "Total Revenue": 88,
        "Gross Profit": 29,
        "Operating Income": 7,
        "EBIT": 10,
        "Net Income": 5
    },
    "2016-06-30": {
        "Diluted EPS": 0.53,
        "Total Revenue": 83,
        "Gross Profit": 27,
        "Operating Income": 4,
        "EBIT": 7,
        "Net Income": 3
    },
    "2016-03-31": {
        "Diluted EPS": 0.51,
        "Total Revenue": 79,
        "Gross Profit": 24,
        "Operating Income": 4,
        "EBIT": 6,
        "Net Income": 3
    },
    "2015-12-31": {
        "Diluted EPS": 0.57,
        "Total Revenue": 92,
        "Gross Profit": 26,
        "Operating Income": 5,
        "EBIT": 8,
        "Net Income": 3
    },
    "2015-09-30": {
        "Diluted EPS": 0.04,
        "Total Revenue": 89,
        "Gross Profit": 26,
        "Operating Income": 2,
        "EBIT": 5,
        "Net Income": 0
    },
    "2015-06-30": {
        "Diluted EPS": 0.68,
        "Total Revenue": 88,
        "Gross Profit": 26,
        "Operating Income": 5,
        "EBIT": 8,
        "Net Income": 4
    },
    "2015-03-31": {
        "Diluted EPS": -0.05,
        "Total Revenue": 86,
        "Gross Profit": 25,
        "Operating Income": 0,
        "EBIT": 3,
        "Net Income": 0
    },
    "2014-12-31": {
        "Diluted EPS": 0.47,
        "Total Revenue": 96,
        "Gross Profit": 30,
        "Operating Income": 4,
        "EBIT": 8,
        "Net Income": 2
    },
    "2014-09-30": {
        "Diluted EPS": 0.48,
        "Total Revenue": 102,
        "Gross Profit": 32,
        "Operating Income": 5,
        "EBIT": 8,
        "Net Income": 3
    },
    "2014-06-30": {
        "Diluted EPS": 0.94,
        "Total Revenue": 100,
        "Gross Profit": 31,
        "Operating Income": 8,
        "EBIT": 11,
        "Net Income": 5
    },
    "2014-03-31": {
        "Diluted EPS": 0.5,
        "Total Revenue": 90,
        "Gross Profit": 27,
        "Operating Income": 4,
        "EBIT": 7,
        "Net Income": 3
    },
    "2013-12-31": {
        "Diluted EPS": 0.57,
        "Total Revenue": 99,
        "Gross Profit": 30,
        "Operating Income": 6,
        "EBIT": 9,
        "Net Income": 3
    },
    "2013-09-30": {
        "Diluted EPS": 1.12,
        "Total Revenue": 101,
        "Gross Profit": 32,
        "Operating Income": 8,
        "EBIT": 11,
        "Net Income": 6
    },
    "2013-06-30": {
        "Diluted EPS": 1.17,
        "Total Revenue": 112,
        "Gross Profit": 38,
        "Operating Income": 10,
        "EBIT": 14,
        "Net Income": 6
    },
    "2013-03-31": {
        "Diluted EPS": 0.91,
        "Total Revenue": 99,
        "Gross Profit": 31,
        "Operating Income": 7,
        "EBIT": 10,
        "Net Income": 5
    },
    "2012-12-31": {
        "Diluted EPS": 1.03,
        "Total Revenue": 104,
        "Gross Profit": 33,
        "Operating Income": 9,
        "EBIT": 13,
        "Net Income": 5
    },
    "2012-09-30": {
        "Diluted EPS": 1.71,
        "Total Revenue": 114,
        "Gross Profit": 39,
        "Operating Income": 13,
        "EBIT": 16,
        "Net Income": 9
    },
    "2012-06-30": {
        "Diluted EPS": 1.21,
        "Total Revenue": 112,
        "Gross Profit": 37,
        "Operating Income": 10,
        "EBIT": 12,
        "Net Income": 7
    },
    "2012-03-31": {
        "Diluted EPS": 1.5,
        "Total Revenue": 109,
        "Gross Profit": 36,
        "Operating Income": 12,
        "EBIT": 15,
        "Net Income": 8
    },
    "2011-12-31": {
        "Diluted EPS": 1.69,
        "Total Revenue": 106,
        "Gross Profit": 34,
        "Operating Income": 12,
        "EBIT": 15,
        "Net Income": 9
    },
    "2011-09-30": {
        "Diluted EPS": 1.24,
        "Total Revenue": 109,
        "Gross Profit": 38,
        "Operating Income": 10,
        "EBIT": 13,
        "Net Income": 7
    },
    "2011-06-30": {
        "Diluted EPS": 1.55,
        "Total Revenue": 115,
        "Gross Profit": 37,
        "Operating Income": 13,
        "EBIT": 16,
        "Net Income": 8
    },
    "2011-03-31": {
        "Diluted EPS": 1.3,
        "Total Revenue": 95,
        "Gross Profit": 32,
        "Operating Income": 10,
        "EBIT": 13,
        "Net Income": 7
    },
    "2010-12-31": {
        "Diluted EPS": 1.16,
        "Total Revenue": 93,
        "Gross Profit": 29,
        "Operating Income": 7,
        "EBIT": 10,
        "Net Income": 6
    },
    "2010-09-30": {
        "Diluted EPS": 1.83,
        "Total Revenue": 94,
        "Gross Profit": 32,
        "Operating Income": 13,
        "EBIT": 15,
        "Net Income": 10
    },
    "2010-06-30": {
        "Diluted EPS": 1.13,
        "Total Revenue": 82,
        "Gross Profit": 27,
        "Operating Income": 7,
        "EBIT": 9,
        "Net Income": 6
    },
    "2010-03-31": {
        "Diluted EPS": 0.21,
        "Total Revenue": 69,
        "Gross Profit": 20,
        "Operating Income": 1,
        "EBIT": 3,
        "Net Income": 1
    },
    "2009-12-31": {
        "Diluted EPS": 1.97,
        "Total Revenue": 70,
        "Gross Profit": 22,
        "Operating Income": 2,
        "EBIT": 4,
        "Net Income": 11
    },
    "2009-09-30": {
        "Diluted EPS": 1.19,
        "Total Revenue": 69,
        "Gross Profit": 25,
        "Operating Income": 8,
        "EBIT": 10,
        "Net Income": 6
    },
    "2009-06-30": {
        "Diluted EPS": 0.68,
        "Total Revenue": 60,
        "Gross Profit": 20,
        "Operating Income": 5,
        "EBIT": 7,
        "Net Income": 4
    },
    "2009-03-31": {
        "Diluted EPS": 0.51,
        "Total Revenue": 59,
        "Gross Profit": 19,
        "Operating Income": 4,
        "EBIT": 6,
        "Net Income": 3
    },
    "2023-09-30": {
        "Tax Effect Of Unusual Items": 0.0,
        "Tax Rate For Calcs": 0.23,
        "Normalized EBITDA": 25212000.0,
        "Total Unusual Items": 0.0,
        "Total Unusual Items Excluding Goodwill": 0.0,
        "Net Income From Continuing Operation Net Minority Interest": 15130000.0,
        "Reconciled Depreciation": 4638000.0,
        "Reconciled Cost Of Revenue": 106301000.0,
        "EBITDA": 25212000.0,
        "EBIT": 20574000.0,
        "Net Interest Income": -520000.0,
        "Interest Expense": 998000.0,
        "Interest Income": 478000.0,
        "Normalized Income": 15130000.0,
        "Net Income From Continuing And Discontinued Operation": 15130000.0,
        "Total Expenses": 140360000.0,
        "Total Operating Income As Reported": 20078000.0,
        "Diluted Average Shares": 4990000.0,
        "Basic Average Shares": 4906000.0,
        "Diluted EPS": 3.03,
        "Basic EPS": 3.08,
        "Diluted NI Availto Com Stockholders": 15130000.0,
        "Net Income Common Stockholders": 15130000.0,
        "Net Income": 15130000.0,
        "Minority Interests": -15000.0,
        "Net Income Including Noncontrolling Interests": 15145000.0,
        "Net Income Continuous Operations": 15145000.0,
        "Tax Provision": 4431000.0,
        "Pretax Income": 19576000.0,
        "Other Income Expense": 18000.0,
        "Other Non Operating Income Expenses": 18000.0,
        "Special Income Charges": 0.0,
        "Impairment Of Capital Assets": 0.0,
        "Net Non Operating Interest Income Expense": -520000.0,
        "Interest Expense Non Operating": 998000.0,
        "Interest Income Non Operating": 478000.0,
        "Operating Income": 20078000.0,
        "Operating Expense": 34059000.0,
        "Other Operating Expenses": -2307000.0,
        "Research And Development": 5840000.0,
        "Selling General And Administration": 30526000.0,
        "Selling And Marketing Expense": 12732000.0,
        "General And Administrative Expense": 17794000.0,
        "Other Gand A": 17794000.0,
        "Gross Profit": 54137000.0,
        "Cost Of Revenue": 106301000.0,
        "Total Revenue": 160438000.0,
        "Operating Revenue": 160438000.0
    },
    "2023-12-31": {
        "Tax Effect Of Unusual Items": 0.0,
        "Tax Rate For Calcs": 0.094575,
        "Normalized EBITDA": 12987000.0,
        "Total Unusual Items": 0.0,
        "Total Unusual Items Excluding Goodwill": 0.0,
        "Net Income From Continuing Operation Net Minority Interest": 6332000.0,
        "Reconciled Depreciation": 5312000.0,
        "Reconciled Cost Of Revenue": 97503000.0,
        "EBITDA": 12987000.0,
        "EBIT": 7675000.0,
        "Net Interest Income": -97000.0,
        "Interest Expense": 707000.0,
        "Interest Income": 610000.0,
        "Normalized Income": 6332000.0,
        "Net Income From Continuing And Discontinued Operation": 6332000.0,
        "Total Expenses": 138657000.0,
        "Total Operating Income As Reported": 6946000.0,
        "Diluted Average Shares": NaN,
        "Basic Average Shares": NaN,
        "Diluted EPS": NaN,
        "Basic EPS": NaN,
        "Diluted NI Availto Com Stockholders": 6332000.0,
        "Net Income Common Stockholders": 6332000.0,
        "Net Income": 6332000.0,
        "Minority Interests": 23000.0,
        "Net Income Including Noncontrolling Interests": 6309000.0,
        "Net Income Continuous Operations": 6309000.0,
        "Tax Provision": 659000.0,
        "Pretax Income": 6968000.0,
        "Other Income Expense": 119000.0,
        "Other Non Operating Income Expenses": 119000.0,
        "Special Income Charges": 0.0,
        "Impairment Of Capital Assets": 0.0,
        "Net Non Operating Interest Income Expense": -97000.0,
        "Interest Expense Non Operating": 707000.0,
        "Interest Income Non Operating": 610000.0,
        "Operating Income": 6946000.0,
        "Operating Expense": 41154000.0,
        "Other Operating Expenses": 2502000.0,
        "Research And Development": 5688000.0,
        "Selling General And Administration": 32964000.0,
        "Selling And Marketing Expense": 12945000.0,
        "General And Administrative Expense": 20019000.0,
        "Other Gand A": 20019000.0,
        "Gross Profit": 48100000.0,
        "Cost Of Revenue": 97503000.0,
        "Total Revenue": 145603000.0,
        "Operating Revenue": 145603000.0
    },
    "2024-03-31": {
        "Tax Effect Of Unusual Items": 0.0,
        "Tax Rate For Calcs": 0.19,
        "Normalized EBITDA": 17980000.0,
        "Total Unusual Items": NaN,
        "Total Unusual Items Excluding Goodwill": NaN,
        "Net Income From Continuing Operation Net Minority Interest": 9596000.0,
        "Reconciled Depreciation": 5414000.0,
        "Reconciled Cost Of Revenue": 96773000.0,
        "EBITDA": 17980000.0,
        "EBIT": 12566000.0,
        "Net Interest Income": 264000.0,
        "Interest Expense": 708000.0,
        "Interest Income": 972000.0,
        "Normalized Income": 9596000.0,
        "Net Income From Continuing And Discontinued Operation": 9596000.0,
        "Total Expenses": 130712000.0,
        "Total Operating Income As Reported": 11559000.0,
        "Diluted Average Shares": 4944000.0,
        "Basic Average Shares": 4915000.0,
        "Diluted EPS": 1.94,
        "Basic EPS": 1.95,
        "Diluted NI Availto Com Stockholders": 9596000.0,
        "Net Income Common Stockholders": 9596000.0,
        "Net Income": 9596000.0,
        "Minority Interests": -7000.0,
        "Net Income Including Noncontrolling Interests": 9603000.0,
        "Net Income Continuous Operations": 9603000.0,
        "Tax Provision": 2255000.0,
        "Pretax Income": 11858000.0,
        "Other Income Expense": 1402000.0,
        "Other Non Operating Income Expenses": 1402000.0,
        "Special Income Charges": NaN,
        "Impairment Of Capital Assets": NaN,
        "Net Non Operating Interest Income Expense": 264000.0,
        "Interest Expense Non Operating": 708000.0,
        "Interest Income Non Operating": 972000.0,
        "Operating Income": 10192000.0,
        "Operating Expense": 33939000.0,
        "Other Operating Expenses": NaN,
        "Research And Development": 5431000.0,
        "Selling General And Administration": 28508000.0,
        "Selling And Marketing Expense": 11900000.0,
        "General And Administrative Expense": 16608000.0,
        "Other Gand A": 16608000.0,
        "Gross Profit": 44131000.0,
        "Cost Of Revenue": 96773000.0,
        "Total Revenue": 140904000.0,
        "Operating Revenue": 140904000.0
    },
    "2024-06-30": {
        "Tax Effect Of Unusual Items": 0.0,
        "Tax Rate For Calcs": 0.16,
        "Normalized EBITDA": 16975000.0,
        "Total Unusual Items": NaN,
        "Total Unusual Items Excluding Goodwill": NaN,
        "Net Income From Continuing Operation Net Minority Interest": 9366000.0,
        "Reconciled Depreciation": 5246000.0,
        "Reconciled Cost Of Revenue": 94447000.0,
        "EBITDA": 16975000.0,
        "EBIT": 11729000.0,
        "Net Interest Income": -222000.0,
        "Interest Expense": 568000.0,
        "Interest Income": 346000.0,
        "Normalized Income": 9366000.0,
        "Net Income From Continuing And Discontinued Operation": 9366000.0,
        "Total Expenses": 127428000.0,
        "Total Operating Income As Reported": 11292000.0,
        "Diluted Average Shares": 4964000.0,
        "Basic Average Shares": 4915000.0,
        "Diluted EPS": 1.89,
        "Basic EPS": 1.91,
        "Diluted NI Availto Com Stockholders": 9366000.0,
        "Net Income Common Stockholders": 9366000.0,
        "Net Income": 9366000.0,
        "Minority Interests": -1000.0,
        "Net Income Including Noncontrolling Interests": 9367000.0,
        "Net Income Continuous Operations": 9367000.0,
        "Tax Provision": 1794000.0,
        "Pretax Income": 11161000.0,
        "Other Income Expense": 91000.0,
        "Other Non Operating Income Expenses": 91000.0,
        "Special Income Charges": NaN,
        "Impairment Of Capital Assets": NaN,
        "Net Non Operating Interest Income Expense": -222000.0,
        "Interest Expense Non Operating": 568000.0,
        "Interest Income Non Operating": 346000.0,
        "Operating Income": 11292000.0,
        "Operating Expense": 32981000.0,
        "Other Operating Expenses": 445000.0,
        "Research And Development": 5358000.0,
        "Selling General And Administration": 27178000.0,
        "Selling And Marketing Expense": 11928000.0,
        "General And Administrative Expense": 15250000.0,
        "Other Gand A": 15250000.0,
        "Gross Profit": 44273000.0,
        "Cost Of Revenue": 94447000.0,
        "Total Revenue": 138720000.0,
        "Operating Revenue": 138720000.0
    },
    "2024-09-30": {
        "Tax Effect Of Unusual Items": 0.0,
        "Tax Rate For Calcs": 0.26,
        "Normalized EBITDA": 16316000.0,
        "Total Unusual Items": NaN,
        "Total Unusual Items Excluding Goodwill": NaN,
        "Net Income From Continuing Operation Net Minority Interest": 7680000.0,
        "Reconciled Depreciation": 5322000.0,
        "Reconciled Cost Of Revenue": 101195000.0,
        "EBITDA": 16316000.0,
        "EBIT": 10994000.0,
        "Net Interest Income": -26000.0,
        "Interest Expense": 564000.0,
        "Interest Income": 538000.0,
        "Normalized Income": 7680000.0,
        "Net Income From Continuing And Discontinued Operation": 7680000.0,
        "Total Expenses": 136581000.0,
        "Total Operating Income As Reported": 10392000.0,
        "Diluted Average Shares": 4977000.0,
        "Basic Average Shares": 4904000.0,
        "Diluted EPS": 1.54,
        "Basic EPS": 1.57,
        "Diluted NI Availto Com Stockholders": 7680000.0,
        "Net Income Common Stockholders": 7680000.0,
        "Net Income": 7680000.0,
        "Minority Interests": -16000.0,
        "Net Income Including Noncontrolling Interests": 7696000.0,
        "Net Income Continuous Operations": 7696000.0,
        "Tax Provision": 2734000.0,
        "Pretax Income": 10430000.0,
        "Other Income Expense": 64000.0,
        "Other Non Operating Income Expenses": 64000.0,
        "Special Income Charges": NaN,
        "Impairment Of Capital Assets": NaN,
        "Net Non Operating Interest Income Expense": -26000.0,
        "Interest Expense Non Operating": 564000.0,
        "Interest Income Non Operating": 538000.0,
        "Operating Income": 10392000.0,
        "Operating Expense": 35386000.0,
        "Other Operating Expenses": 1109000.0,
        "Research And Development": 5545000.0,
        "Selling General And Administration": 28732000.0,
        "Selling And Marketing Expense": 12318000.0,
        "General And Administrative Expense": 16414000.0,
        "Other Gand A": 16414000.0,
        "Gross Profit": 45778000.0,
        "Cost Of Revenue": 101195000.0,
        "Total Revenue": 146973000.0,
        "Operating Revenue": 146973000.0
    }
}