{
    "2023-03-31": {
        "Tax Effect Of Unusual Items": 0.0,
        "Tax Rate For Calcs": 0.0,
        "Normalized EBITDA": -36785000.0,
        "Net Income From Continuing Operation Net Minority Interest": -37548000.0,
        "Reconciled Depreciation": 452000.0,
        "EBITDA": -36785000.0,
        "EBIT": -37237000.0,
        "Net Interest Income": 4547000.0,
        "Interest Expense": 311000.0,
        "Interest Income": 4858000.0,
        "Normalized Income": -37548000.0,
        "Net Income From Continuing And Discontinued Operation": -37548000.0,
        "Total Expenses": 43427000.0,
        "Total Operating Income As Reported": -42095000.0,
        "Diluted Average Shares": 56057603.0,
        "Basic Average Shares": 56057603.0,
        "Diluted EPS": -0.67,
        "Basic EPS": -0.67,
        "Diluted NI Availto Com Stockholders": -37548000.0,
        "Net Income Common Stockholders": -37548000.0,
        "Net Income": -37548000.0,
        "Net Income Including Noncontrolling Interests": -37548000.0,
        "Net Income Continuous Operations": -37548000.0,
        "Pretax Income": -37548000.0,
        "Net Non Operating Interest Income Expense": 4547000.0,
        "Interest Expense Non Operating": 311000.0,
        "Interest Income Non Operating": 4858000.0,
        "Operating Income": -42095000.0,
        "Operating Expense": 43427000.0,
        "Research And Development": 29273000.0,
        "Selling General And Administration": 14154000.0,
        "General And Administrative Expense": 14154000.0,
        "Other Gand A": 14154000.0,
        "Total Revenue": 1332000.0,
        "Operating Revenue": 1332000.0
    },
    "2022-12-31": {
        "Tax Effect Of Unusual Items": 0.0,
        "Tax Rate For Calcs": 0.0,
        "Normalized EBITDA": -32275000.0,
        "Net Income From Continuing Operation Net Minority Interest": -35060000.0,
        "Reconciled Depreciation": 455000.0,
        "EBITDA": -32275000.0,
        "EBIT": -32730000.0,
        "Net Interest Income": 2340000.0,
        "Interest Expense": NaN,
        "Interest Income": NaN,
        "Normalized Income": -35060000.0,
        "Net Income From Continuing And Discontinued Operation": -35060000.0,
        "Total Expenses": 39365000.0,
        "Total Operating Income As Reported": -37400000.0,
        "Diluted Average Shares": 48783242.0,
        "Basic Average Shares": 48783242.0,
        "Diluted EPS": -0.72,
        "Basic EPS": -0.72,
        "Diluted NI Availto Com Stockholders": -35060000.0,
        "Net Income Common Stockholders": -35060000.0,
        "Net Income": -35060000.0,
        "Net Income Including Noncontrolling Interests": -35060000.0,
        "Net Income Continuous Operations": -35060000.0,
        "Pretax Income": -35060000.0,
        "Net Non Operating Interest Income Expense": 2340000.0,
        "Interest Expense Non Operating": NaN,
        "Interest Income Non Operating": NaN,
        "Operating Income": -37400000.0,
        "Operating Expense": 39365000.0,
        "Research And Development": 25114000.0,
        "Selling General And Administration": 14251000.0,
        "General And Administrative Expense": 14251000.0,
        "Other Gand A": 14251000.0,
        "Total Revenue": 1965000.0,
        "Operating Revenue": 1965000.0
    },
    "2022-09-30": {
        "Tax Effect Of Unusual Items": NaN,
        "Tax Rate For Calcs": NaN,
        "Normalized EBITDA": NaN,
        "Net Income From Continuing Operation Net Minority Interest": NaN,
        "Reconciled Depreciation": NaN,
        "EBITDA": NaN,
        "EBIT": NaN,
        "Net Interest Income": NaN,
        "Interest Expense": NaN,
        "Interest Income": NaN,
        "Normalized Income": NaN,
        "Net Income From Continuing And Discontinued Operation": NaN,
        "Total Expenses": NaN,
        "Total Operating Income As Reported": NaN,
        "Diluted Average Shares": NaN,
        "Basic Average Shares": NaN,
        "Diluted EPS": NaN,
        "Basic EPS": NaN,
        "Diluted NI Availto Com Stockholders": NaN,
        "Net Income Common Stockholders": NaN,
        "Net Income": NaN,
        "Net Income Including Noncontrolling Interests": NaN,
        "Net Income Continuous Operations": NaN,
        "Pretax Income": NaN,
        "Net Non Operating Interest Income Expense": NaN,
        "Total Other Finance Cost": -1332000.0,
        "Interest Expense Non Operating": NaN,
        "Interest Income Non Operating": NaN,
        "Operating Income": NaN,
        "Operating Expense": NaN,
        "Research And Development": NaN,
        "Selling General And Administration": NaN,
        "General And Administrative Expense": NaN,
        "Other Gand A": NaN,
        "Total Revenue": NaN,
        "Operating Revenue": NaN
    },
    "2022-06-30": {
        "Tax Effect Of Unusual Items": 0.0,
        "Tax Rate For Calcs": 0.0,
        "Normalized EBITDA": -29183000.0,
        "Net Income From Continuing Operation Net Minority Interest": -29546000.0,
        "Reconciled Depreciation": 459000.0,
        "EBITDA": -29183000.0,
        "EBIT": -29642000.0,
        "Net Interest Income": 96000.0,
        "Interest Expense": NaN,
        "Interest Income": NaN,
        "Normalized Income": -29546000.0,
        "Net Income From Continuing And Discontinued Operation": -29546000.0,
        "Total Expenses": 34631000.0,
        "Total Operating Income As Reported": -29642000.0,
        "Diluted Average Shares": 36173135.0,
        "Basic Average Shares": 36173135.0,
        "Diluted EPS": -0.82,
        "Basic EPS": -0.82,
        "Diluted NI Availto Com Stockholders": -29546000.0,
        "Net Income Common Stockholders": -29546000.0,
        "Net Income": -29546000.0,
        "Net Income Including Noncontrolling Interests": -29546000.0,
        "Net Income Continuous Operations": -29546000.0,
        "Pretax Income": -29546000.0,
        "Net Non Operating Interest Income Expense": 96000.0,
        "Total Other Finance Cost": -96000.0,
        "Interest Expense Non Operating": NaN,
        "Interest Income Non Operating": NaN,
        "Operating Income": -29642000.0,
        "Operating Expense": 34631000.0,
        "Research And Development": 26335000.0,
        "Selling General And Administration": 8296000.0,
        "General And Administrative Expense": 8296000.0,
        "Other Gand A": 8296000.0,
        "Total Revenue": 4989000.0,
        "Operating Revenue": 4989000.0
    },
    "2022-03-31": {
        "Diluted EPS": -0.78,
        "Total Revenue": 1,
        "Gross Profit": 1,
        "Operating Income": -28,
        "EBIT": -27,
        "Net Income": -28
    },
    "2021-12-31": {
        "Diluted EPS": -0.68,
        "Total Revenue": 2,
        "Gross Profit": 2,
        "Operating Income": -25,
        "EBIT": -23,
        "Net Income": -25
    },
    "2021-09-30": {
        "Diluted EPS": -0.75,
        "Total Revenue": 2,
        "Gross Profit": 2,
        "Operating Income": -27,
        "EBIT": -27,
        "Net Income": -27
    },
    "2021-06-30": {
        "Diluted EPS": -0.64,
        "Total Revenue": 2,
        "Gross Profit": 2,
        "Operating Income": -23,
        "EBIT": -23,
        "Net Income": -23
    },
    "2021-03-31": {
        "Diluted EPS": -0.64,
        "Total Revenue": 2,
        "Gross Profit": 2,
        "Operating Income": -23,
        "EBIT": -23,
        "Net Income": -23
    },
    "2020-12-31": {
        "Diluted EPS": -0.09,
        "Total Revenue": 4,
        "Gross Profit": 4,
        "Operating Income": -19,
        "EBIT": -19,
        "Net Income": -8
    },
    "2020-09-30": {
        "Diluted EPS": -0.47,
        "Total Revenue": 5,
        "Gross Profit": 5,
        "Operating Income": -17,
        "EBIT": -16,
        "Net Income": -17
    },
    "2020-06-30": {
        "Diluted EPS": -1.39,
        "Total Revenue": 4,
        "Gross Profit": 4,
        "Operating Income": -17,
        "EBIT": -17,
        "Net Income": -17
    },
    "2020-03-31": {
        "Diluted EPS": 0.0,
        "Total Revenue": 29,
        "Gross Profit": 29,
        "Operating Income": 11,
        "EBIT": 11,
        "Net Income": 0
    },
    "2019-12-31": {
        "Diluted EPS": 26.03,
        "Total Revenue": 57,
        "Gross Profit": 57,
        "Operating Income": 42,
        "EBIT": 43,
        "Net Income": 42
    },
    "2019-09-30": {
        "Diluted EPS": -8.53,
        "Total Revenue": NaN,
        "Gross Profit": NaN,
        "Operating Income": -13,
        "EBIT": -13,
        "Net Income": -15
    },
    "2019-06-30": {
        "Diluted EPS": -10.82,
        "Total Revenue": NaN,
        "Gross Profit": NaN,
        "Operating Income": -16,
        "EBIT": -15,
        "Net Income": -17
    },
    "2019-03-31": {
        "Diluted EPS": -10.9,
        "Total Revenue": NaN,
        "Gross Profit": NaN,
        "Operating Income": -14,
        "EBIT": -14,
        "Net Income": -15
    },
    "2018-12-31": {
        "Diluted EPS": 0.0,
        "Total Revenue": NaN,
        "Gross Profit": NaN,
        "Operating Income": NaN,
        "EBIT": NaN,
        "Net Income": NaN
    },
    "2023-06-30": {
        "Tax Effect Of Unusual Items": 0.0,
        "Tax Rate For Calcs": 0.0,
        "Normalized EBITDA": -40396000.0,
        "Net Income From Continuing Operation Net Minority Interest": -41192000.0,
        "Reconciled Depreciation": 477000.0,
        "EBITDA": -40396000.0,
        "EBIT": -40873000.0,
        "Net Interest Income": 6136000.0,
        "Interest Expense": 319000.0,
        "Interest Income": 6455000.0,
        "Normalized Income": -41192000.0,
        "Net Income From Continuing And Discontinued Operation": -41192000.0,
        "Total Expenses": 47576000.0,
        "Total Operating Income As Reported": -47328000.0,
        "Diluted Average Shares": 59172869.0,
        "Basic Average Shares": 59172869.0,
        "Diluted EPS": -0.7,
        "Basic EPS": -0.7,
        "Diluted NI Availto Com Stockholders": -41192000.0,
        "Net Income Common Stockholders": -41192000.0,
        "Net Income": -41192000.0,
        "Net Income Including Noncontrolling Interests": -41192000.0,
        "Net Income Continuous Operations": -41192000.0,
        "Pretax Income": -41192000.0,
        "Net Non Operating Interest Income Expense": 6136000.0,
        "Interest Expense Non Operating": 319000.0,
        "Interest Income Non Operating": 6455000.0,
        "Operating Income": -47328000.0,
        "Operating Expense": 47576000.0,
        "Research And Development": 33002000.0,
        "Selling General And Administration": 14574000.0,
        "General And Administrative Expense": 14574000.0,
        "Other Gand A": 14574000.0,
        "Total Revenue": 248000.0,
        "Operating Revenue": 248000.0
    },
    "2023-09-30": {
        "Tax Effect Of Unusual Items": 0.0,
        "Tax Rate For Calcs": 0.0,
        "Normalized EBITDA": -40722000.0,
        "Net Income From Continuing Operation Net Minority Interest": -41487000.0,
        "Reconciled Depreciation": 448000.0,
        "EBITDA": -40722000.0,
        "EBIT": -41170000.0,
        "Net Interest Income": 6198000.0,
        "Interest Expense": 317000.0,
        "Interest Income": 6515000.0,
        "Normalized Income": -41487000.0,
        "Net Income From Continuing And Discontinued Operation": -41487000.0,
        "Total Expenses": 47685000.0,
        "Total Operating Income As Reported": -47685000.0,
        "Diluted Average Shares": 59688451.0,
        "Basic Average Shares": 59688451.0,
        "Diluted EPS": -0.7,
        "Basic EPS": -0.7,
        "Diluted NI Availto Com Stockholders": -41487000.0,
        "Net Income Common Stockholders": -41487000.0,
        "Net Income": -41487000.0,
        "Net Income Including Noncontrolling Interests": -41487000.0,
        "Net Income Continuous Operations": -41487000.0,
        "Pretax Income": -41487000.0,
        "Net Non Operating Interest Income Expense": 6198000.0,
        "Interest Expense Non Operating": 317000.0,
        "Interest Income Non Operating": 6515000.0,
        "Operating Income": -47685000.0,
        "Operating Expense": 47685000.0,
        "Research And Development": 32339000.0,
        "Selling General And Administration": 15346000.0,
        "General And Administrative Expense": 15346000.0,
        "Other Gand A": 15346000.0,
        "Total Revenue": 0.0,
        "Operating Revenue": 0.0
    },
    "2023-12-31": {
        "Tax Effect Of Unusual Items": 0.0,
        "Tax Rate For Calcs": 0.0,
        "Normalized EBITDA": -40324000.0,
        "Net Income From Continuing Operation Net Minority Interest": -41109000.0,
        "Reconciled Depreciation": 464000.0,
        "EBITDA": -40324000.0,
        "EBIT": -40788000.0,
        "Net Interest Income": 5928000.0,
        "Interest Expense": 321000.0,
        "Interest Income": 6249000.0,
        "Normalized Income": -41109000.0,
        "Net Income From Continuing And Discontinued Operation": -41109000.0,
        "Total Expenses": 47037000.0,
        "Total Operating Income As Reported": -47037000.0,
        "Diluted Average Shares": 59904481.0,
        "Basic Average Shares": 59904481.0,
        "Diluted EPS": -0.69,
        "Basic EPS": -0.69,
        "Diluted NI Availto Com Stockholders": -41109000.0,
        "Net Income Common Stockholders": -41109000.0,
        "Net Income": -41109000.0,
        "Net Income Including Noncontrolling Interests": -41109000.0,
        "Net Income Continuous Operations": -41109000.0,
        "Pretax Income": -41109000.0,
        "Net Non Operating Interest Income Expense": 5928000.0,
        "Interest Expense Non Operating": 321000.0,
        "Interest Income Non Operating": 6249000.0,
        "Operating Income": -47037000.0,
        "Operating Expense": 47037000.0,
        "Research And Development": 33183000.0,
        "Selling General And Administration": 13854000.0,
        "General And Administrative Expense": 13854000.0,
        "Other Gand A": 13854000.0,
        "Total Revenue": 0.0,
        "Operating Revenue": 0.0
    },
    "2024-03-31": {
        "Tax Effect Of Unusual Items": 0.0,
        "Tax Rate For Calcs": 0.0,
        "Normalized EBITDA": -45997000.0,
        "Net Income From Continuing Operation Net Minority Interest": -46955000.0,
        "Reconciled Depreciation": 513000.0,
        "EBITDA": -45997000.0,
        "EBIT": -46510000.0,
        "Net Interest Income": 5437000.0,
        "Interest Expense": 445000.0,
        "Interest Income": 5882000.0,
        "Normalized Income": -46955000.0,
        "Net Income From Continuing And Discontinued Operation": -46955000.0,
        "Total Expenses": 52392000.0,
        "Total Operating Income As Reported": -52392000.0,
        "Diluted Average Shares": 60180921.0,
        "Basic Average Shares": 60180921.0,
        "Diluted EPS": -0.78,
        "Basic EPS": -0.78,
        "Diluted NI Availto Com Stockholders": -46955000.0,
        "Net Income Common Stockholders": -46955000.0,
        "Net Income": -46955000.0,
        "Net Income Including Noncontrolling Interests": -46955000.0,
        "Net Income Continuous Operations": -46955000.0,
        "Pretax Income": -46955000.0,
        "Net Non Operating Interest Income Expense": 5437000.0,
        "Interest Expense Non Operating": 445000.0,
        "Interest Income Non Operating": 5882000.0,
        "Operating Income": -52392000.0,
        "Operating Expense": 52392000.0,
        "Research And Development": 37146000.0,
        "Selling General And Administration": 15246000.0,
        "General And Administrative Expense": 15246000.0,
        "Other Gand A": 15246000.0,
        "Total Revenue": 0.0,
        "Operating Revenue": 0.0
    },
    "2024-06-30": {
        "Tax Effect Of Unusual Items": 0.0,
        "Tax Rate For Calcs": 0.0,
        "Normalized EBITDA": -54364000.0,
        "Net Income From Continuing Operation Net Minority Interest": -55854000.0,
        "Reconciled Depreciation": 622000.0,
        "EBITDA": -54364000.0,
        "EBIT": -54986000.0,
        "Net Interest Income": 4785000.0,
        "Interest Expense": 868000.0,
        "Interest Income": 5653000.0,
        "Normalized Income": -55854000.0,
        "Net Income From Continuing And Discontinued Operation": -55854000.0,
        "Total Expenses": 60639000.0,
        "Total Operating Income As Reported": -60639000.0,
        "Diluted Average Shares": 60382796.0,
        "Basic Average Shares": 60382796.0,
        "Diluted EPS": -0.92,
        "Basic EPS": -0.92,
        "Diluted NI Availto Com Stockholders": -55854000.0,
        "Net Income Common Stockholders": -55854000.0,
        "Net Income": -55854000.0,
        "Net Income Including Noncontrolling Interests": -55854000.0,
        "Net Income Continuous Operations": -55854000.0,
        "Pretax Income": -55854000.0,
        "Net Non Operating Interest Income Expense": 4785000.0,
        "Interest Expense Non Operating": 868000.0,
        "Interest Income Non Operating": 5653000.0,
        "Operating Income": -60639000.0,
        "Operating Expense": 60639000.0,
        "Research And Development": 45617000.0,
        "Selling General And Administration": 15022000.0,
        "General And Administrative Expense": 15022000.0,
        "Other Gand A": 15022000.0,
        "Total Revenue": 0.0,
        "Operating Revenue": 0.0
    },
    "2024-09-30": {
        "Tax Effect Of Unusual Items": 0.0,
        "Tax Rate For Calcs": 0.0,
        "Normalized EBITDA": -56354000.0,
        "Net Income From Continuing Operation Net Minority Interest": -57763000.0,
        "Reconciled Depreciation": 532000.0,
        "EBITDA": -56354000.0,
        "EBIT": -56886000.0,
        "Net Interest Income": 4251000.0,
        "Interest Expense": 877000.0,
        "Interest Income": 5128000.0,
        "Normalized Income": -57763000.0,
        "Net Income From Continuing And Discontinued Operation": -57763000.0,
        "Total Expenses": 62014000.0,
        "Total Operating Income As Reported": -62014000.0,
        "Diluted Average Shares": 60730935.0,
        "Basic Average Shares": 60730935.0,
        "Diluted EPS": -0.95,
        "Basic EPS": -0.95,
        "Diluted NI Availto Com Stockholders": -57763000.0,
        "Net Income Common Stockholders": -57763000.0,
        "Net Income": -57763000.0,
        "Net Income Including Noncontrolling Interests": -57763000.0,
        "Net Income Continuous Operations": -57763000.0,
        "Pretax Income": -57763000.0,
        "Net Non Operating Interest Income Expense": 4251000.0,
        "Interest Expense Non Operating": 877000.0,
        "Interest Income Non Operating": 5128000.0,
        "Operating Income": -62014000.0,
        "Operating Expense": 62014000.0,
        "Research And Development": 47754000.0,
        "Selling General And Administration": 14260000.0,
        "General And Administrative Expense": 14260000.0,
        "Other Gand A": 14260000.0,
        "Total Revenue": 0.0,
        "Operating Revenue": 0.0
    }
}