{
    "2023-03-31": {
        "Tax Effect Of Unusual Items": NaN,
        "Tax Rate For Calcs": NaN,
        "Normalized EBITDA": NaN,
        "Total Unusual Items": NaN,
        "Total Unusual Items Excluding Goodwill": NaN,
        "Net Income From Continuing Operation Net Minority Interest": NaN,
        "Reconciled Depreciation": NaN,
        "Reconciled Cost Of Revenue": NaN,
        "EBITDA": NaN,
        "EBIT": NaN,
        "Net Interest Income": NaN,
        "Interest Expense": NaN,
        "Interest Income": NaN,
        "Normalized Income": NaN,
        "Net Income From Continuing And Discontinued Operation": NaN,
        "Total Expenses": NaN,
        "Total Operating Income As Reported": NaN,
        "Diluted Average Shares": NaN,
        "Basic Average Shares": NaN,
        "Diluted EPS": NaN,
        "Basic EPS": NaN,
        "Diluted NI Availto Com Stockholders": NaN,
        "Net Income Common Stockholders": NaN,
        "Net Income": NaN,
        "Net Income Including Noncontrolling Interests": NaN,
        "Net Income Continuous Operations": NaN,
        "Tax Provision": NaN,
        "Pretax Income": NaN,
        "Other Income Expense": NaN,
        "Special Income Charges": NaN,
        "Write Off": NaN,
        "Impairment Of Capital Assets": NaN,
        "Gain On Sale Of Security": NaN,
        "Net Non Operating Interest Income Expense": NaN,
        "Total Other Finance Cost": 200000.0,
        "Interest Expense Non Operating": NaN,
        "Interest Income Non Operating": NaN,
        "Operating Income": NaN,
        "Operating Expense": NaN,
        "Research And Development": NaN,
        "Selling General And Administration": NaN,
        "Selling And Marketing Expense": NaN,
        "General And Administrative Expense": NaN,
        "Other Gand A": NaN,
        "Gross Profit": NaN,
        "Cost Of Revenue": NaN,
        "Total Revenue": NaN,
        "Operating Revenue": NaN
    },
    "2022-12-31": {
        "Tax Effect Of Unusual Items": NaN,
        "Tax Rate For Calcs": NaN,
        "Normalized EBITDA": NaN,
        "Total Unusual Items": NaN,
        "Total Unusual Items Excluding Goodwill": NaN,
        "Net Income From Continuing Operation Net Minority Interest": NaN,
        "Reconciled Depreciation": NaN,
        "Reconciled Cost Of Revenue": NaN,
        "EBITDA": NaN,
        "EBIT": NaN,
        "Net Interest Income": NaN,
        "Interest Expense": NaN,
        "Interest Income": NaN,
        "Normalized Income": NaN,
        "Net Income From Continuing And Discontinued Operation": NaN,
        "Total Expenses": NaN,
        "Total Operating Income As Reported": NaN,
        "Diluted Average Shares": NaN,
        "Basic Average Shares": NaN,
        "Diluted EPS": NaN,
        "Basic EPS": NaN,
        "Diluted NI Availto Com Stockholders": NaN,
        "Net Income Common Stockholders": NaN,
        "Net Income": NaN,
        "Net Income Including Noncontrolling Interests": NaN,
        "Net Income Continuous Operations": NaN,
        "Tax Provision": NaN,
        "Pretax Income": NaN,
        "Other Income Expense": NaN,
        "Special Income Charges": NaN,
        "Impairment Of Capital Assets": NaN,
        "Gain On Sale Of Security": NaN,
        "Net Non Operating Interest Income Expense": NaN,
        "Total Other Finance Cost": -1100000.0,
        "Interest Expense Non Operating": NaN,
        "Interest Income Non Operating": NaN,
        "Operating Income": NaN,
        "Operating Expense": NaN,
        "Research And Development": NaN,
        "Selling General And Administration": NaN,
        "Selling And Marketing Expense": NaN,
        "General And Administrative Expense": NaN,
        "Other Gand A": NaN,
        "Gross Profit": NaN,
        "Cost Of Revenue": NaN,
        "Total Revenue": NaN,
        "Operating Revenue": NaN
    },
    "2022-09-30": {
        "Tax Effect Of Unusual Items": NaN,
        "Tax Rate For Calcs": NaN,
        "Normalized EBITDA": NaN,
        "Total Unusual Items": NaN,
        "Total Unusual Items Excluding Goodwill": NaN,
        "Net Income From Continuing Operation Net Minority Interest": NaN,
        "Reconciled Depreciation": NaN,
        "Reconciled Cost Of Revenue": NaN,
        "EBITDA": NaN,
        "EBIT": NaN,
        "Net Interest Income": NaN,
        "Interest Expense": NaN,
        "Interest Income": NaN,
        "Normalized Income": NaN,
        "Net Income From Continuing And Discontinued Operation": NaN,
        "Total Expenses": NaN,
        "Total Operating Income As Reported": NaN,
        "Diluted Average Shares": NaN,
        "Basic Average Shares": NaN,
        "Diluted EPS": NaN,
        "Basic EPS": NaN,
        "Diluted NI Availto Com Stockholders": NaN,
        "Net Income Common Stockholders": NaN,
        "Net Income": NaN,
        "Net Income Including Noncontrolling Interests": NaN,
        "Net Income Continuous Operations": NaN,
        "Tax Provision": NaN,
        "Pretax Income": NaN,
        "Other Income Expense": NaN,
        "Special Income Charges": 0.0,
        "Impairment Of Capital Assets": 0.0,
        "Gain On Sale Of Security": NaN,
        "Net Non Operating Interest Income Expense": NaN,
        "Total Other Finance Cost": 100000.0,
        "Interest Expense Non Operating": NaN,
        "Interest Income Non Operating": NaN,
        "Operating Income": NaN,
        "Operating Expense": NaN,
        "Research And Development": NaN,
        "Selling General And Administration": NaN,
        "Selling And Marketing Expense": NaN,
        "General And Administrative Expense": NaN,
        "Other Gand A": NaN,
        "Gross Profit": NaN,
        "Cost Of Revenue": NaN,
        "Total Revenue": NaN,
        "Operating Revenue": NaN
    },
    "2022-06-30": {
        "Tax Effect Of Unusual Items": 880000.0,
        "Tax Rate For Calcs": 0.4,
        "Normalized EBITDA": 136400000.0,
        "Total Unusual Items": 2200000.0,
        "Total Unusual Items Excluding Goodwill": 2200000.0,
        "Net Income From Continuing Operation Net Minority Interest": 36400000.0,
        "Reconciled Depreciation": 42600000.0,
        "Reconciled Cost Of Revenue": 186100000.0,
        "EBITDA": 138600000.0,
        "EBIT": 96000000.0,
        "Net Interest Income": -24600000.0,
        "Interest Expense": 27100000.0,
        "Interest Income": 2500000.0,
        "Normalized Income": 35080000.0,
        "Net Income From Continuing And Discontinued Operation": 36400000.0,
        "Total Expenses": 568300000.0,
        "Total Operating Income As Reported": 91300000.0,
        "Diluted Average Shares": 412800000.0,
        "Basic Average Shares": 412400000.0,
        "Diluted EPS": 0.09,
        "Basic EPS": 0.09,
        "Diluted NI Availto Com Stockholders": 36400000.0,
        "Net Income Common Stockholders": 36400000.0,
        "Net Income": 36400000.0,
        "Net Income Including Noncontrolling Interests": 36400000.0,
        "Net Income Continuous Operations": 36400000.0,
        "Tax Provision": 32500000.0,
        "Pretax Income": 68900000.0,
        "Other Income Expense": 2200000.0,
        "Gain On Sale Of Security": 2200000.0,
        "Net Non Operating Interest Income Expense": -24600000.0,
        "Total Other Finance Cost": 1200000.0,
        "Interest Expense Non Operating": 27100000.0,
        "Interest Income Non Operating": 2500000.0,
        "Operating Income": 91300000.0,
        "Operating Expense": 382200000.0,
        "Research And Development": 125200000.0,
        "Selling General And Administration": 257000000.0,
        "Selling And Marketing Expense": 151800000.0,
        "General And Administrative Expense": 105200000.0,
        "Other Gand A": 105200000.0,
        "Gross Profit": 473500000.0,
        "Cost Of Revenue": 186100000.0,
        "Total Revenue": 659600000.0,
        "Operating Revenue": 659600000.0
    },
    "2022-03-31": {
        "Diluted EPS": 0.2,
        "Total Revenue": 677,
        "Gross Profit": 490,
        "Operating Income": 120,
        "EBIT": 162,
        "Net Income": 83
    },
    "2021-12-31": {
        "Diluted EPS": 0.24,
        "Total Revenue": 649,
        "Gross Profit": 466,
        "Operating Income": 112,
        "EBIT": 156,
        "Net Income": 102
    },
    "2021-09-30": {
        "Diluted EPS": 0.2,
        "Total Revenue": 636,
        "Gross Profit": 457,
        "Operating Income": 155,
        "EBIT": 193,
        "Net Income": 81
    },
    "2021-06-30": {
        "Diluted EPS": 0.22,
        "Total Revenue": 659,
        "Gross Profit": 475,
        "Operating Income": 165,
        "EBIT": 200,
        "Net Income": 90
    },
    "2021-03-31": {
        "Diluted EPS": 0.09,
        "Total Revenue": 639,
        "Gross Profit": 456,
        "Operating Income": 130,
        "EBIT": 190,
        "Net Income": 36
    },
    "2020-12-31": {
        "Diluted EPS": 0.19,
        "Total Revenue": 574,
        "Gross Profit": 400,
        "Operating Income": 142,
        "EBIT": 180,
        "Net Income": 76
    },
    "2020-09-30": {
        "Diluted EPS": 0.31,
        "Total Revenue": 613,
        "Gross Profit": 433,
        "Operating Income": 204,
        "EBIT": 236,
        "Net Income": 120
    },
    "2020-06-30": {
        "Diluted EPS": -0.37,
        "Total Revenue": 651,
        "Gross Profit": 458,
        "Operating Income": -72,
        "EBIT": -39,
        "Net Income": -140
    },
    "2020-03-31": {
        "Diluted EPS": 0.09,
        "Total Revenue": 534,
        "Gross Profit": 368,
        "Operating Income": 113,
        "EBIT": 144,
        "Net Income": 36
    },
    "2019-12-31": {
        "Diluted EPS": 0.0,
        "Total Revenue": NaN,
        "Gross Profit": NaN,
        "Operating Income": NaN,
        "EBIT": NaN,
        "Net Income": NaN
    },
    "2018-12-31": {
        "Diluted EPS": 0.0,
        "Total Revenue": NaN,
        "Gross Profit": NaN,
        "Operating Income": NaN,
        "EBIT": NaN,
        "Net Income": NaN
    },
    "2023-06-30": {
        "Tax Effect Of Unusual Items": NaN,
        "Tax Rate For Calcs": NaN,
        "Normalized EBITDA": NaN,
        "Total Unusual Items": NaN,
        "Total Unusual Items Excluding Goodwill": NaN,
        "Net Income From Continuing Operation Net Minority Interest": NaN,
        "Reconciled Depreciation": NaN,
        "Reconciled Cost Of Revenue": NaN,
        "EBITDA": NaN,
        "EBIT": NaN,
        "Net Interest Income": NaN,
        "Interest Expense": NaN,
        "Interest Income": NaN,
        "Normalized Income": NaN,
        "Net Income From Continuing And Discontinued Operation": NaN,
        "Total Expenses": NaN,
        "Total Operating Income As Reported": NaN,
        "Diluted Average Shares": NaN,
        "Basic Average Shares": NaN,
        "Diluted EPS": NaN,
        "Basic EPS": NaN,
        "Diluted NI Availto Com Stockholders": NaN,
        "Net Income Common Stockholders": NaN,
        "Net Income": NaN,
        "Net Income Including Noncontrolling Interests": NaN,
        "Net Income Continuous Operations": NaN,
        "Tax Provision": NaN,
        "Pretax Income": NaN,
        "Other Income Expense": NaN,
        "Special Income Charges": NaN,
        "Write Off": NaN,
        "Impairment Of Capital Assets": 9700000.0,
        "Gain On Sale Of Security": NaN,
        "Net Non Operating Interest Income Expense": NaN,
        "Interest Expense Non Operating": NaN,
        "Interest Income Non Operating": NaN,
        "Operating Income": NaN,
        "Operating Expense": NaN,
        "Research And Development": NaN,
        "Selling General And Administration": NaN,
        "Selling And Marketing Expense": NaN,
        "General And Administrative Expense": NaN,
        "Other Gand A": NaN,
        "Gross Profit": NaN,
        "Cost Of Revenue": NaN,
        "Total Revenue": NaN,
        "Operating Revenue": NaN
    },
    "2023-09-30": {
        "Tax Effect Of Unusual Items": -8190000.0,
        "Tax Rate For Calcs": 0.21,
        "Normalized EBITDA": 181900000.0,
        "Total Unusual Items": -39000000.0,
        "Total Unusual Items Excluding Goodwill": -39000000.0,
        "Net Income From Continuing Operation Net Minority Interest": 37900000.0,
        "Reconciled Depreciation": 38400000.0,
        "Reconciled Cost Of Revenue": 173900000.0,
        "EBITDA": 142900000.0,
        "EBIT": 104500000.0,
        "Net Interest Income": -27800000.0,
        "Interest Expense": 39700000.0,
        "Interest Income": 11900000.0,
        "Normalized Income": 68710000.0,
        "Net Income From Continuing And Discontinued Operation": 37900000.0,
        "Total Expenses": 498500000.0,
        "Total Operating Income As Reported": 90000000.0,
        "Diluted Average Shares": 367600000.0,
        "Basic Average Shares": 366700000.0,
        "Diluted EPS": 0.1,
        "Basic EPS": 0.1,
        "Diluted NI Availto Com Stockholders": 37900000.0,
        "Net Income Common Stockholders": 37900000.0,
        "Net Income": 37900000.0,
        "Net Income Including Noncontrolling Interests": 37900000.0,
        "Net Income Continuous Operations": 37900000.0,
        "Tax Provision": 26900000.0,
        "Pretax Income": 64800000.0,
        "Other Income Expense": -39000000.0,
        "Special Income Charges": -41600000.0,
        "Write Off": 41600000.0,
        "Impairment Of Capital Assets": 41600000.0,
        "Gain On Sale Of Security": 2600000.0,
        "Net Non Operating Interest Income Expense": -27800000.0,
        "Interest Expense Non Operating": 39700000.0,
        "Interest Income Non Operating": 11900000.0,
        "Operating Income": 131600000.0,
        "Operating Expense": 324600000.0,
        "Research And Development": 102200000.0,
        "Selling General And Administration": 222400000.0,
        "Selling And Marketing Expense": 142800000.0,
        "General And Administrative Expense": 79600000.0,
        "Other Gand A": 79600000.0,
        "Gross Profit": 456200000.0,
        "Cost Of Revenue": 173900000.0,
        "Total Revenue": 630100000.0,
        "Operating Revenue": 630100000.0
    },
    "2023-12-31": {
        "Tax Effect Of Unusual Items": -1155000.0,
        "Tax Rate For Calcs": 0.21,
        "Normalized EBITDA": 174600000.0,
        "Total Unusual Items": -5500000.0,
        "Total Unusual Items Excluding Goodwill": -5500000.0,
        "Net Income From Continuing Operation Net Minority Interest": 37300000.0,
        "Reconciled Depreciation": 42000000.0,
        "Reconciled Cost Of Revenue": 180600000.0,
        "EBITDA": 169100000.0,
        "EBIT": 127100000.0,
        "Net Interest Income": -28100000.0,
        "Interest Expense": 39700000.0,
        "Interest Income": 12100000.0,
        "Normalized Income": 41645000.0,
        "Net Income From Continuing And Discontinued Operation": 37300000.0,
        "Total Expenses": 517900000.0,
        "Total Operating Income As Reported": 120000000.0,
        "Diluted Average Shares": 368300000.0,
        "Basic Average Shares": 367800000.0,
        "Diluted EPS": 0.1,
        "Basic EPS": 0.1,
        "Diluted NI Availto Com Stockholders": 37300000.0,
        "Net Income Common Stockholders": 37300000.0,
        "Net Income": 37300000.0,
        "Net Income Including Noncontrolling Interests": 37300000.0,
        "Net Income Continuous Operations": 37300000.0,
        "Tax Provision": 50100000.0,
        "Pretax Income": 87400000.0,
        "Other Income Expense": -5500000.0,
        "Special Income Charges": 0.0,
        "Write Off": NaN,
        "Impairment Of Capital Assets": 0.0,
        "Gain On Sale Of Security": -5500000.0,
        "Net Non Operating Interest Income Expense": -28100000.0,
        "Interest Expense Non Operating": 39700000.0,
        "Interest Income Non Operating": 12100000.0,
        "Operating Income": 120000000.0,
        "Operating Expense": 337300000.0,
        "Research And Development": 101500000.0,
        "Selling General And Administration": 235800000.0,
        "Selling And Marketing Expense": 158000000.0,
        "General And Administrative Expense": 77800000.0,
        "Other Gand A": 77800000.0,
        "Gross Profit": 457300000.0,
        "Cost Of Revenue": 180600000.0,
        "Total Revenue": 637900000.0,
        "Operating Revenue": 637900000.0
    },
    "2024-03-31": {
        "Tax Effect Of Unusual Items": -1226400.0,
        "Tax Rate For Calcs": 0.292,
        "Normalized EBITDA": 157300000.0,
        "Total Unusual Items": -4200000.0,
        "Total Unusual Items Excluding Goodwill": -4200000.0,
        "Net Income From Continuing Operation Net Minority Interest": 53000000.0,
        "Reconciled Depreciation": 39200000.0,
        "Reconciled Cost Of Revenue": 177000000.0,
        "EBITDA": 153100000.0,
        "EBIT": 113900000.0,
        "Net Interest Income": -26000000.0,
        "Interest Expense": 39000000.0,
        "Interest Income": 13000000.0,
        "Normalized Income": 55973600.0,
        "Net Income From Continuing And Discontinued Operation": 53000000.0,
        "Total Expenses": 546100000.0,
        "Total Operating Income As Reported": 98100000.0,
        "Diluted Average Shares": 370800000.0,
        "Basic Average Shares": 370500000.0,
        "Diluted EPS": 0.14,
        "Basic EPS": 0.14,
        "Diluted NI Availto Com Stockholders": 53000000.0,
        "Net Income Common Stockholders": 53000000.0,
        "Net Income": 53000000.0,
        "Net Income Including Noncontrolling Interests": 53000000.0,
        "Net Income Continuous Operations": 53000000.0,
        "Tax Provision": 21900000.0,
        "Pretax Income": 74900000.0,
        "Other Income Expense": -4200000.0,
        "Special Income Charges": -7000000.0,
        "Write Off": NaN,
        "Impairment Of Capital Assets": 7000000.0,
        "Gain On Sale Of Security": 2800000.0,
        "Net Non Operating Interest Income Expense": -26000000.0,
        "Interest Expense Non Operating": 39000000.0,
        "Interest Income Non Operating": 13000000.0,
        "Operating Income": 105100000.0,
        "Operating Expense": 369100000.0,
        "Research And Development": 106900000.0,
        "Selling General And Administration": 262200000.0,
        "Selling And Marketing Expense": 190400000.0,
        "General And Administrative Expense": 71800000.0,
        "Other Gand A": 71800000.0,
        "Gross Profit": 474200000.0,
        "Cost Of Revenue": 177000000.0,
        "Total Revenue": 651200000.0,
        "Operating Revenue": 651200000.0
    },
    "2024-06-30": {
        "Tax Effect Of Unusual Items": 1344000.0,
        "Tax Rate For Calcs": 0.28,
        "Normalized EBITDA": 193100000.0,
        "Total Unusual Items": 4800000.0,
        "Total Unusual Items Excluding Goodwill": 4800000.0,
        "Net Income From Continuing Operation Net Minority Interest": 86600000.0,
        "Reconciled Depreciation": 38700000.0,
        "Reconciled Cost Of Revenue": 168200000.0,
        "EBITDA": 197900000.0,
        "EBIT": 159200000.0,
        "Net Interest Income": -25200000.0,
        "Interest Expense": 38900000.0,
        "Interest Income": 13700000.0,
        "Normalized Income": 83144000.0,
        "Net Income From Continuing And Discontinued Operation": 86600000.0,
        "Total Expenses": 486300000.0,
        "Total Operating Income As Reported": 140700000.0,
        "Diluted Average Shares": 371800000.0,
        "Basic Average Shares": 371400000.0,
        "Diluted EPS": 0.23,
        "Basic EPS": 0.23,
        "Diluted NI Availto Com Stockholders": 86600000.0,
        "Net Income Common Stockholders": 86600000.0,
        "Net Income": 86600000.0,
        "Net Income Including Noncontrolling Interests": 86600000.0,
        "Net Income Continuous Operations": 86600000.0,
        "Tax Provision": 33700000.0,
        "Pretax Income": 120300000.0,
        "Other Income Expense": 4800000.0,
        "Special Income Charges": 0.0,
        "Write Off": NaN,
        "Impairment Of Capital Assets": 0.0,
        "Gain On Sale Of Security": 4800000.0,
        "Net Non Operating Interest Income Expense": -25200000.0,
        "Interest Expense Non Operating": 38900000.0,
        "Interest Income Non Operating": 13700000.0,
        "Operating Income": 140700000.0,
        "Operating Expense": 318100000.0,
        "Research And Development": 100600000.0,
        "Selling General And Administration": 217500000.0,
        "Selling And Marketing Expense": 169400000.0,
        "General And Administrative Expense": 48100000.0,
        "Other Gand A": 48100000.0,
        "Gross Profit": 458800000.0,
        "Cost Of Revenue": 168200000.0,
        "Total Revenue": 627000000.0,
        "Operating Revenue": 627000000.0
    },
    "2024-09-30": {
        "Tax Effect Of Unusual Items": -16202825.745683,
        "Tax Rate For Calcs": 0.383046,
        "Normalized EBITDA": 184400000.0,
        "Total Unusual Items": -42300000.0,
        "Total Unusual Items Excluding Goodwill": -42300000.0,
        "Net Income From Continuing Operation Net Minority Interest": 39300000.0,
        "Reconciled Depreciation": 39200000.0,
        "Reconciled Cost Of Revenue": 168100000.0,
        "EBITDA": 142100000.0,
        "EBIT": 102900000.0,
        "Net Interest Income": -20800000.0,
        "Interest Expense": 39200000.0,
        "Interest Income": 18400000.0,
        "Normalized Income": 65397174.254317,
        "Net Income From Continuing And Discontinued Operation": 39300000.0,
        "Total Expenses": 494000000.0,
        "Total Operating Income As Reported": 97500000.0,
        "Diluted Average Shares": 372500000.0,
        "Basic Average Shares": 372200000.0,
        "Diluted EPS": 0.11,
        "Basic EPS": 0.11,
        "Diluted NI Availto Com Stockholders": 39300000.0,
        "Net Income Common Stockholders": 39300000.0,
        "Net Income": 39300000.0,
        "Net Income Including Noncontrolling Interests": 39300000.0,
        "Net Income Continuous Operations": 39300000.0,
        "Tax Provision": 24400000.0,
        "Pretax Income": 63700000.0,
        "Other Income Expense": -42300000.0,
        "Special Income Charges": -29300000.0,
        "Write Off": 29300000.0,
        "Impairment Of Capital Assets": NaN,
        "Gain On Sale Of Security": -13000000.0,
        "Net Non Operating Interest Income Expense": -20800000.0,
        "Interest Expense Non Operating": 39200000.0,
        "Interest Income Non Operating": 18400000.0,
        "Operating Income": 126800000.0,
        "Operating Expense": 325900000.0,
        "Research And Development": 99200000.0,
        "Selling General And Administration": 226700000.0,
        "Selling And Marketing Expense": 149900000.0,
        "General And Administrative Expense": 76800000.0,
        "Other Gand A": 76800000.0,
        "Gross Profit": 452700000.0,
        "Cost Of Revenue": 168100000.0,
        "Total Revenue": 620800000.0,
        "Operating Revenue": 620800000.0
    }
}