{
    "2023-03-31": {
        "Tax Effect Of Unusual Items": NaN,
        "Tax Rate For Calcs": NaN,
        "Normalized EBITDA": NaN,
        "Net Income From Continuing Operation Net Minority Interest": NaN,
        "Reconciled Depreciation": NaN,
        "Reconciled Cost Of Revenue": NaN,
        "EBITDA": NaN,
        "EBIT": NaN,
        "Net Interest Income": NaN,
        "Interest Expense": 1275000.0,
        "Interest Income": NaN,
        "Normalized Income": NaN,
        "Net Income From Continuing And Discontinued Operation": NaN,
        "Total Expenses": NaN,
        "Total Operating Income As Reported": NaN,
        "Diluted Average Shares": NaN,
        "Basic Average Shares": NaN,
        "Diluted EPS": NaN,
        "Basic EPS": NaN,
        "Diluted NI Availto Com Stockholders": NaN,
        "Net Income Common Stockholders": NaN,
        "Net Income": NaN,
        "Minority Interests": NaN,
        "Net Income Including Noncontrolling Interests": NaN,
        "Net Income Continuous Operations": NaN,
        "Tax Provision": NaN,
        "Pretax Income": NaN,
        "Other Income Expense": NaN,
        "Other Non Operating Income Expenses": NaN,
        "Net Non Operating Interest Income Expense": NaN,
        "Interest Expense Non Operating": 1275000.0,
        "Interest Income Non Operating": NaN,
        "Operating Income": NaN,
        "Operating Expense": NaN,
        "Research And Development": NaN,
        "Selling General And Administration": NaN,
        "Selling And Marketing Expense": NaN,
        "General And Administrative Expense": NaN,
        "Other Gand A": NaN,
        "Salaries And Wages": NaN,
        "Gross Profit": NaN,
        "Cost Of Revenue": NaN,
        "Total Revenue": NaN,
        "Operating Revenue": NaN
    },
    "2022-12-31": {
        "Tax Effect Of Unusual Items": NaN,
        "Tax Rate For Calcs": NaN,
        "Normalized EBITDA": NaN,
        "Net Income From Continuing Operation Net Minority Interest": NaN,
        "Reconciled Depreciation": NaN,
        "Reconciled Cost Of Revenue": NaN,
        "EBITDA": NaN,
        "EBIT": NaN,
        "Net Interest Income": NaN,
        "Interest Expense": 1712000.0,
        "Interest Income": NaN,
        "Normalized Income": NaN,
        "Net Income From Continuing And Discontinued Operation": NaN,
        "Total Expenses": NaN,
        "Total Operating Income As Reported": NaN,
        "Diluted Average Shares": NaN,
        "Basic Average Shares": NaN,
        "Diluted EPS": NaN,
        "Basic EPS": NaN,
        "Diluted NI Availto Com Stockholders": NaN,
        "Net Income Common Stockholders": NaN,
        "Net Income": NaN,
        "Minority Interests": NaN,
        "Net Income Including Noncontrolling Interests": NaN,
        "Net Income Continuous Operations": NaN,
        "Tax Provision": NaN,
        "Pretax Income": NaN,
        "Other Income Expense": NaN,
        "Other Non Operating Income Expenses": NaN,
        "Net Non Operating Interest Income Expense": NaN,
        "Interest Expense Non Operating": 1712000.0,
        "Interest Income Non Operating": NaN,
        "Operating Income": NaN,
        "Operating Expense": NaN,
        "Research And Development": NaN,
        "Selling General And Administration": NaN,
        "Selling And Marketing Expense": NaN,
        "General And Administrative Expense": NaN,
        "Other Gand A": NaN,
        "Salaries And Wages": NaN,
        "Gross Profit": NaN,
        "Cost Of Revenue": NaN,
        "Total Revenue": NaN,
        "Operating Revenue": NaN
    },
    "2022-09-30": {
        "Tax Effect Of Unusual Items": 0.0,
        "Tax Rate For Calcs": 0.21,
        "Normalized EBITDA": -115755000.0,
        "Net Income From Continuing Operation Net Minority Interest": -123875000.0,
        "Reconciled Depreciation": 5942000.0,
        "Reconciled Cost Of Revenue": 107611000.0,
        "EBITDA": -115755000.0,
        "EBIT": -121697000.0,
        "Net Interest Income": 4458000.0,
        "Interest Expense": 1082000.0,
        "Interest Income": 5540000.0,
        "Normalized Income": -123875000.0,
        "Net Income From Continuing And Discontinued Operation": -123875000.0,
        "Total Expenses": 540071000.0,
        "Total Operating Income As Reported": -62191000.0,
        "Diluted Average Shares": 2073265000.0,
        "Basic Average Shares": 2073265000.0,
        "Diluted EPS": -0.06,
        "Basic EPS": -0.06,
        "Diluted NI Availto Com Stockholders": -123875000.0,
        "Net Income Common Stockholders": -123875000.0,
        "Net Income": -123875000.0,
        "Minority Interests": NaN,
        "Net Income Including Noncontrolling Interests": -123875000.0,
        "Net Income Continuous Operations": -123875000.0,
        "Tax Provision": 1096000.0,
        "Pretax Income": -122779000.0,
        "Other Income Expense": -65046000.0,
        "Other Non Operating Income Expenses": -65046000.0,
        "Net Non Operating Interest Income Expense": 4458000.0,
        "Interest Expense Non Operating": 1082000.0,
        "Interest Income Non Operating": 5540000.0,
        "Operating Income": -62191000.0,
        "Operating Expense": 432460000.0,
        "Research And Development": 100863000.0,
        "Selling General And Administration": 331597000.0,
        "Selling And Marketing Expense": 182918000.0,
        "General And Administrative Expense": 148679000.0,
        "Other Gand A": 148679000.0,
        "Salaries And Wages": NaN,
        "Gross Profit": 370269000.0,
        "Cost Of Revenue": 107611000.0,
        "Total Revenue": 477880000.0,
        "Operating Revenue": 477880000.0
    },
    "2022-06-30": {
        "Tax Effect Of Unusual Items": 0.0,
        "Tax Rate For Calcs": 0.4,
        "Normalized EBITDA": -171176000.0,
        "Net Income From Continuing Operation Net Minority Interest": -179329000.0,
        "Reconciled Depreciation": 4895000.0,
        "Reconciled Cost Of Revenue": 102224000.0,
        "EBITDA": -171176000.0,
        "EBIT": -176071000.0,
        "Net Interest Income": 802000.0,
        "Interest Expense": 670000.0,
        "Interest Income": 1472000.0,
        "Normalized Income": -179329000.0,
        "Net Income From Continuing And Discontinued Operation": -179329000.0,
        "Total Expenses": 514755000.0,
        "Total Operating Income As Reported": -41745000.0,
        "Diluted Average Shares": 2054799000.0,
        "Basic Average Shares": 2054799000.0,
        "Diluted EPS": -0.09,
        "Basic EPS": -0.09,
        "Diluted NI Availto Com Stockholders": -179329000.0,
        "Net Income Common Stockholders": -179329000.0,
        "Net Income": -179329000.0,
        "Minority Interests": NaN,
        "Net Income Including Noncontrolling Interests": -179329000.0,
        "Net Income Continuous Operations": -179329000.0,
        "Tax Provision": 2588000.0,
        "Pretax Income": -176741000.0,
        "Other Income Expense": -135798000.0,
        "Other Non Operating Income Expenses": -135798000.0,
        "Net Non Operating Interest Income Expense": 802000.0,
        "Interest Expense Non Operating": 670000.0,
        "Interest Income Non Operating": 1472000.0,
        "Operating Income": -41745000.0,
        "Operating Expense": 412531000.0,
        "Research And Development": 88171000.0,
        "Selling General And Administration": 324360000.0,
        "Selling And Marketing Expense": 168875000.0,
        "General And Administrative Expense": 155485000.0,
        "Other Gand A": 155485000.0,
        "Salaries And Wages": NaN,
        "Gross Profit": 370786000.0,
        "Cost Of Revenue": 102224000.0,
        "Total Revenue": 473010000.0,
        "Operating Revenue": 473010000.0
    },
    "2022-03-31": {
        "Diluted EPS": -0.05,
        "Total Revenue": 446,
        "Gross Profit": 352,
        "Operating Income": -39,
        "EBIT": -35,
        "Net Income": -101
    },
    "2021-12-31": {
        "Diluted EPS": -0.08,
        "Total Revenue": 433,
        "Gross Profit": 345,
        "Operating Income": -59,
        "EBIT": -55,
        "Net Income": -156
    },
    "2021-09-30": {
        "Diluted EPS": -0.05,
        "Total Revenue": 392,
        "Gross Profit": 305,
        "Operating Income": -92,
        "EBIT": -89,
        "Net Income": -102
    },
    "2021-06-30": {
        "Diluted EPS": -0.07,
        "Total Revenue": 376,
        "Gross Profit": 285,
        "Operating Income": -146,
        "EBIT": -141,
        "Net Income": -139
    },
    "2021-03-31": {
        "Diluted EPS": -0.07,
        "Total Revenue": 341,
        "Gross Profit": 267,
        "Operating Income": -114,
        "EBIT": -111,
        "Net Income": -123
    },
    "2020-12-31": {
        "Diluted EPS": -0.08,
        "Total Revenue": 322,
        "Gross Profit": 252,
        "Operating Income": -157,
        "EBIT": -153,
        "Net Income": -148
    },
    "2020-09-30": {
        "Diluted EPS": -0.94,
        "Total Revenue": 289,
        "Gross Profit": 140,
        "Operating Income": -848,
        "EBIT": -845,
        "Net Income": -853
    },
    "2020-06-30": {
        "Diluted EPS": -0.17,
        "Total Revenue": 252,
        "Gross Profit": 183,
        "Operating Income": -99,
        "EBIT": -95,
        "Net Income": -110
    },
    "2020-03-31": {
        "Diluted EPS": -0.1,
        "Total Revenue": 229,
        "Gross Profit": 165,
        "Operating Income": -70,
        "EBIT": -67,
        "Net Income": -54
    },
    "2019-12-31": {
        "Diluted EPS": 0.0,
        "Total Revenue": NaN,
        "Gross Profit": NaN,
        "Operating Income": NaN,
        "EBIT": NaN,
        "Net Income": NaN
    },
    "2018-12-31": {
        "Diluted EPS": 0.0,
        "Total Revenue": NaN,
        "Gross Profit": NaN,
        "Operating Income": NaN,
        "EBIT": NaN,
        "Net Income": NaN
    },
    "2023-06-30": {
        "Tax Effect Of Unusual Items": 0.0,
        "Tax Rate For Calcs": 0.072263,
        "Normalized EBITDA": 18473000.0,
        "Net Income From Continuing Operation Net Minority Interest": 28127000.0,
        "Reconciled Depreciation": 8399000.0,
        "Reconciled Cost Of Revenue": 106899000.0,
        "EBITDA": 18473000.0,
        "EBIT": 10074000.0,
        "Net Interest Income": 30310000.0,
        "Interest Expense": 1317000.0,
        "Interest Income": 30310000.0,
        "Normalized Income": 28127000.0,
        "Net Income From Continuing And Discontinued Operation": 28127000.0,
        "Total Expenses": 523243000.0,
        "Total Operating Income As Reported": 10074000.0,
        "Diluted Average Shares": 2278155000.0,
        "Basic Average Shares": 2131224000.0,
        "Diluted EPS": 0.01,
        "Basic EPS": 0.01,
        "Diluted NI Availto Com Stockholders": 28127000.0,
        "Net Income Common Stockholders": 28127000.0,
        "Net Income": 28127000.0,
        "Minority Interests": 255000.0,
        "Net Income Including Noncontrolling Interests": 27872000.0,
        "Net Income Continuous Operations": 27872000.0,
        "Tax Provision": 2171000.0,
        "Pretax Income": 30043000.0,
        "Other Income Expense": -10341000.0,
        "Other Non Operating Income Expenses": -10341000.0,
        "Net Non Operating Interest Income Expense": 30310000.0,
        "Interest Expense Non Operating": 1317000.0,
        "Interest Income Non Operating": 30310000.0,
        "Operating Income": 10074000.0,
        "Operating Expense": 416344000.0,
        "Research And Development": 99533000.0,
        "Selling General And Administration": 316811000.0,
        "Selling And Marketing Expense": 184163000.0,
        "General And Administrative Expense": 132648000.0,
        "Other Gand A": 132648000.0,
        "Salaries And Wages": 83005000.0,
        "Gross Profit": 426418000.0,
        "Cost Of Revenue": 106899000.0,
        "Total Revenue": 533317000.0,
        "Operating Revenue": 533317000.0
    },
    "2023-09-30": {
        "Tax Effect Of Unusual Items": 0.0,
        "Tax Rate For Calcs": 0.081657,
        "Normalized EBITDA": 89374000.0,
        "Net Income From Continuing Operation Net Minority Interest": 71505000.0,
        "Reconciled Depreciation": 8663000.0,
        "Reconciled Cost Of Revenue": 107922000.0,
        "EBITDA": 89374000.0,
        "EBIT": 80711000.0,
        "Net Interest Income": 36122000.0,
        "Interest Expense": 742000.0,
        "Interest Income": 36864000.0,
        "Normalized Income": 71505000.0,
        "Net Income From Continuing And Discontinued Operation": 71505000.0,
        "Total Expenses": 518176000.0,
        "Total Operating Income As Reported": 39983000.0,
        "Diluted Average Shares": 2325600000.0,
        "Basic Average Shares": 2162530000.0,
        "Diluted EPS": 0.03,
        "Basic EPS": 0.03,
        "Diluted NI Availto Com Stockholders": 71505000.0,
        "Net Income Common Stockholders": 71505000.0,
        "Net Income": 71505000.0,
        "Minority Interests": -1934000.0,
        "Net Income Including Noncontrolling Interests": 73439000.0,
        "Net Income Continuous Operations": 73439000.0,
        "Tax Provision": 6530000.0,
        "Pretax Income": 79969000.0,
        "Other Income Expense": 3864000.0,
        "Other Non Operating Income Expenses": 3864000.0,
        "Net Non Operating Interest Income Expense": 36122000.0,
        "Interest Expense Non Operating": 742000.0,
        "Interest Income Non Operating": 36864000.0,
        "Operating Income": 39983000.0,
        "Operating Expense": 410254000.0,
        "Research And Development": 105708000.0,
        "Selling General And Administration": 304546000.0,
        "Selling And Marketing Expense": 176373000.0,
        "General And Administrative Expense": 128173000.0,
        "Other Gand A": 128173000.0,
        "Salaries And Wages": NaN,
        "Gross Profit": 450237000.0,
        "Cost Of Revenue": 107922000.0,
        "Total Revenue": 558159000.0,
        "Operating Revenue": 558159000.0
    },
    "2023-12-31": {
        "Tax Effect Of Unusual Items": 0.0,
        "Tax Rate For Calcs": 0.087852,
        "Normalized EBITDA": 114355000.0,
        "Net Income From Continuing Operation Net Minority Interest": 93391000.0,
        "Reconciled Depreciation": 7972000.0,
        "Reconciled Cost Of Revenue": 108639000.0,
        "EBITDA": 114355000.0,
        "EBIT": 106383000.0,
        "Net Interest Income": 44409000.0,
        "Interest Expense": 136000.0,
        "Interest Income": 44545000.0,
        "Normalized Income": 93391000.0,
        "Net Income From Continuing And Discontinued Operation": 93391000.0,
        "Total Expenses": 542556000.0,
        "Total Operating Income As Reported": 65794000.0,
        "Diluted Average Shares": 2357742000.0,
        "Basic Average Shares": 2187214000.0,
        "Diluted EPS": 0.04,
        "Basic EPS": 0.04,
        "Diluted NI Availto Com Stockholders": 93391000.0,
        "Net Income Common Stockholders": 93391000.0,
        "Net Income": 93391000.0,
        "Minority Interests": -3522000.0,
        "Net Income Including Noncontrolling Interests": 96913000.0,
        "Net Income Continuous Operations": 96913000.0,
        "Tax Provision": 9334000.0,
        "Pretax Income": 106247000.0,
        "Other Income Expense": -3956000.0,
        "Other Non Operating Income Expenses": -3956000.0,
        "Net Non Operating Interest Income Expense": 44409000.0,
        "Interest Expense Non Operating": 136000.0,
        "Interest Income Non Operating": 44545000.0,
        "Operating Income": 65794000.0,
        "Operating Expense": 433917000.0,
        "Research And Development": 109283000.0,
        "Selling General And Administration": 324634000.0,
        "Selling And Marketing Expense": 197363000.0,
        "General And Administrative Expense": 127271000.0,
        "Other Gand A": 127271000.0,
        "Salaries And Wages": NaN,
        "Gross Profit": 499711000.0,
        "Cost Of Revenue": 108639000.0,
        "Total Revenue": 608350000.0,
        "Operating Revenue": 608350000.0
    },
    "2024-03-31": {
        "Tax Effect Of Unusual Items": 0.0,
        "Tax Rate For Calcs": 0.042041,
        "Normalized EBITDA": 89319000.0,
        "Net Income From Continuing Operation Net Minority Interest": 105530000.0,
        "Reconciled Depreciation": 8438000.0,
        "Reconciled Cost Of Revenue": 116256000.0,
        "EBITDA": 89319000.0,
        "EBIT": 80881000.0,
        "Net Interest Income": 43352000.0,
        "Interest Expense": NaN,
        "Interest Income": 43352000.0,
        "Normalized Income": 105530000.0,
        "Net Income From Continuing And Discontinued Operation": 105530000.0,
        "Total Expenses": 553457000.0,
        "Total Operating Income As Reported": 80881000.0,
        "Diluted Average Shares": 2400107000.0,
        "Basic Average Shares": 2213545000.0,
        "Diluted EPS": 0.04,
        "Basic EPS": 0.05,
        "Diluted NI Availto Com Stockholders": 105530000.0,
        "Net Income Common Stockholders": 105530000.0,
        "Net Income": 105530000.0,
        "Minority Interests": -541000.0,
        "Net Income Including Noncontrolling Interests": 106071000.0,
        "Net Income Continuous Operations": 106071000.0,
        "Tax Provision": 4655000.0,
        "Pretax Income": 110726000.0,
        "Other Income Expense": -13507000.0,
        "Other Non Operating Income Expenses": -13507000.0,
        "Net Non Operating Interest Income Expense": 43352000.0,
        "Interest Expense Non Operating": NaN,
        "Interest Income Non Operating": 43352000.0,
        "Operating Income": 80881000.0,
        "Operating Expense": 437201000.0,
        "Research And Development": 110040000.0,
        "Selling General And Administration": 327161000.0,
        "Selling And Marketing Expense": 193177000.0,
        "General And Administrative Expense": 133984000.0,
        "Other Gand A": 133984000.0,
        "Salaries And Wages": NaN,
        "Gross Profit": 518082000.0,
        "Cost Of Revenue": 116256000.0,
        "Total Revenue": 634338000.0,
        "Operating Revenue": 634338000.0
    },
    "2024-06-30": {
        "Tax Effect Of Unusual Items": 0.0,
        "Tax Rate For Calcs": 0.036864,
        "Normalized EBITDA": 113395000.0,
        "Net Income From Continuing Operation Net Minority Interest": 134126000.0,
        "Reconciled Depreciation": 8056000.0,
        "Reconciled Cost Of Revenue": 128562000.0,
        "EBITDA": 113395000.0,
        "EBIT": 105339000.0,
        "Net Interest Income": 46593000.0,
        "Interest Expense": NaN,
        "Interest Income": 46593000.0,
        "Normalized Income": 134126000.0,
        "Net Income From Continuing And Discontinued Operation": 134126000.0,
        "Total Expenses": 572795000.0,
        "Total Operating Income As Reported": 105339000.0,
        "Diluted Average Shares": 2414696000.0,
        "Basic Average Shares": 2231592000.0,
        "Diluted EPS": 0.06,
        "Basic EPS": 0.06,
        "Diluted NI Availto Com Stockholders": 134126000.0,
        "Net Income Common Stockholders": 134126000.0,
        "Net Income": 134126000.0,
        "Minority Interests": -1444000.0,
        "Net Income Including Noncontrolling Interests": 135570000.0,
        "Net Income Continuous Operations": 135570000.0,
        "Tax Provision": 5189000.0,
        "Pretax Income": 140759000.0,
        "Other Income Expense": -11173000.0,
        "Other Non Operating Income Expenses": -11173000.0,
        "Net Non Operating Interest Income Expense": 46593000.0,
        "Interest Expense Non Operating": NaN,
        "Interest Income Non Operating": 46593000.0,
        "Operating Income": 105339000.0,
        "Operating Expense": 444233000.0,
        "Research And Development": 108781000.0,
        "Selling General And Administration": 335452000.0,
        "Selling And Marketing Expense": 196809000.0,
        "General And Administrative Expense": 138643000.0,
        "Other Gand A": 138643000.0,
        "Salaries And Wages": NaN,
        "Gross Profit": 549572000.0,
        "Cost Of Revenue": 128562000.0,
        "Total Revenue": 678134000.0,
        "Operating Revenue": 678134000.0
    }
}