{
    "2023-03-31": {
        "Tax Effect Of Unusual Items": NaN,
        "Tax Rate For Calcs": NaN,
        "Normalized EBITDA": NaN,
        "Net Income From Continuing Operation Net Minority Interest": NaN,
        "Reconciled Depreciation": NaN,
        "Reconciled Cost Of Revenue": NaN,
        "EBITDA": NaN,
        "EBIT": NaN,
        "Net Interest Income": NaN,
        "Interest Expense": NaN,
        "Normalized Income": NaN,
        "Net Income From Continuing And Discontinued Operation": NaN,
        "Total Expenses": NaN,
        "Total Operating Income As Reported": NaN,
        "Diluted Average Shares": 26702000.0,
        "Basic Average Shares": 26593000.0,
        "Diluted EPS": 1.23,
        "Basic EPS": 1.24,
        "Diluted NI Availto Com Stockholders": NaN,
        "Net Income Common Stockholders": NaN,
        "Net Income": NaN,
        "Net Income Including Noncontrolling Interests": NaN,
        "Net Income Continuous Operations": NaN,
        "Tax Provision": NaN,
        "Pretax Income": NaN,
        "Other Income Expense": NaN,
        "Other Non Operating Income Expenses": NaN,
        "Net Non Operating Interest Income Expense": NaN,
        "Interest Expense Non Operating": NaN,
        "Operating Income": NaN,
        "Operating Expense": NaN,
        "Depreciation Amortization Depletion Income Statement": NaN,
        "Depreciation And Amortization In Income Statement": NaN,
        "Selling General And Administration": NaN,
        "Gross Profit": NaN,
        "Cost Of Revenue": NaN,
        "Total Revenue": NaN,
        "Operating Revenue": NaN
    },
    "2022-12-31": {
        "Tax Effect Of Unusual Items": NaN,
        "Tax Rate For Calcs": NaN,
        "Normalized EBITDA": NaN,
        "Net Income From Continuing Operation Net Minority Interest": NaN,
        "Reconciled Depreciation": NaN,
        "Reconciled Cost Of Revenue": NaN,
        "EBITDA": NaN,
        "EBIT": NaN,
        "Net Interest Income": NaN,
        "Interest Expense": NaN,
        "Normalized Income": NaN,
        "Net Income From Continuing And Discontinued Operation": NaN,
        "Total Expenses": NaN,
        "Total Operating Income As Reported": NaN,
        "Diluted Average Shares": 26648000.0,
        "Basic Average Shares": 26592000.0,
        "Diluted EPS": 1.34,
        "Basic EPS": 1.34,
        "Diluted NI Availto Com Stockholders": NaN,
        "Net Income Common Stockholders": NaN,
        "Net Income": NaN,
        "Net Income Including Noncontrolling Interests": NaN,
        "Net Income Continuous Operations": NaN,
        "Tax Provision": NaN,
        "Pretax Income": NaN,
        "Other Income Expense": NaN,
        "Other Non Operating Income Expenses": NaN,
        "Net Non Operating Interest Income Expense": NaN,
        "Interest Expense Non Operating": NaN,
        "Operating Income": NaN,
        "Operating Expense": NaN,
        "Depreciation Amortization Depletion Income Statement": NaN,
        "Depreciation And Amortization In Income Statement": NaN,
        "Selling General And Administration": NaN,
        "Gross Profit": NaN,
        "Cost Of Revenue": NaN,
        "Total Revenue": NaN,
        "Operating Revenue": NaN
    },
    "2022-09-30": {
        "Tax Effect Of Unusual Items": 0.0,
        "Tax Rate For Calcs": 0.293,
        "Normalized EBITDA": 44734000.0,
        "Net Income From Continuing Operation Net Minority Interest": 28469000.0,
        "Reconciled Depreciation": 3568000.0,
        "Reconciled Cost Of Revenue": 360402000.0,
        "EBITDA": 44734000.0,
        "EBIT": 41166000.0,
        "Net Interest Income": -925000.0,
        "Interest Expense": 925000.0,
        "Normalized Income": 28469000.0,
        "Net Income From Continuing And Discontinued Operation": 28469000.0,
        "Total Expenses": 448674000.0,
        "Total Operating Income As Reported": 44107000.0,
        "Diluted Average Shares": 26623000.0,
        "Basic Average Shares": 26578000.0,
        "Diluted EPS": 1.07,
        "Basic EPS": 1.07,
        "Diluted NI Availto Com Stockholders": 28469000.0,
        "Net Income Common Stockholders": 28469000.0,
        "Net Income": 28469000.0,
        "Net Income Including Noncontrolling Interests": 28469000.0,
        "Net Income Continuous Operations": 28469000.0,
        "Tax Provision": 11772000.0,
        "Pretax Income": 40241000.0,
        "Other Income Expense": -3866000.0,
        "Other Non Operating Income Expenses": -3866000.0,
        "Net Non Operating Interest Income Expense": -925000.0,
        "Interest Expense Non Operating": 925000.0,
        "Operating Income": 45032000.0,
        "Operating Expense": 88272000.0,
        "Depreciation Amortization Depletion Income Statement": 3568000.0,
        "Depreciation And Amortization In Income Statement": 3568000.0,
        "Selling General And Administration": 84704000.0,
        "Gross Profit": 133304000.0,
        "Cost Of Revenue": 360402000.0,
        "Total Revenue": 493706000.0,
        "Operating Revenue": 493706000.0
    },
    "2022-06-30": {
        "Tax Effect Of Unusual Items": 0.0,
        "Tax Rate For Calcs": 0.28,
        "Normalized EBITDA": 34603000.0,
        "Net Income From Continuing Operation Net Minority Interest": 22339000.0,
        "Reconciled Depreciation": 3210000.0,
        "Reconciled Cost Of Revenue": 344836000.0,
        "EBITDA": 34603000.0,
        "EBIT": 31393000.0,
        "Net Interest Income": -363000.0,
        "Interest Expense": 363000.0,
        "Normalized Income": 22339000.0,
        "Net Income From Continuing And Discontinued Operation": 22339000.0,
        "Total Expenses": 424813000.0,
        "Total Operating Income As Reported": 33183000.0,
        "Diluted Average Shares": 26685000.0,
        "Basic Average Shares": 26513000.0,
        "Diluted EPS": 0.84,
        "Basic EPS": 0.84,
        "Diluted NI Availto Com Stockholders": 22339000.0,
        "Net Income Common Stockholders": 22339000.0,
        "Net Income": 22339000.0,
        "Net Income Including Noncontrolling Interests": 22339000.0,
        "Net Income Continuous Operations": 22339000.0,
        "Tax Provision": 8691000.0,
        "Pretax Income": 31030000.0,
        "Other Income Expense": -2153000.0,
        "Other Non Operating Income Expenses": -2153000.0,
        "Net Non Operating Interest Income Expense": -363000.0,
        "Interest Expense Non Operating": 363000.0,
        "Operating Income": 33546000.0,
        "Operating Expense": 79977000.0,
        "Depreciation Amortization Depletion Income Statement": 3210000.0,
        "Depreciation And Amortization In Income Statement": 3210000.0,
        "Selling General And Administration": 76767000.0,
        "Gross Profit": 113523000.0,
        "Cost Of Revenue": 344836000.0,
        "Total Revenue": 458359000.0,
        "Operating Revenue": 458359000.0
    },
    "2022-03-31": {
        "Diluted EPS": 0.91,
        "Total Revenue": 452,
        "Gross Profit": 115,
        "Operating Income": 34,
        "EBIT": 41,
        "Net Income": 24
    },
    "2021-12-31": {
        "Diluted EPS": 0.98,
        "Total Revenue": 495,
        "Gross Profit": 117,
        "Operating Income": 36,
        "EBIT": 43,
        "Net Income": 26
    },
    "2021-09-30": {
        "Diluted EPS": 1.17,
        "Total Revenue": 458,
        "Gross Profit": 123,
        "Operating Income": 44,
        "EBIT": 51,
        "Net Income": 31
    },
    "2021-06-30": {
        "Diluted EPS": 0.87,
        "Total Revenue": 417,
        "Gross Profit": 106,
        "Operating Income": 32,
        "EBIT": 39,
        "Net Income": 24
    },
    "2021-03-31": {
        "Diluted EPS": 0.57,
        "Total Revenue": 353,
        "Gross Profit": 98,
        "Operating Income": 24,
        "EBIT": 31,
        "Net Income": 16
    },
    "2020-12-31": {
        "Diluted EPS": 0.81,
        "Total Revenue": 428,
        "Gross Profit": 98,
        "Operating Income": 29,
        "EBIT": 34,
        "Net Income": 22
    },
    "2020-09-30": {
        "Diluted EPS": 0.74,
        "Total Revenue": 433,
        "Gross Profit": 99,
        "Operating Income": 28,
        "EBIT": 33,
        "Net Income": 20
    },
    "2020-06-30": {
        "Diluted EPS": 0.65,
        "Total Revenue": 355,
        "Gross Profit": 99,
        "Operating Income": 25,
        "EBIT": 30,
        "Net Income": 17
    },
    "2020-03-31": {
        "Diluted EPS": 0.49,
        "Total Revenue": 366,
        "Gross Profit": 92,
        "Operating Income": 18,
        "EBIT": 22,
        "Net Income": 13
    },
    "2019-12-31": {
        "Diluted EPS": 0.73,
        "Total Revenue": 429,
        "Gross Profit": 104,
        "Operating Income": 26,
        "EBIT": 32,
        "Net Income": 20
    },
    "2019-09-30": {
        "Diluted EPS": 0.76,
        "Total Revenue": 412,
        "Gross Profit": 103,
        "Operating Income": 28,
        "EBIT": 34,
        "Net Income": 20
    },
    "2019-06-30": {
        "Diluted EPS": 0.6,
        "Total Revenue": 381,
        "Gross Profit": 93,
        "Operating Income": 23,
        "EBIT": 28,
        "Net Income": 16
    },
    "2019-03-31": {
        "Diluted EPS": 0.55,
        "Total Revenue": 325,
        "Gross Profit": 81,
        "Operating Income": 14,
        "EBIT": 20,
        "Net Income": 15
    },
    "2018-12-31": {
        "Diluted EPS": 0.55,
        "Total Revenue": 346,
        "Gross Profit": 83,
        "Operating Income": 20,
        "EBIT": 25,
        "Net Income": 15
    },
    "2018-09-30": {
        "Diluted EPS": 0.67,
        "Total Revenue": 345,
        "Gross Profit": 86,
        "Operating Income": 25,
        "EBIT": 29,
        "Net Income": 18
    },
    "2018-06-30": {
        "Diluted EPS": 0.56,
        "Total Revenue": 357,
        "Gross Profit": 81,
        "Operating Income": 20,
        "EBIT": 25,
        "Net Income": 15
    },
    "2018-03-31": {
        "Diluted EPS": 0.33,
        "Total Revenue": 330,
        "Gross Profit": 82,
        "Operating Income": 19,
        "EBIT": 23,
        "Net Income": 9
    },
    "2017-12-31": {
        "Diluted EPS": 0.56,
        "Total Revenue": 344,
        "Gross Profit": 77,
        "Operating Income": 16,
        "EBIT": 21,
        "Net Income": 16
    },
    "2017-09-30": {
        "Diluted EPS": 0.62,
        "Total Revenue": 371,
        "Gross Profit": 88,
        "Operating Income": 29,
        "EBIT": 33,
        "Net Income": 17
    },
    "2017-06-30": {
        "Diluted EPS": 0.48,
        "Total Revenue": 373,
        "Gross Profit": 78,
        "Operating Income": 21,
        "EBIT": 24,
        "Net Income": 13
    },
    "2017-03-31": {
        "Diluted EPS": 0.37,
        "Total Revenue": 335,
        "Gross Profit": 76,
        "Operating Income": 19,
        "EBIT": 22,
        "Net Income": 10
    },
    "2016-12-31": {
        "Diluted EPS": 0.46,
        "Total Revenue": 327,
        "Gross Profit": 74,
        "Operating Income": 21,
        "EBIT": 25,
        "Net Income": 13
    },
    "2016-09-30": {
        "Diluted EPS": 0.61,
        "Total Revenue": 371,
        "Gross Profit": 82,
        "Operating Income": 28,
        "EBIT": 32,
        "Net Income": 17
    },
    "2016-06-30": {
        "Diluted EPS": 0.38,
        "Total Revenue": 299,
        "Gross Profit": 68,
        "Operating Income": 17,
        "EBIT": 21,
        "Net Income": 11
    },
    "2016-03-31": {
        "Diluted EPS": 0.34,
        "Total Revenue": 299,
        "Gross Profit": 67,
        "Operating Income": 16,
        "EBIT": 20,
        "Net Income": 10
    },
    "2015-12-31": {
        "Diluted EPS": 0.35,
        "Total Revenue": 299,
        "Gross Profit": 64,
        "Operating Income": 18,
        "EBIT": 23,
        "Net Income": 10
    },
    "2015-09-30": {
        "Diluted EPS": 0.54,
        "Total Revenue": 336,
        "Gross Profit": 72,
        "Operating Income": 27,
        "EBIT": 31,
        "Net Income": 16
    },
    "2015-06-30": {
        "Diluted EPS": 0.3,
        "Total Revenue": 270,
        "Gross Profit": 59,
        "Operating Income": 16,
        "EBIT": 20,
        "Net Income": 9
    },
    "2015-03-31": {
        "Diluted EPS": 0.3,
        "Total Revenue": 267,
        "Gross Profit": 59,
        "Operating Income": 15,
        "EBIT": 20,
        "Net Income": 9
    },
    "2014-12-31": {
        "Diluted EPS": 0.53,
        "Total Revenue": 306,
        "Gross Profit": 65,
        "Operating Income": 21,
        "EBIT": 25,
        "Net Income": 16
    },
    "2014-09-30": {
        "Diluted EPS": 0.41,
        "Total Revenue": 297,
        "Gross Profit": 64,
        "Operating Income": 20,
        "EBIT": 25,
        "Net Income": 12
    },
    "2014-06-30": {
        "Diluted EPS": 0.31,
        "Total Revenue": 272,
        "Gross Profit": 56,
        "Operating Income": 15,
        "EBIT": 19,
        "Net Income": 9
    },
    "2014-03-31": {
        "Diluted EPS": 0.26,
        "Total Revenue": 260,
        "Gross Profit": 55,
        "Operating Income": 14,
        "EBIT": 18,
        "Net Income": 8
    },
    "2013-12-31": {
        "Diluted EPS": 0.33,
        "Total Revenue": 267,
        "Gross Profit": 57,
        "Operating Income": 18,
        "EBIT": 23,
        "Net Income": 11
    },
    "2013-09-30": {
        "Diluted EPS": 0.27,
        "Total Revenue": 271,
        "Gross Profit": 53,
        "Operating Income": 15,
        "EBIT": 19,
        "Net Income": 9
    },
    "2013-06-30": {
        "Diluted EPS": 0.24,
        "Total Revenue": 259,
        "Gross Profit": 53,
        "Operating Income": 14,
        "EBIT": 18,
        "Net Income": 8
    },
    "2013-03-31": {
        "Diluted EPS": 0.24,
        "Total Revenue": 236,
        "Gross Profit": 53,
        "Operating Income": 11,
        "EBIT": 15,
        "Net Income": 8
    },
    "2012-12-31": {
        "Diluted EPS": 0.28,
        "Total Revenue": 242,
        "Gross Profit": 51,
        "Operating Income": 16,
        "EBIT": 19,
        "Net Income": 9
    },
    "2012-09-30": {
        "Diluted EPS": 0.31,
        "Total Revenue": 260,
        "Gross Profit": 52,
        "Operating Income": 17,
        "EBIT": 20,
        "Net Income": 10
    },
    "2012-06-30": {
        "Diluted EPS": 0.25,
        "Total Revenue": 245,
        "Gross Profit": 48,
        "Operating Income": 14,
        "EBIT": 17,
        "Net Income": 8
    },
    "2012-03-31": {
        "Diluted EPS": 0.11,
        "Total Revenue": 219,
        "Gross Profit": 44,
        "Operating Income": 7,
        "EBIT": 9,
        "Net Income": 3
    },
    "2011-12-31": {
        "Diluted EPS": 0.27,
        "Total Revenue": 224,
        "Gross Profit": 48,
        "Operating Income": 15,
        "EBIT": 17,
        "Net Income": 8
    },
    "2011-09-30": {
        "Diluted EPS": 0.21,
        "Total Revenue": 204,
        "Gross Profit": 43,
        "Operating Income": 12,
        "EBIT": 15,
        "Net Income": 7
    },
    "2011-06-30": {
        "Diluted EPS": 0.11,
        "Total Revenue": 179,
        "Gross Profit": 36,
        "Operating Income": 7,
        "EBIT": 9,
        "Net Income": 4
    },
    "2011-03-31": {
        "Diluted EPS": 0.1,
        "Total Revenue": 67,
        "Gross Profit": 38,
        "Operating Income": 7,
        "EBIT": 10,
        "Net Income": 3
    },
    "2010-12-31": {
        "Diluted EPS": 0.22,
        "Total Revenue": 230,
        "Gross Profit": 43,
        "Operating Income": 14,
        "EBIT": 16,
        "Net Income": 8
    },
    "2010-09-30": {
        "Diluted EPS": 0.24,
        "Total Revenue": 233,
        "Gross Profit": 42,
        "Operating Income": 14,
        "EBIT": 16,
        "Net Income": 8
    },
    "2010-06-30": {
        "Diluted EPS": 0.14,
        "Total Revenue": 189,
        "Gross Profit": 35,
        "Operating Income": 9,
        "EBIT": 11,
        "Net Income": 5
    },
    "2010-03-31": {
        "Diluted EPS": 0.11,
        "Total Revenue": 47,
        "Gross Profit": 32,
        "Operating Income": 6,
        "EBIT": 8,
        "Net Income": 4
    },
    "2009-12-31": {
        "Diluted EPS": 0.07,
        "Total Revenue": 179,
        "Gross Profit": 35,
        "Operating Income": 9,
        "EBIT": 16,
        "Net Income": 2
    },
    "2009-09-30": {
        "Diluted EPS": 0.15,
        "Total Revenue": 173,
        "Gross Profit": 34,
        "Operating Income": 10,
        "EBIT": 13,
        "Net Income": 5
    },
    "2009-06-30": {
        "Diluted EPS": 0.06,
        "Total Revenue": 152,
        "Gross Profit": 28,
        "Operating Income": 5,
        "EBIT": 8,
        "Net Income": 2
    },
    "2009-03-31": {
        "Diluted EPS": 0.03,
        "Total Revenue": 126,
        "Gross Profit": 26,
        "Operating Income": 3,
        "EBIT": 6,
        "Net Income": 1
    },
    "2023-06-30": {
        "Tax Effect Of Unusual Items": NaN,
        "Tax Rate For Calcs": NaN,
        "Normalized EBITDA": NaN,
        "Net Income From Continuing Operation Net Minority Interest": NaN,
        "Reconciled Depreciation": NaN,
        "Reconciled Cost Of Revenue": NaN,
        "EBITDA": NaN,
        "EBIT": NaN,
        "Net Interest Income": NaN,
        "Interest Expense": NaN,
        "Normalized Income": NaN,
        "Net Income From Continuing And Discontinued Operation": NaN,
        "Total Expenses": NaN,
        "Total Operating Income As Reported": NaN,
        "Diluted Average Shares": 26648000.0,
        "Basic Average Shares": 26552000.0,
        "Diluted EPS": 1.27,
        "Basic EPS": 1.27,
        "Diluted NI Availto Com Stockholders": NaN,
        "Net Income Common Stockholders": NaN,
        "Net Income": NaN,
        "Net Income Including Noncontrolling Interests": NaN,
        "Net Income Continuous Operations": NaN,
        "Tax Provision": NaN,
        "Pretax Income": NaN,
        "Other Income Expense": NaN,
        "Other Non Operating Income Expenses": NaN,
        "Net Non Operating Interest Income Expense": NaN,
        "Interest Expense Non Operating": NaN,
        "Operating Income": NaN,
        "Operating Expense": NaN,
        "Depreciation Amortization Depletion Income Statement": NaN,
        "Depreciation And Amortization In Income Statement": NaN,
        "Selling General And Administration": NaN,
        "Gross Profit": NaN,
        "Cost Of Revenue": NaN,
        "Total Revenue": NaN,
        "Operating Revenue": NaN
    },
    "2023-09-30": {
        "Tax Effect Of Unusual Items": 0.0,
        "Tax Rate For Calcs": 0.274,
        "Normalized EBITDA": 52730000.0,
        "Net Income From Continuing Operation Net Minority Interest": 32664000.0,
        "Reconciled Depreciation": 6530000.0,
        "Reconciled Cost Of Revenue": 442346000.0,
        "EBITDA": 52730000.0,
        "EBIT": 46200000.0,
        "Net Interest Income": -1220000.0,
        "Interest Expense": 1220000.0,
        "Normalized Income": 32664000.0,
        "Net Income From Continuing And Discontinued Operation": 32664000.0,
        "Total Expenses": 541528000.0,
        "Total Operating Income As Reported": 44863000.0,
        "Diluted Average Shares": 26679000.0,
        "Basic Average Shares": 26624000.0,
        "Diluted EPS": 1.22,
        "Basic EPS": 1.23,
        "Diluted NI Availto Com Stockholders": 32664000.0,
        "Net Income Common Stockholders": 32664000.0,
        "Net Income": 32664000.0,
        "Net Income Including Noncontrolling Interests": 32664000.0,
        "Net Income Continuous Operations": 32664000.0,
        "Tax Provision": 12316000.0,
        "Pretax Income": 44980000.0,
        "Other Income Expense": 117000.0,
        "Other Non Operating Income Expenses": 117000.0,
        "Net Non Operating Interest Income Expense": -1220000.0,
        "Interest Expense Non Operating": 1220000.0,
        "Operating Income": 46083000.0,
        "Operating Expense": 98282000.0,
        "Depreciation Amortization Depletion Income Statement": 5630000.0,
        "Depreciation And Amortization In Income Statement": 5630000.0,
        "Selling General And Administration": 92652000.0,
        "Gross Profit": 144365000.0,
        "Cost Of Revenue": 443246000.0,
        "Total Revenue": 587611000.0,
        "Operating Revenue": 587611000.0
    },
    "2023-12-31": {
        "Tax Effect Of Unusual Items": 0.0,
        "Tax Rate For Calcs": 0.29,
        "Normalized EBITDA": 46672000.0,
        "Net Income From Continuing Operation Net Minority Interest": 27282000.0,
        "Reconciled Depreciation": 7276000.0,
        "Reconciled Cost Of Revenue": 373368000.0,
        "EBITDA": 46672000.0,
        "EBIT": 39396000.0,
        "Net Interest Income": -983000.0,
        "Interest Expense": 983000.0,
        "Normalized Income": 27282000.0,
        "Net Income From Continuing And Discontinued Operation": 27282000.0,
        "Total Expenses": 470025000.0,
        "Total Operating Income As Reported": 38047000.0,
        "Diluted Average Shares": 26697000.0,
        "Basic Average Shares": 26618000.0,
        "Diluted EPS": 1.02,
        "Basic EPS": 1.02,
        "Diluted NI Availto Com Stockholders": 27282000.0,
        "Net Income Common Stockholders": 27282000.0,
        "Net Income": 27282000.0,
        "Net Income Including Noncontrolling Interests": 27282000.0,
        "Net Income Continuous Operations": 27282000.0,
        "Tax Provision": 11131000.0,
        "Pretax Income": 38413000.0,
        "Other Income Expense": 366000.0,
        "Other Non Operating Income Expenses": 366000.0,
        "Net Non Operating Interest Income Expense": -983000.0,
        "Interest Expense Non Operating": 983000.0,
        "Operating Income": 39030000.0,
        "Operating Expense": 94780000.0,
        "Depreciation Amortization Depletion Income Statement": 5399000.0,
        "Depreciation And Amortization In Income Statement": 5399000.0,
        "Selling General And Administration": 89381000.0,
        "Gross Profit": 133810000.0,
        "Cost Of Revenue": 375245000.0,
        "Total Revenue": 509055000.0,
        "Operating Revenue": 509055000.0
    },
    "2024-03-31": {
        "Tax Effect Of Unusual Items": 0.0,
        "Tax Rate For Calcs": 0.294919,
        "Normalized EBITDA": 38268000.0,
        "Net Income From Continuing Operation Net Minority Interest": 21983000.0,
        "Reconciled Depreciation": 6367000.0,
        "Reconciled Cost Of Revenue": 422953000.0,
        "EBITDA": 38268000.0,
        "EBIT": 31901000.0,
        "Net Interest Income": -723000.0,
        "Interest Expense": 723000.0,
        "Normalized Income": 21983000.0,
        "Net Income From Continuing And Discontinued Operation": 21983000.0,
        "Total Expenses": 524723000.0,
        "Total Operating Income As Reported": 29015000.0,
        "Diluted Average Shares": NaN,
        "Basic Average Shares": NaN,
        "Diluted EPS": NaN,
        "Basic EPS": NaN,
        "Diluted NI Availto Com Stockholders": 21983000.0,
        "Net Income Common Stockholders": 21983000.0,
        "Net Income": 21983000.0,
        "Net Income Including Noncontrolling Interests": 21983000.0,
        "Net Income Continuous Operations": 21983000.0,
        "Tax Provision": 9195000.0,
        "Pretax Income": 31178000.0,
        "Other Income Expense": 2163000.0,
        "Other Non Operating Income Expenses": 2163000.0,
        "Net Non Operating Interest Income Expense": -723000.0,
        "Interest Expense Non Operating": 723000.0,
        "Operating Income": 29738000.0,
        "Operating Expense": 100607000.0,
        "Depreciation Amortization Depletion Income Statement": 5204000.0,
        "Depreciation And Amortization In Income Statement": 5204000.0,
        "Selling General And Administration": 95403000.0,
        "Gross Profit": 130345000.0,
        "Cost Of Revenue": 424116000.0,
        "Total Revenue": 554461000.0,
        "Operating Revenue": 554461000.0
    },
    "2024-06-30": {
        "Tax Effect Of Unusual Items": 0.0,
        "Tax Rate For Calcs": 0.272,
        "Normalized EBITDA": 44049000.0,
        "Net Income From Continuing Operation Net Minority Interest": 27339000.0,
        "Reconciled Depreciation": 5922000.0,
        "Reconciled Cost Of Revenue": 408954000.0,
        "EBITDA": 44049000.0,
        "EBIT": 38127000.0,
        "Net Interest Income": -585000.0,
        "Interest Expense": 585000.0,
        "Normalized Income": 27339000.0,
        "Net Income From Continuing And Discontinued Operation": 27339000.0,
        "Total Expenses": 508484000.0,
        "Total Operating Income As Reported": 35469000.0,
        "Diluted Average Shares": 26801000.0,
        "Basic Average Shares": 26642000.0,
        "Diluted EPS": 1.02,
        "Basic EPS": 1.03,
        "Diluted NI Availto Com Stockholders": 27339000.0,
        "Net Income Common Stockholders": 27339000.0,
        "Net Income": 27339000.0,
        "Net Income Including Noncontrolling Interests": 27339000.0,
        "Net Income Continuous Operations": 27339000.0,
        "Tax Provision": 10203000.0,
        "Pretax Income": 37542000.0,
        "Other Income Expense": 2073000.0,
        "Other Non Operating Income Expenses": 2073000.0,
        "Net Non Operating Interest Income Expense": -585000.0,
        "Interest Expense Non Operating": 585000.0,
        "Operating Income": 36054000.0,
        "Operating Expense": 98427000.0,
        "Depreciation Amortization Depletion Income Statement": 4819000.0,
        "Depreciation And Amortization In Income Statement": 4819000.0,
        "Selling General And Administration": 93608000.0,
        "Gross Profit": 134481000.0,
        "Cost Of Revenue": 410057000.0,
        "Total Revenue": 544538000.0,
        "Operating Revenue": 544538000.0
    },
    "2024-09-30": {
        "Tax Effect Of Unusual Items": 0.0,
        "Tax Rate For Calcs": 0.277,
        "Normalized EBITDA": 50492000.0,
        "Net Income From Continuing Operation Net Minority Interest": 31310000.0,
        "Reconciled Depreciation": 6658000.0,
        "Reconciled Cost Of Revenue": 366288000.0,
        "EBITDA": 50492000.0,
        "EBIT": 43834000.0,
        "Net Interest Income": -537000.0,
        "Interest Expense": 537000.0,
        "Normalized Income": 31310000.0,
        "Net Income From Continuing And Discontinued Operation": 31310000.0,
        "Total Expenses": 471917000.0,
        "Total Operating Income As Reported": 42718000.0,
        "Diluted Average Shares": 26676000.0,
        "Basic Average Shares": 26567000.0,
        "Diluted EPS": 1.17,
        "Basic EPS": 1.18,
        "Diluted NI Availto Com Stockholders": 31310000.0,
        "Net Income Common Stockholders": 31310000.0,
        "Net Income": 31310000.0,
        "Net Income Including Noncontrolling Interests": 31310000.0,
        "Net Income Continuous Operations": 31310000.0,
        "Tax Provision": 11987000.0,
        "Pretax Income": 43297000.0,
        "Other Income Expense": 579000.0,
        "Other Non Operating Income Expenses": 579000.0,
        "Net Non Operating Interest Income Expense": -537000.0,
        "Interest Expense Non Operating": 537000.0,
        "Operating Income": 43255000.0,
        "Operating Expense": 104736000.0,
        "Depreciation Amortization Depletion Income Statement": 5765000.0,
        "Depreciation And Amortization In Income Statement": 5765000.0,
        "Selling General And Administration": 98971000.0,
        "Gross Profit": 147991000.0,
        "Cost Of Revenue": 367181000.0,
        "Total Revenue": 515172000.0,
        "Operating Revenue": 515172000.0
    }
}