{
    "2023-12-31": {
        "Tax Effect Of Unusual Items": 0.0,
        "Tax Rate For Calcs": 0.059446,
        "Normalized EBITDA": -5339000.0,
        "Net Income From Continuing Operation Net Minority Interest": -6044000.0,
        "Reconciled Depreciation": 313000.0,
        "Reconciled Cost Of Revenue": 8856000.0,
        "EBITDA": -5339000.0,
        "EBIT": -5652000.0,
        "Net Interest Income": -811000.0,
        "Interest Expense": 774000.0,
        "Interest Income": -37000.0,
        "Normalized Income": -6044000.0,
        "Net Income From Continuing And Discontinued Operation": -6044000.0,
        "Total Expenses": 16101000.0,
        "Total Operating Income As Reported": -5615000.0,
        "Diluted Average Shares": NaN,
        "Basic Average Shares": NaN,
        "Diluted EPS": NaN,
        "Basic EPS": NaN,
        "Diluted NI Availto Com Stockholders": -6044000.0,
        "Net Income Common Stockholders": -6044000.0,
        "Net Income": -6044000.0,
        "Net Income Including Noncontrolling Interests": -6044000.0,
        "Net Income Continuous Operations": -6044000.0,
        "Tax Provision": -382000.0,
        "Pretax Income": -6426000.0,
        "Net Non Operating Interest Income Expense": -811000.0,
        "Interest Expense Non Operating": 774000.0,
        "Interest Income Non Operating": -37000.0,
        "Operating Income": -5615000.0,
        "Operating Expense": 7245000.0,
        "Research And Development": 3102000.0,
        "Selling General And Administration": 4143000.0,
        "Gross Profit": 1630000.0,
        "Cost Of Revenue": 8856000.0,
        "Total Revenue": 10486000.0,
        "Operating Revenue": 10486000.0
    },
    "2023-09-30": {
        "Tax Effect Of Unusual Items": 0.0,
        "Tax Rate For Calcs": 0.21,
        "Normalized EBITDA": -954000.0,
        "Net Income From Continuing Operation Net Minority Interest": -1852000.0,
        "Reconciled Depreciation": 305000.0,
        "Reconciled Cost Of Revenue": 4893000.0,
        "EBITDA": -954000.0,
        "EBIT": -1259000.0,
        "Net Interest Income": 168000.0,
        "Interest Expense": 460000.0,
        "Interest Income": 628000.0,
        "Normalized Income": -1852000.0,
        "Net Income From Continuing And Discontinued Operation": -1852000.0,
        "Total Expenses": 12232000.0,
        "Total Operating Income As Reported": -1887000.0,
        "Diluted Average Shares": 83782679.0,
        "Basic Average Shares": 72281681.0,
        "Diluted EPS": -0.04,
        "Basic EPS": -0.03,
        "Diluted NI Availto Com Stockholders": -1852000.0,
        "Net Income Common Stockholders": -1852000.0,
        "Net Income": -1852000.0,
        "Net Income Including Noncontrolling Interests": -1852000.0,
        "Net Income Continuous Operations": -1852000.0,
        "Tax Provision": 133000.0,
        "Pretax Income": -1719000.0,
        "Net Non Operating Interest Income Expense": 168000.0,
        "Interest Expense Non Operating": 460000.0,
        "Interest Income Non Operating": 628000.0,
        "Operating Income": -1887000.0,
        "Operating Expense": 7339000.0,
        "Research And Development": 3669000.0,
        "Selling General And Administration": 3670000.0,
        "Gross Profit": 5452000.0,
        "Cost Of Revenue": 4893000.0,
        "Total Revenue": 10345000.0,
        "Operating Revenue": 10345000.0
    },
    "2023-06-30": {
        "Tax Effect Of Unusual Items": NaN,
        "Tax Rate For Calcs": NaN,
        "Normalized EBITDA": NaN,
        "Net Income From Continuing Operation Net Minority Interest": NaN,
        "Reconciled Depreciation": NaN,
        "Reconciled Cost Of Revenue": NaN,
        "EBITDA": NaN,
        "EBIT": NaN,
        "Net Interest Income": NaN,
        "Interest Expense": NaN,
        "Interest Income": NaN,
        "Normalized Income": NaN,
        "Net Income From Continuing And Discontinued Operation": NaN,
        "Total Expenses": NaN,
        "Total Operating Income As Reported": NaN,
        "Diluted Average Shares": 83200641.0,
        "Basic Average Shares": 67158628.0,
        "Diluted EPS": 0.21,
        "Basic EPS": 0.29,
        "Diluted NI Availto Com Stockholders": NaN,
        "Net Income Common Stockholders": NaN,
        "Net Income": NaN,
        "Net Income Including Noncontrolling Interests": NaN,
        "Net Income Continuous Operations": NaN,
        "Tax Provision": NaN,
        "Pretax Income": NaN,
        "Net Non Operating Interest Income Expense": NaN,
        "Interest Expense Non Operating": NaN,
        "Interest Income Non Operating": NaN,
        "Operating Income": NaN,
        "Operating Expense": NaN,
        "Research And Development": NaN,
        "Selling General And Administration": NaN,
        "Gross Profit": NaN,
        "Cost Of Revenue": NaN,
        "Total Revenue": NaN,
        "Operating Revenue": NaN
    },
    "2023-03-31": {
        "Tax Effect Of Unusual Items": NaN,
        "Tax Rate For Calcs": NaN,
        "Normalized EBITDA": NaN,
        "Net Income From Continuing Operation Net Minority Interest": NaN,
        "Reconciled Depreciation": NaN,
        "Reconciled Cost Of Revenue": NaN,
        "EBITDA": NaN,
        "EBIT": NaN,
        "Net Interest Income": NaN,
        "Interest Expense": NaN,
        "Interest Income": NaN,
        "Normalized Income": NaN,
        "Net Income From Continuing And Discontinued Operation": NaN,
        "Total Expenses": NaN,
        "Total Operating Income As Reported": NaN,
        "Diluted Average Shares": 57480009.0,
        "Basic Average Shares": 57480009.0,
        "Diluted EPS": -0.05,
        "Basic EPS": -0.05,
        "Diluted NI Availto Com Stockholders": NaN,
        "Net Income Common Stockholders": NaN,
        "Net Income": NaN,
        "Net Income Including Noncontrolling Interests": NaN,
        "Net Income Continuous Operations": NaN,
        "Tax Provision": NaN,
        "Pretax Income": NaN,
        "Net Non Operating Interest Income Expense": NaN,
        "Interest Expense Non Operating": NaN,
        "Interest Income Non Operating": NaN,
        "Operating Income": NaN,
        "Operating Expense": NaN,
        "Research And Development": NaN,
        "Selling General And Administration": NaN,
        "Gross Profit": NaN,
        "Cost Of Revenue": NaN,
        "Total Revenue": NaN,
        "Operating Revenue": NaN
    },
    "2024-03-31": {
        "Tax Effect Of Unusual Items": 0.0,
        "Tax Rate For Calcs": 0.03,
        "Normalized EBITDA": -4021000.0,
        "Net Income From Continuing Operation Net Minority Interest": -4595000.0,
        "Reconciled Depreciation": 322000.0,
        "Reconciled Cost Of Revenue": 2602000.0,
        "EBITDA": -4021000.0,
        "EBIT": -4343000.0,
        "Net Interest Income": 123000.0,
        "Interest Expense": 390000.0,
        "Interest Income": 513000.0,
        "Normalized Income": -4595000.0,
        "Net Income From Continuing And Discontinued Operation": -4595000.0,
        "Total Expenses": 8604000.0,
        "Total Operating Income As Reported": -4856000.0,
        "Diluted Average Shares": 73036569.0,
        "Basic Average Shares": 73036569.0,
        "Diluted EPS": -0.06,
        "Basic EPS": -0.06,
        "Diluted NI Availto Com Stockholders": -4595000.0,
        "Net Income Common Stockholders": -4595000.0,
        "Net Income": -4595000.0,
        "Net Income Including Noncontrolling Interests": -4595000.0,
        "Net Income Continuous Operations": -4595000.0,
        "Tax Provision": -138000.0,
        "Pretax Income": -4733000.0,
        "Net Non Operating Interest Income Expense": 123000.0,
        "Interest Expense Non Operating": 390000.0,
        "Interest Income Non Operating": 513000.0,
        "Operating Income": -4856000.0,
        "Operating Expense": 6002000.0,
        "Research And Development": 2887000.0,
        "Selling General And Administration": 3115000.0,
        "Gross Profit": 1146000.0,
        "Cost Of Revenue": 2602000.0,
        "Total Revenue": 3748000.0,
        "Operating Revenue": 3748000.0
    },
    "2022-09-30": {
        "Tax Effect Of Unusual Items": NaN,
        "Tax Rate For Calcs": NaN,
        "Normalized EBITDA": NaN,
        "Net Income From Continuing Operation Net Minority Interest": NaN,
        "Reconciled Depreciation": NaN,
        "Reconciled Cost Of Revenue": NaN,
        "EBITDA": NaN,
        "EBIT": NaN,
        "Net Interest Income": NaN,
        "Interest Expense": NaN,
        "Interest Income": NaN,
        "Normalized Income": NaN,
        "Net Income From Continuing And Discontinued Operation": NaN,
        "Total Expenses": NaN,
        "Total Operating Income As Reported": NaN,
        "Diluted Average Shares": 49498105.0,
        "Basic Average Shares": 49498105.0,
        "Diluted EPS": -0.07,
        "Basic EPS": -0.07,
        "Diluted NI Availto Com Stockholders": NaN,
        "Net Income Common Stockholders": NaN,
        "Net Income": NaN,
        "Net Income Including Noncontrolling Interests": NaN,
        "Net Income Continuous Operations": NaN,
        "Tax Provision": NaN,
        "Pretax Income": NaN,
        "Net Non Operating Interest Income Expense": NaN,
        "Interest Expense Non Operating": NaN,
        "Interest Income Non Operating": NaN,
        "Operating Income": NaN,
        "Operating Expense": NaN,
        "Research And Development": NaN,
        "Selling General And Administration": NaN,
        "Gross Profit": NaN,
        "Cost Of Revenue": NaN,
        "Total Revenue": NaN,
        "Operating Revenue": NaN
    },
    "2024-06-30": {
        "Tax Effect Of Unusual Items": 0.0,
        "Tax Rate For Calcs": 0.03037,
        "Normalized EBITDA": -1586000.0,
        "Net Income From Continuing Operation Net Minority Interest": -2203000.0,
        "Reconciled Depreciation": 319000.0,
        "Reconciled Cost Of Revenue": 9456000.0,
        "EBITDA": -1586000.0,
        "EBIT": -1905000.0,
        "Net Interest Income": 155000.0,
        "Interest Expense": 367000.0,
        "Interest Income": 522000.0,
        "Normalized Income": -2203000.0,
        "Net Income From Continuing And Discontinued Operation": -2203000.0,
        "Total Expenses": 15901000.0,
        "Total Operating Income As Reported": -2427000.0,
        "Diluted Average Shares": 73308281.0,
        "Basic Average Shares": 73308281.0,
        "Diluted EPS": -0.03,
        "Basic EPS": -0.03,
        "Diluted NI Availto Com Stockholders": -2203000.0,
        "Net Income Common Stockholders": -2203000.0,
        "Net Income": -2203000.0,
        "Net Income Including Noncontrolling Interests": -2203000.0,
        "Net Income Continuous Operations": -2203000.0,
        "Tax Provision": -69000.0,
        "Pretax Income": -2272000.0,
        "Net Non Operating Interest Income Expense": 155000.0,
        "Interest Expense Non Operating": 367000.0,
        "Interest Income Non Operating": 522000.0,
        "Operating Income": -2427000.0,
        "Operating Expense": 6445000.0,
        "Research And Development": 2961000.0,
        "Selling General And Administration": 3484000.0,
        "Gross Profit": 4018000.0,
        "Cost Of Revenue": 9456000.0,
        "Total Revenue": 13474000.0,
        "Operating Revenue": 13474000.0
    },
    "2024-09-30": {
        "Tax Effect Of Unusual Items": 0.0,
        "Tax Rate For Calcs": 0.15795,
        "Normalized EBITDA": 4471000.0,
        "Net Income From Continuing Operation Net Minority Interest": 3236000.0,
        "Reconciled Depreciation": 329000.0,
        "Reconciled Cost Of Revenue": 8375000.0,
        "EBITDA": 4471000.0,
        "EBIT": 4142000.0,
        "Net Interest Income": -148000.0,
        "Interest Expense": 299000.0,
        "Interest Income": 151000.0,
        "Normalized Income": 3236000.0,
        "Net Income From Continuing And Discontinued Operation": 3236000.0,
        "Total Expenses": 13968000.0,
        "Total Operating Income As Reported": 3991000.0,
        "Diluted Average Shares": 81217068.0,
        "Basic Average Shares": 73549745.0,
        "Diluted EPS": 0.03,
        "Basic EPS": 0.04,
        "Diluted NI Availto Com Stockholders": 3236000.0,
        "Net Income Common Stockholders": 3236000.0,
        "Net Income": 3236000.0,
        "Net Income Including Noncontrolling Interests": 3236000.0,
        "Net Income Continuous Operations": 3236000.0,
        "Tax Provision": 607000.0,
        "Pretax Income": 3843000.0,
        "Net Non Operating Interest Income Expense": -148000.0,
        "Interest Expense Non Operating": 299000.0,
        "Interest Income Non Operating": 151000.0,
        "Operating Income": 3991000.0,
        "Operating Expense": 5593000.0,
        "Research And Development": 2998000.0,
        "Selling General And Administration": 2595000.0,
        "Gross Profit": 9584000.0,
        "Cost Of Revenue": 8375000.0,
        "Total Revenue": 17959000.0,
        "Operating Revenue": 17959000.0
    }
}