{
    "2023-06-30": {
        "Tax Effect Of Unusual Items": -2101554.0,
        "Tax Rate For Calcs": 0.091,
        "Normalized EBITDA": 66634000.0,
        "Total Unusual Items": -23094000.0,
        "Total Unusual Items Excluding Goodwill": -23094000.0,
        "Net Income From Continuing Operation Net Minority Interest": 15799000.0,
        "Reconciled Depreciation": 17932000.0,
        "Reconciled Cost Of Revenue": 927964000.0,
        "EBITDA": 43540000.0,
        "EBIT": 25608000.0,
        "Net Interest Income": -7633000.0,
        "Interest Expense": 8231000.0,
        "Interest Income": 598000.0,
        "Normalized Income": 36791446.0,
        "Net Income From Continuing And Discontinued Operation": 15799000.0,
        "Total Expenses": 970312000.0,
        "Total Operating Income As Reported": 28204000.0,
        "Diluted NI Availto Com Stockholders": 15799000.0,
        "Net Income Common Stockholders": 15799000.0,
        "Net Income": 15799000.0,
        "Net Income Including Noncontrolling Interests": 15799000.0,
        "Net Income Continuous Operations": 15799000.0,
        "Tax Provision": 1578000.0,
        "Pretax Income": 17377000.0,
        "Other Income Expense": -26288000.0,
        "Other Non Operating Income Expenses": -3194000.0,
        "Special Income Charges": -23094000.0,
        "Restructuring And Mergern Acquisition": 23094000.0,
        "Net Non Operating Interest Income Expense": -7633000.0,
        "Interest Expense Non Operating": 8231000.0,
        "Interest Income Non Operating": 598000.0,
        "Operating Income": 51298000.0,
        "Operating Expense": 42348000.0,
        "Selling General And Administration": 42348000.0,
        "Gross Profit": 93646000.0,
        "Cost Of Revenue": 927964000.0,
        "Total Revenue": 1021610000.0,
        "Operating Revenue": 1021610000.0
    },
    "2023-03-31": {
        "Tax Effect Of Unusual Items": 0.0,
        "Tax Rate For Calcs": 0.146,
        "Normalized EBITDA": 73233000.0,
        "Total Unusual Items": 0.0,
        "Total Unusual Items Excluding Goodwill": 0.0,
        "Net Income From Continuing Operation Net Minority Interest": 40844000.0,
        "Reconciled Depreciation": 17144000.0,
        "Reconciled Cost Of Revenue": 967830000.0,
        "EBITDA": 73233000.0,
        "EBIT": 56089000.0,
        "Net Interest Income": -7528000.0,
        "Interest Expense": 8287000.0,
        "Interest Income": 759000.0,
        "Normalized Income": 40844000.0,
        "Net Income From Continuing And Discontinued Operation": 40844000.0,
        "Total Expenses": 1013881000.0,
        "Total Operating Income As Reported": 56942000.0,
        "Diluted NI Availto Com Stockholders": 40844000.0,
        "Net Income Common Stockholders": 40844000.0,
        "Net Income": 40844000.0,
        "Net Income Including Noncontrolling Interests": 40844000.0,
        "Net Income Continuous Operations": 40844000.0,
        "Tax Provision": 6958000.0,
        "Pretax Income": 47802000.0,
        "Other Income Expense": -1612000.0,
        "Other Non Operating Income Expenses": -1612000.0,
        "Special Income Charges": 0.0,
        "Restructuring And Mergern Acquisition": 0.0,
        "Net Non Operating Interest Income Expense": -7528000.0,
        "Interest Expense Non Operating": 8287000.0,
        "Interest Income Non Operating": 759000.0,
        "Operating Income": 56942000.0,
        "Operating Expense": 46051000.0,
        "Selling General And Administration": 46051000.0,
        "Gross Profit": 102993000.0,
        "Cost Of Revenue": 967830000.0,
        "Total Revenue": 1070823000.0,
        "Operating Revenue": 1070823000.0
    },
    "2022-12-31": {
        "Tax Effect Of Unusual Items": 0.0,
        "Tax Rate For Calcs": 0.16,
        "Normalized EBITDA": 72621000.0,
        "Total Unusual Items": 0.0,
        "Total Unusual Items Excluding Goodwill": 0.0,
        "Net Income From Continuing Operation Net Minority Interest": 42190000.0,
        "Reconciled Depreciation": 16290000.0,
        "Reconciled Cost Of Revenue": 992726000.0,
        "EBITDA": 72621000.0,
        "EBIT": 56331000.0,
        "Net Interest Income": -5960000.0,
        "Interest Expense": 6894000.0,
        "Interest Income": 934000.0,
        "Normalized Income": 42190000.0,
        "Net Income From Continuing And Discontinued Operation": 42190000.0,
        "Total Expenses": 1036584000.0,
        "Total Operating Income As Reported": 57341000.0,
        "Diluted NI Availto Com Stockholders": 42190000.0,
        "Net Income Common Stockholders": 42190000.0,
        "Net Income": 42190000.0,
        "Net Income Including Noncontrolling Interests": 42190000.0,
        "Net Income Continuous Operations": 42190000.0,
        "Tax Provision": 7247000.0,
        "Pretax Income": 49437000.0,
        "Other Income Expense": -1944000.0,
        "Other Non Operating Income Expenses": -1944000.0,
        "Special Income Charges": 0.0,
        "Restructuring And Mergern Acquisition": 0.0,
        "Net Non Operating Interest Income Expense": -5960000.0,
        "Interest Expense Non Operating": 6894000.0,
        "Interest Income Non Operating": 934000.0,
        "Operating Income": 57341000.0,
        "Operating Expense": 43858000.0,
        "Selling General And Administration": 43858000.0,
        "Gross Profit": 101199000.0,
        "Cost Of Revenue": 992726000.0,
        "Total Revenue": 1093925000.0,
        "Operating Revenue": 1093925000.0
    },
    "2022-09-30": {
        "Tax Effect Of Unusual Items": 0.0,
        "Tax Rate For Calcs": 0.113888,
        "Normalized EBITDA": 62486000.0,
        "Total Unusual Items": 0.0,
        "Total Unusual Items Excluding Goodwill": 0.0,
        "Net Income From Continuing Operation Net Minority Interest": 50457000.0,
        "Reconciled Depreciation": 15847000.0,
        "Reconciled Cost Of Revenue": 1016743000.0,
        "EBITDA": 62486000.0,
        "EBIT": 62486000.0,
        "Net Interest Income": -5090000.0,
        "Interest Expense": 5544000.0,
        "Interest Income": 454000.0,
        "Normalized Income": 50457000.0,
        "Net Income From Continuing And Discontinued Operation": 50457000.0,
        "Total Expenses": 1061534000.0,
        "Total Operating Income As Reported": 62314000.0,
        "Diluted Average Shares": 28293000.0,
        "Basic Average Shares": 27710000.0,
        "Diluted EPS": 1.78,
        "Basic EPS": 1.82,
        "Diluted NI Availto Com Stockholders": 50457000.0,
        "Net Income Common Stockholders": 50457000.0,
        "Net Income": 50457000.0,
        "Net Income Including Noncontrolling Interests": 50457000.0,
        "Net Income Continuous Operations": 50457000.0,
        "Tax Provision": 6485000.0,
        "Pretax Income": 56942000.0,
        "Other Income Expense": -282000.0,
        "Other Non Operating Income Expenses": -282000.0,
        "Special Income Charges": 0.0,
        "Restructuring And Mergern Acquisition": 0.0,
        "Net Non Operating Interest Income Expense": -5090000.0,
        "Interest Expense Non Operating": 5544000.0,
        "Interest Income Non Operating": 454000.0,
        "Operating Income": 62314000.0,
        "Operating Expense": 44791000.0,
        "Selling General And Administration": 44791000.0,
        "Gross Profit": 107105000.0,
        "Cost Of Revenue": 1016743000.0,
        "Total Revenue": 1123848000.0,
        "Operating Revenue": 1123848000.0
    },
    "2022-06-30": {
        "Tax Effect Of Unusual Items": 0.0,
        "Tax Rate For Calcs": 0.133648,
        "Normalized EBITDA": 47201000.0,
        "Total Unusual Items": 0.0,
        "Total Unusual Items Excluding Goodwill": 0.0,
        "Net Income From Continuing Operation Net Minority Interest": 37494000.0,
        "Reconciled Depreciation": 15906000.0,
        "Reconciled Cost Of Revenue": 887723000.0,
        "EBITDA": 47201000.0,
        "EBIT": 47201000.0,
        "Net Interest Income": -3605000.0,
        "Interest Expense": 3923000.0,
        "Interest Income": 318000.0,
        "Normalized Income": 37494000.0,
        "Net Income From Continuing And Discontinued Operation": 37494000.0,
        "Total Expenses": 931780000.0,
        "Total Operating Income As Reported": 49561000.0,
        "Diluted Average Shares": 28179000.0,
        "Basic Average Shares": 27738000.0,
        "Diluted EPS": 1.33,
        "Basic EPS": 1.35,
        "Diluted NI Availto Com Stockholders": 37494000.0,
        "Net Income Common Stockholders": 37494000.0,
        "Net Income": 37494000.0,
        "Net Income Including Noncontrolling Interests": 37494000.0,
        "Net Income Continuous Operations": 37494000.0,
        "Tax Provision": 5784000.0,
        "Pretax Income": 43278000.0,
        "Other Income Expense": -2678000.0,
        "Other Non Operating Income Expenses": -2678000.0,
        "Special Income Charges": 0.0,
        "Restructuring And Mergern Acquisition": 0.0,
        "Net Non Operating Interest Income Expense": -3605000.0,
        "Interest Expense Non Operating": 3923000.0,
        "Interest Income Non Operating": 318000.0,
        "Operating Income": 49561000.0,
        "Operating Expense": 44057000.0,
        "Selling General And Administration": 44057000.0,
        "Gross Profit": 93618000.0,
        "Cost Of Revenue": 887723000.0,
        "Total Revenue": 981341000.0,
        "Operating Revenue": 981341000.0
    },
    "2022-03-31": {
        "Diluted EPS": 0.95,
        "Total Revenue": 889,
        "Gross Profit": 77,
        "Operating Income": 36,
        "EBIT": 51,
        "Net Income": 27
    },
    "2021-12-31": {
        "Diluted EPS": 0.82,
        "Total Revenue": 817,
        "Gross Profit": 70,
        "Operating Income": 30,
        "EBIT": 46,
        "Net Income": 23
    },
    "2021-09-30": {
        "Diluted EPS": 1.16,
        "Total Revenue": 843,
        "Gross Profit": 79,
        "Operating Income": 42,
        "EBIT": 58,
        "Net Income": 33
    },
    "2021-06-30": {
        "Diluted EPS": 0.95,
        "Total Revenue": 814,
        "Gross Profit": 74,
        "Operating Income": 36,
        "EBIT": 51,
        "Net Income": 28
    },
    "2021-03-31": {
        "Diluted EPS": 1.42,
        "Total Revenue": 881,
        "Gross Profit": 91,
        "Operating Income": 51,
        "EBIT": 67,
        "Net Income": 42
    },
    "2020-12-31": {
        "Diluted EPS": 1.23,
        "Total Revenue": 830,
        "Gross Profit": 79,
        "Operating Income": 47,
        "EBIT": 62,
        "Net Income": 36
    },
    "2020-09-30": {
        "Diluted EPS": 1.27,
        "Total Revenue": 913,
        "Gross Profit": 89,
        "Operating Income": 50,
        "EBIT": 65,
        "Net Income": 38
    },
    "2020-06-30": {
        "Diluted EPS": 1.2,
        "Total Revenue": 857,
        "Gross Profit": 83,
        "Operating Income": 46,
        "EBIT": 60,
        "Net Income": 36
    },
    "2020-03-31": {
        "Diluted EPS": 0.43,
        "Total Revenue": 767,
        "Gross Profit": 61,
        "Operating Income": 17,
        "EBIT": 31,
        "Net Income": 13
    },
    "2019-12-31": {
        "Diluted EPS": 1.03,
        "Total Revenue": 852,
        "Gross Profit": 79,
        "Operating Income": 40,
        "EBIT": 54,
        "Net Income": 31
    },
    "2019-09-30": {
        "Diluted EPS": 1.21,
        "Total Revenue": 810,
        "Gross Profit": 78,
        "Operating Income": 38,
        "EBIT": 51,
        "Net Income": 37
    },
    "2019-06-30": {
        "Diluted EPS": 0.81,
        "Total Revenue": 800,
        "Gross Profit": 71,
        "Operating Income": 34,
        "EBIT": 48,
        "Net Income": 25
    },
    "2019-03-31": {
        "Diluted EPS": 0.79,
        "Total Revenue": 789,
        "Gross Profit": 71,
        "Operating Income": 33,
        "EBIT": 46,
        "Net Income": 25
    },
    "2018-12-31": {
        "Diluted EPS": 0.69,
        "Total Revenue": 766,
        "Gross Profit": 72,
        "Operating Income": 37,
        "EBIT": 50,
        "Net Income": 22
    },
    "2018-09-30": {
        "Diluted EPS": 2.16,
        "Total Revenue": 771,
        "Gross Profit": 73,
        "Operating Income": 37,
        "EBIT": 50,
        "Net Income": 73
    },
    "2018-06-30": {
        "Diluted EPS": 0.79,
        "Total Revenue": 726,
        "Gross Profit": 68,
        "Operating Income": 32,
        "EBIT": 45,
        "Net Income": 27
    },
    "2018-03-31": {
        "Diluted EPS": 0.36,
        "Total Revenue": 699,
        "Gross Profit": 53,
        "Operating Income": 17,
        "EBIT": 29,
        "Net Income": 12
    },
    "2017-12-31": {
        "Diluted EPS": -2.93,
        "Total Revenue": 677,
        "Gross Profit": 64,
        "Operating Income": 32,
        "EBIT": 43,
        "Net Income": -98
    },
    "2017-09-30": {
        "Diluted EPS": 0.84,
        "Total Revenue": 670,
        "Gross Profit": 67,
        "Operating Income": 34,
        "EBIT": 46,
        "Net Income": 29
    },
    "2017-06-30": {
        "Diluted EPS": 0.74,
        "Total Revenue": 619,
        "Gross Profit": 61,
        "Operating Income": 29,
        "EBIT": 41,
        "Net Income": 26
    },
    "2017-03-31": {
        "Diluted EPS": 0.84,
        "Total Revenue": 604,
        "Gross Profit": 64,
        "Operating Income": 33,
        "EBIT": 44,
        "Net Income": 29
    },
    "2016-12-31": {
        "Diluted EPS": 0.82,
        "Total Revenue": 635,
        "Gross Profit": 64,
        "Operating Income": 34,
        "EBIT": 45,
        "Net Income": 28
    },
    "2016-09-30": {
        "Diluted EPS": 0.56,
        "Total Revenue": 653,
        "Gross Profit": 62,
        "Operating Income": 24,
        "EBIT": 35,
        "Net Income": 19
    },
    "2016-06-30": {
        "Diluted EPS": 0.76,
        "Total Revenue": 668,
        "Gross Profit": 62,
        "Operating Income": 31,
        "EBIT": 43,
        "Net Income": 26
    },
    "2016-03-31": {
        "Diluted EPS": 0.5,
        "Total Revenue": 619,
        "Gross Profit": 53,
        "Operating Income": 23,
        "EBIT": 35,
        "Net Income": 17
    },
    "2015-12-31": {
        "Diluted EPS": 0.42,
        "Total Revenue": 617,
        "Gross Profit": 50,
        "Operating Income": 22,
        "EBIT": 34,
        "Net Income": 14
    },
    "2015-09-30": {
        "Diluted EPS": 0.69,
        "Total Revenue": 669,
        "Gross Profit": 59,
        "Operating Income": 29,
        "EBIT": 41,
        "Net Income": 24
    },
    "2015-06-30": {
        "Diluted EPS": 0.69,
        "Total Revenue": 670,
        "Gross Profit": 59,
        "Operating Income": 29,
        "EBIT": 41,
        "Net Income": 24
    },
    "2015-03-31": {
        "Diluted EPS": 0.69,
        "Total Revenue": 651,
        "Gross Profit": 60,
        "Operating Income": 29,
        "EBIT": 41,
        "Net Income": 24
    },
    "2014-12-31": {
        "Diluted EPS": 0.67,
        "Total Revenue": 665,
        "Gross Profit": 61,
        "Operating Income": 29,
        "EBIT": 42,
        "Net Income": 23
    },
    "2014-09-30": {
        "Diluted EPS": 0.77,
        "Total Revenue": 666,
        "Gross Profit": 63,
        "Operating Income": 32,
        "EBIT": 44,
        "Net Income": 26
    },
    "2014-06-30": {
        "Diluted EPS": 0.71,
        "Total Revenue": 621,
        "Gross Profit": 59,
        "Operating Income": 28,
        "EBIT": 40,
        "Net Income": 25
    },
    "2014-03-31": {
        "Diluted EPS": 0.53,
        "Total Revenue": 558,
        "Gross Profit": 53,
        "Operating Income": 19,
        "EBIT": 31,
        "Net Income": 19
    },
    "2013-12-31": {
        "Diluted EPS": 0.51,
        "Total Revenue": 534,
        "Gross Profit": 52,
        "Operating Income": 22,
        "EBIT": 34,
        "Net Income": 18
    },
    "2013-09-30": {
        "Diluted EPS": 0.69,
        "Total Revenue": 568,
        "Gross Profit": 55,
        "Operating Income": 27,
        "EBIT": 39,
        "Net Income": 24
    },
    "2013-06-30": {
        "Diluted EPS": 0.68,
        "Total Revenue": 572,
        "Gross Profit": 55,
        "Operating Income": 25,
        "EBIT": 38,
        "Net Income": 23
    },
    "2013-03-31": {
        "Diluted EPS": 0.52,
        "Total Revenue": 558,
        "Gross Profit": 52,
        "Operating Income": 23,
        "EBIT": 36,
        "Net Income": 18
    },
    "2012-12-31": {
        "Diluted EPS": 0.47,
        "Total Revenue": 531,
        "Gross Profit": 51,
        "Operating Income": 21,
        "EBIT": 34,
        "Net Income": 17
    },
    "2012-09-30": {
        "Diluted EPS": 0.02,
        "Total Revenue": 595,
        "Gross Profit": 56,
        "Operating Income": 27,
        "EBIT": 40,
        "Net Income": 1
    },
    "2012-06-30": {
        "Diluted EPS": 0.66,
        "Total Revenue": 609,
        "Gross Profit": 57,
        "Operating Income": 27,
        "EBIT": 39,
        "Net Income": 24
    },
    "2012-03-31": {
        "Diluted EPS": 0.56,
        "Total Revenue": 573,
        "Gross Profit": 55,
        "Operating Income": 26,
        "EBIT": 38,
        "Net Income": 20
    },
    "2011-12-31": {
        "Diluted EPS": 0.51,
        "Total Revenue": 530,
        "Gross Profit": 52,
        "Operating Income": 24,
        "EBIT": 36,
        "Net Income": 18
    },
    "2011-09-30": {
        "Diluted EPS": 0.52,
        "Total Revenue": 538,
        "Gross Profit": 50,
        "Operating Income": 22,
        "EBIT": 35,
        "Net Income": 18
    },
    "2011-06-30": {
        "Diluted EPS": 0.58,
        "Total Revenue": 559,
        "Gross Profit": 54,
        "Operating Income": 25,
        "EBIT": 36,
        "Net Income": 22
    },
    "2011-03-31": {
        "Diluted EPS": 0.59,
        "Total Revenue": 568,
        "Gross Profit": 55,
        "Operating Income": 26,
        "EBIT": 38,
        "Net Income": 24
    },
    "2010-12-31": {
        "Diluted EPS": 0.61,
        "Total Revenue": 566,
        "Gross Profit": 55,
        "Operating Income": 28,
        "EBIT": 39,
        "Net Income": 25
    },
    "2010-09-30": {
        "Diluted EPS": 0.65,
        "Total Revenue": 556,
        "Gross Profit": 56,
        "Operating Income": 29,
        "EBIT": 40,
        "Net Income": 27
    },
    "2010-06-30": {
        "Diluted EPS": 0.59,
        "Total Revenue": 536,
        "Gross Profit": 56,
        "Operating Income": 27,
        "EBIT": 37,
        "Net Income": 24
    },
    "2010-03-31": {
        "Diluted EPS": 0.51,
        "Total Revenue": 491,
        "Gross Profit": 50,
        "Operating Income": 23,
        "EBIT": 33,
        "Net Income": 21
    },
    "2009-12-31": {
        "Diluted EPS": 0.44,
        "Total Revenue": 430,
        "Gross Profit": 45,
        "Operating Income": 20,
        "EBIT": 29,
        "Net Income": 18
    },
    "2009-09-30": {
        "Diluted EPS": 0.38,
        "Total Revenue": 393,
        "Gross Profit": 38,
        "Operating Income": 15,
        "EBIT": 18,
        "Net Income": 15
    },
    "2009-06-30": {
        "Diluted EPS": 0.23,
        "Total Revenue": 379,
        "Gross Profit": 35,
        "Operating Income": 12,
        "EBIT": 21,
        "Net Income": 9
    },
    "2009-03-31": {
        "Diluted EPS": 0.13,
        "Total Revenue": 389,
        "Gross Profit": 36,
        "Operating Income": 5,
        "EBIT": 20,
        "Net Income": 5
    },
    "2023-09-30": {
        "Tax Effect Of Unusual Items": 0.0,
        "Tax Rate For Calcs": 0.13225,
        "Normalized EBITDA": 72919000.0,
        "Total Unusual Items": 0.0,
        "Total Unusual Items Excluding Goodwill": 0.0,
        "Net Income From Continuing Operation Net Minority Interest": 40261000.0,
        "Reconciled Depreciation": 18392000.0,
        "Reconciled Cost Of Revenue": 927231000.0,
        "EBITDA": 72919000.0,
        "EBIT": 54527000.0,
        "Net Interest Income": -7283000.0,
        "Interest Expense": 8130000.0,
        "Interest Income": 847000.0,
        "Normalized Income": 40261000.0,
        "Net Income From Continuing And Discontinued Operation": 40261000.0,
        "Total Expenses": 970614000.0,
        "Total Operating Income As Reported": 53333000.0,
        "Diluted NI Availto Com Stockholders": 40261000.0,
        "Net Income Common Stockholders": 40261000.0,
        "Net Income": 40261000.0,
        "Net Income Including Noncontrolling Interests": 40261000.0,
        "Net Income Continuous Operations": 40261000.0,
        "Tax Provision": 6136000.0,
        "Pretax Income": 46397000.0,
        "Other Income Expense": 347000.0,
        "Other Non Operating Income Expenses": 347000.0,
        "Special Income Charges": 0.0,
        "Restructuring And Mergern Acquisition": 0.0,
        "Net Non Operating Interest Income Expense": -7283000.0,
        "Interest Expense Non Operating": 8130000.0,
        "Interest Income Non Operating": 847000.0,
        "Operating Income": 53333000.0,
        "Operating Expense": 43383000.0,
        "Selling General And Administration": 43383000.0,
        "Gross Profit": 96716000.0,
        "Cost Of Revenue": 927231000.0,
        "Total Revenue": 1023947000.0,
        "Operating Revenue": 1023947000.0
    }
}