{
    "2023-03-31": {
        "Tax Effect Of Unusual Items": NaN,
        "Tax Rate For Calcs": NaN,
        "Normalized EBITDA": NaN,
        "Net Income From Continuing Operation Net Minority Interest": NaN,
        "Reconciled Depreciation": NaN,
        "Reconciled Cost Of Revenue": NaN,
        "EBITDA": NaN,
        "EBIT": NaN,
        "Net Interest Income": NaN,
        "Interest Expense": 6781000.0,
        "Normalized Income": NaN,
        "Net Income From Continuing And Discontinued Operation": NaN,
        "Total Expenses": NaN,
        "Total Operating Income As Reported": NaN,
        "Diluted Average Shares": 11901581.0,
        "Basic Average Shares": 11394919.0,
        "Diluted EPS": 0.91,
        "Basic EPS": 0.95,
        "Diluted NI Availto Com Stockholders": NaN,
        "Net Income Common Stockholders": NaN,
        "Net Income": NaN,
        "Net Income Including Noncontrolling Interests": NaN,
        "Net Income Continuous Operations": NaN,
        "Tax Provision": NaN,
        "Pretax Income": NaN,
        "Other Income Expense": NaN,
        "Other Non Operating Income Expenses": NaN,
        "Net Non Operating Interest Income Expense": NaN,
        "Total Other Finance Cost": NaN,
        "Interest Expense Non Operating": 6781000.0,
        "Operating Income": NaN,
        "Operating Expense": NaN,
        "Depreciation Amortization Depletion Income Statement": NaN,
        "Depreciation And Amortization In Income Statement": NaN,
        "Selling General And Administration": NaN,
        "Gross Profit": NaN,
        "Cost Of Revenue": NaN,
        "Total Revenue": NaN,
        "Operating Revenue": NaN
    },
    "2022-12-31": {
        "Tax Effect Of Unusual Items": NaN,
        "Tax Rate For Calcs": NaN,
        "Normalized EBITDA": NaN,
        "Total Unusual Items": -79000.0,
        "Total Unusual Items Excluding Goodwill": -79000.0,
        "Net Income From Continuing Operation Net Minority Interest": NaN,
        "Reconciled Depreciation": NaN,
        "Reconciled Cost Of Revenue": NaN,
        "EBITDA": NaN,
        "EBIT": NaN,
        "Net Interest Income": NaN,
        "Interest Expense": NaN,
        "Normalized Income": NaN,
        "Net Income From Continuing And Discontinued Operation": NaN,
        "Total Expenses": NaN,
        "Total Operating Income As Reported": NaN,
        "Diluted Average Shares": NaN,
        "Basic Average Shares": NaN,
        "Diluted EPS": NaN,
        "Basic EPS": NaN,
        "Diluted NI Availto Com Stockholders": NaN,
        "Net Income Common Stockholders": NaN,
        "Net Income": NaN,
        "Net Income Including Noncontrolling Interests": NaN,
        "Net Income Continuous Operations": NaN,
        "Tax Provision": NaN,
        "Pretax Income": NaN,
        "Other Income Expense": NaN,
        "Other Non Operating Income Expenses": NaN,
        "Special Income Charges": -79000.0,
        "Other Special Charges": 79000.0,
        "Net Non Operating Interest Income Expense": NaN,
        "Total Other Finance Cost": NaN,
        "Interest Expense Non Operating": NaN,
        "Operating Income": NaN,
        "Operating Expense": NaN,
        "Depreciation Amortization Depletion Income Statement": NaN,
        "Depreciation And Amortization In Income Statement": NaN,
        "Selling General And Administration": NaN,
        "Gross Profit": NaN,
        "Cost Of Revenue": NaN,
        "Total Revenue": NaN,
        "Operating Revenue": NaN
    },
    "2022-09-30": {
        "Tax Effect Of Unusual Items": NaN,
        "Tax Rate For Calcs": NaN,
        "Normalized EBITDA": NaN,
        "Total Unusual Items": 0.0,
        "Total Unusual Items Excluding Goodwill": 0.0,
        "Net Income From Continuing Operation Net Minority Interest": NaN,
        "Reconciled Depreciation": NaN,
        "Reconciled Cost Of Revenue": NaN,
        "EBITDA": NaN,
        "EBIT": NaN,
        "Net Interest Income": NaN,
        "Interest Expense": NaN,
        "Normalized Income": NaN,
        "Net Income From Continuing And Discontinued Operation": NaN,
        "Total Expenses": NaN,
        "Total Operating Income As Reported": NaN,
        "Diluted Average Shares": NaN,
        "Basic Average Shares": NaN,
        "Diluted EPS": NaN,
        "Basic EPS": NaN,
        "Diluted NI Availto Com Stockholders": NaN,
        "Net Income Common Stockholders": NaN,
        "Net Income": NaN,
        "Net Income Including Noncontrolling Interests": NaN,
        "Net Income Continuous Operations": NaN,
        "Tax Provision": NaN,
        "Pretax Income": NaN,
        "Other Income Expense": NaN,
        "Other Non Operating Income Expenses": NaN,
        "Special Income Charges": 0.0,
        "Other Special Charges": NaN,
        "Net Non Operating Interest Income Expense": NaN,
        "Interest Expense Non Operating": NaN,
        "Operating Income": NaN,
        "Operating Expense": NaN,
        "Depreciation Amortization Depletion Income Statement": NaN,
        "Depreciation And Amortization In Income Statement": NaN,
        "Selling General And Administration": NaN,
        "Gross Profit": NaN,
        "Cost Of Revenue": NaN,
        "Total Revenue": NaN,
        "Operating Revenue": NaN
    },
    "2022-06-30": {
        "Tax Effect Of Unusual Items": 0.0,
        "Tax Rate For Calcs": 0.221,
        "Normalized EBITDA": 18610000.0,
        "Total Unusual Items": 0.0,
        "Total Unusual Items Excluding Goodwill": 0.0,
        "Net Income From Continuing Operation Net Minority Interest": 6151000.0,
        "Reconciled Depreciation": 3571000.0,
        "Reconciled Cost Of Revenue": 70633000.0,
        "EBITDA": 18610000.0,
        "EBIT": 15039000.0,
        "Net Interest Income": -7146000.0,
        "Interest Expense": 7146000.0,
        "Normalized Income": 6151000.0,
        "Net Income From Continuing And Discontinued Operation": 6151000.0,
        "Total Expenses": 98254000.0,
        "Total Operating Income As Reported": 15054000.0,
        "Diluted Average Shares": 11721744.0,
        "Basic Average Shares": 11257733.0,
        "Diluted EPS": 0.52,
        "Basic EPS": 0.55,
        "Diluted NI Availto Com Stockholders": 6151000.0,
        "Net Income Common Stockholders": 6151000.0,
        "Net Income": 6151000.0,
        "Net Income Including Noncontrolling Interests": 6151000.0,
        "Net Income Continuous Operations": 6151000.0,
        "Tax Provision": 1742000.0,
        "Pretax Income": 7893000.0,
        "Other Income Expense": -15000.0,
        "Other Non Operating Income Expenses": -15000.0,
        "Special Income Charges": 0.0,
        "Other Special Charges": NaN,
        "Net Non Operating Interest Income Expense": -7146000.0,
        "Total Other Finance Cost": NaN,
        "Interest Expense Non Operating": 7146000.0,
        "Operating Income": 15054000.0,
        "Operating Expense": 25497000.0,
        "Depreciation Amortization Depletion Income Statement": 1447000.0,
        "Depreciation And Amortization In Income Statement": 1447000.0,
        "Selling General And Administration": 24050000.0,
        "Gross Profit": 40551000.0,
        "Cost Of Revenue": 72757000.0,
        "Total Revenue": 113308000.0,
        "Operating Revenue": 113308000.0
    },
    "2022-03-31": {
        "Diluted EPS": 0.51,
        "Total Revenue": 111,
        "Gross Profit": 39,
        "Operating Income": 18,
        "EBIT": 22,
        "Net Income": 6
    },
    "2021-12-31": {
        "Diluted EPS": 0.06,
        "Total Revenue": 93,
        "Gross Profit": 31,
        "Operating Income": 9,
        "EBIT": 13,
        "Net Income": 1
    },
    "2021-09-30": {
        "Diluted EPS": 0.56,
        "Total Revenue": 100,
        "Gross Profit": 38,
        "Operating Income": 17,
        "EBIT": 21,
        "Net Income": 7
    },
    "2021-06-30": {
        "Diluted EPS": 0.53,
        "Total Revenue": 93,
        "Gross Profit": 37,
        "Operating Income": 16,
        "EBIT": 20,
        "Net Income": 6
    },
    "2021-03-31": {
        "Diluted EPS": 0.21,
        "Total Revenue": 89,
        "Gross Profit": 36,
        "Operating Income": 18,
        "EBIT": 23,
        "Net Income": 2
    },
    "2020-12-31": {
        "Diluted EPS": 0.65,
        "Total Revenue": 84,
        "Gross Profit": 31,
        "Operating Income": 12,
        "EBIT": 18,
        "Net Income": 7
    },
    "2020-09-30": {
        "Diluted EPS": 0.52,
        "Total Revenue": 83,
        "Gross Profit": 31,
        "Operating Income": 13,
        "EBIT": 18,
        "Net Income": 6
    },
    "2020-06-30": {
        "Diluted EPS": 0.11,
        "Total Revenue": 71,
        "Gross Profit": 23,
        "Operating Income": 5,
        "EBIT": 10,
        "Net Income": 1
    },
    "2020-03-31": {
        "Diluted EPS": 0.16,
        "Total Revenue": 74,
        "Gross Profit": 26,
        "Operating Income": 8,
        "EBIT": 12,
        "Net Income": 2
    },
    "2019-12-31": {
        "Diluted EPS": -0.27,
        "Total Revenue": 73,
        "Gross Profit": 22,
        "Operating Income": 3,
        "EBIT": 8,
        "Net Income": -3
    },
    "2019-09-30": {
        "Diluted EPS": -0.06,
        "Total Revenue": 72,
        "Gross Profit": 25,
        "Operating Income": 8,
        "EBIT": 13,
        "Net Income": -1
    },
    "2019-06-30": {
        "Diluted EPS": 0.14,
        "Total Revenue": 67,
        "Gross Profit": 22,
        "Operating Income": 10,
        "EBIT": 15,
        "Net Income": 2
    },
    "2019-03-31": {
        "Diluted EPS": -0.27,
        "Total Revenue": 67,
        "Gross Profit": 22,
        "Operating Income": 4,
        "EBIT": 8,
        "Net Income": -3
    },
    "2018-12-31": {
        "Diluted EPS": -0.66,
        "Total Revenue": 69,
        "Gross Profit": 21,
        "Operating Income": 0,
        "EBIT": 4,
        "Net Income": -7
    },
    "2018-09-30": {
        "Diluted EPS": -0.55,
        "Total Revenue": 71,
        "Gross Profit": 23,
        "Operating Income": 5,
        "EBIT": 9,
        "Net Income": -6
    },
    "2018-06-30": {
        "Diluted EPS": -1.5,
        "Total Revenue": 61,
        "Gross Profit": 20,
        "Operating Income": 3,
        "EBIT": 8,
        "Net Income": -17
    },
    "2018-03-31": {
        "Diluted EPS": -0.65,
        "Total Revenue": 55,
        "Gross Profit": 14,
        "Operating Income": -2,
        "EBIT": 3,
        "Net Income": -7
    },
    "2017-12-31": {
        "Diluted EPS": -1.32,
        "Total Revenue": 52,
        "Gross Profit": 16,
        "Operating Income": -22,
        "EBIT": -17,
        "Net Income": -15
    },
    "2017-09-30": {
        "Diluted EPS": -0.06,
        "Total Revenue": 61,
        "Gross Profit": 19,
        "Operating Income": 3,
        "EBIT": 8,
        "Net Income": -1
    },
    "2017-06-30": {
        "Diluted EPS": -0.2,
        "Total Revenue": 55,
        "Gross Profit": 17,
        "Operating Income": 1,
        "EBIT": 5,
        "Net Income": -2
    },
    "2017-03-31": {
        "Diluted EPS": -0.4,
        "Total Revenue": 56,
        "Gross Profit": 16,
        "Operating Income": -2,
        "EBIT": 3,
        "Net Income": -5
    },
    "2016-12-31": {
        "Diluted EPS": -0.32,
        "Total Revenue": 67,
        "Gross Profit": 20,
        "Operating Income": -1,
        "EBIT": 7,
        "Net Income": -4
    },
    "2016-09-30": {
        "Diluted EPS": 0.35,
        "Total Revenue": 81,
        "Gross Profit": 29,
        "Operating Income": 12,
        "EBIT": 16,
        "Net Income": 4
    },
    "2016-06-30": {
        "Diluted EPS": -0.05,
        "Total Revenue": 74,
        "Gross Profit": 23,
        "Operating Income": 5,
        "EBIT": 9,
        "Net Income": 0
    },
    "2016-03-31": {
        "Diluted EPS": 0.5,
        "Total Revenue": 86,
        "Gross Profit": 30,
        "Operating Income": 14,
        "EBIT": 18,
        "Net Income": 6
    },
    "2015-12-31": {
        "Diluted EPS": -0.29,
        "Total Revenue": 94,
        "Gross Profit": 31,
        "Operating Income": 10,
        "EBIT": 19,
        "Net Income": -2
    },
    "2015-09-30": {
        "Diluted EPS": 0.95,
        "Total Revenue": 108,
        "Gross Profit": 43,
        "Operating Income": 26,
        "EBIT": 30,
        "Net Income": 8
    },
    "2015-06-30": {
        "Diluted EPS": -0.1,
        "Total Revenue": 96,
        "Gross Profit": 36,
        "Operating Income": 20,
        "EBIT": 24,
        "Net Income": -1
    },
    "2015-03-31": {
        "Diluted EPS": -0.75,
        "Total Revenue": 77,
        "Gross Profit": 26,
        "Operating Income": 12,
        "EBIT": 16,
        "Net Income": -6
    },
    "2014-12-31": {
        "Diluted EPS": 0.0,
        "Total Revenue": NaN,
        "Gross Profit": NaN,
        "Operating Income": NaN,
        "EBIT": NaN,
        "Net Income": NaN
    },
    "2014-09-30": {
        "Diluted EPS": -0.4,
        "Total Revenue": 77,
        "Gross Profit": 27,
        "Operating Income": 14,
        "EBIT": 14,
        "Net Income": -3
    },
    "2013-12-31": {
        "Diluted EPS": 0.0,
        "Total Revenue": NaN,
        "Gross Profit": NaN,
        "Operating Income": NaN,
        "EBIT": NaN,
        "Net Income": NaN
    },
    "2012-12-31": {
        "Diluted EPS": 0.0,
        "Total Revenue": NaN,
        "Gross Profit": NaN,
        "Operating Income": NaN,
        "EBIT": NaN,
        "Net Income": NaN
    },
    "2023-06-30": {
        "Tax Effect Of Unusual Items": 0.0,
        "Tax Rate For Calcs": 0.389,
        "Normalized EBITDA": 21553000.0,
        "Net Income From Continuing Operation Net Minority Interest": 6523000.0,
        "Reconciled Depreciation": 4061000.0,
        "Reconciled Cost Of Revenue": 71522000.0,
        "EBITDA": 21553000.0,
        "EBIT": 17492000.0,
        "Net Interest Income": -6740000.0,
        "Interest Expense": 6740000.0,
        "Normalized Income": 6523000.0,
        "Net Income From Continuing And Discontinued Operation": 6523000.0,
        "Total Expenses": 97468000.0,
        "Total Operating Income As Reported": 17492000.0,
        "Diluted Average Shares": 11876568.0,
        "Basic Average Shares": 11427404.0,
        "Diluted EPS": 0.55,
        "Basic EPS": 0.57,
        "Diluted NI Availto Com Stockholders": 6523000.0,
        "Net Income Common Stockholders": 6523000.0,
        "Net Income": 6523000.0,
        "Net Income Including Noncontrolling Interests": 6523000.0,
        "Net Income Continuous Operations": 6523000.0,
        "Tax Provision": 4151000.0,
        "Pretax Income": 10674000.0,
        "Other Income Expense": -78000.0,
        "Other Non Operating Income Expenses": -78000.0,
        "Net Non Operating Interest Income Expense": -6740000.0,
        "Total Other Finance Cost": 6740000.0,
        "Interest Expense Non Operating": 6740000.0,
        "Operating Income": 17492000.0,
        "Operating Expense": 23333000.0,
        "Depreciation Amortization Depletion Income Statement": 1448000.0,
        "Depreciation And Amortization In Income Statement": 1448000.0,
        "Selling General And Administration": 21885000.0,
        "Gross Profit": 40825000.0,
        "Cost Of Revenue": 74135000.0,
        "Total Revenue": 114960000.0,
        "Operating Revenue": 114960000.0
    },
    "2023-09-30": {
        "Tax Effect Of Unusual Items": 0.0,
        "Tax Rate For Calcs": 0.377,
        "Normalized EBITDA": 16913000.0,
        "Net Income From Continuing Operation Net Minority Interest": 3857000.0,
        "Reconciled Depreciation": 4005000.0,
        "Reconciled Cost Of Revenue": 67114000.0,
        "EBITDA": 16913000.0,
        "EBIT": 12908000.0,
        "Net Interest Income": -6714000.0,
        "Interest Expense": 6714000.0,
        "Normalized Income": 3857000.0,
        "Net Income From Continuing And Discontinued Operation": 3857000.0,
        "Total Expenses": 92902000.0,
        "Total Operating Income As Reported": 12961000.0,
        "Diluted Average Shares": 11827816.0,
        "Basic Average Shares": 11432794.0,
        "Diluted EPS": 0.33,
        "Basic EPS": 0.34,
        "Diluted NI Availto Com Stockholders": 3857000.0,
        "Net Income Common Stockholders": 3857000.0,
        "Net Income": 3857000.0,
        "Net Income Including Noncontrolling Interests": 3857000.0,
        "Net Income Continuous Operations": 3857000.0,
        "Tax Provision": 2337000.0,
        "Pretax Income": 6194000.0,
        "Other Income Expense": -53000.0,
        "Other Non Operating Income Expenses": -53000.0,
        "Net Non Operating Interest Income Expense": -6714000.0,
        "Total Other Finance Cost": NaN,
        "Interest Expense Non Operating": 6714000.0,
        "Operating Income": 12961000.0,
        "Operating Expense": 23191000.0,
        "Depreciation Amortization Depletion Income Statement": 1408000.0,
        "Depreciation And Amortization In Income Statement": 1408000.0,
        "Selling General And Administration": 21783000.0,
        "Gross Profit": 36152000.0,
        "Cost Of Revenue": 69711000.0,
        "Total Revenue": 105863000.0,
        "Operating Revenue": 105863000.0
    },
    "2023-12-31": {
        "Tax Effect Of Unusual Items": 0.0,
        "Tax Rate For Calcs": 0.297867,
        "Normalized EBITDA": 14630000.0,
        "Net Income From Continuing Operation Net Minority Interest": 2732000.0,
        "Reconciled Depreciation": 4061000.0,
        "Reconciled Cost Of Revenue": 64751000.0,
        "EBITDA": 14630000.0,
        "EBIT": 10569000.0,
        "Net Interest Income": -6678000.0,
        "Interest Expense": 6678000.0,
        "Normalized Income": 2732000.0,
        "Net Income From Continuing And Discontinued Operation": 2732000.0,
        "Total Expenses": 92333000.0,
        "Total Operating Income As Reported": 10539000.0,
        "Diluted Average Shares": NaN,
        "Basic Average Shares": NaN,
        "Diluted EPS": NaN,
        "Basic EPS": NaN,
        "Diluted NI Availto Com Stockholders": 2732000.0,
        "Net Income Common Stockholders": 2732000.0,
        "Net Income": 2732000.0,
        "Net Income Including Noncontrolling Interests": 2732000.0,
        "Net Income Continuous Operations": 2732000.0,
        "Tax Provision": 1159000.0,
        "Pretax Income": 3891000.0,
        "Other Income Expense": 30000.0,
        "Other Non Operating Income Expenses": 30000.0,
        "Net Non Operating Interest Income Expense": -6678000.0,
        "Total Other Finance Cost": NaN,
        "Interest Expense Non Operating": 6678000.0,
        "Operating Income": 10539000.0,
        "Operating Expense": 24879000.0,
        "Depreciation Amortization Depletion Income Statement": 1358000.0,
        "Depreciation And Amortization In Income Statement": 1358000.0,
        "Selling General And Administration": 23521000.0,
        "Gross Profit": 35418000.0,
        "Cost Of Revenue": 67454000.0,
        "Total Revenue": 102872000.0,
        "Operating Revenue": 102872000.0
    },
    "2024-03-31": {
        "Tax Effect Of Unusual Items": 0.0,
        "Tax Rate For Calcs": 0.287,
        "Normalized EBITDA": 18097000.0,
        "Net Income From Continuing Operation Net Minority Interest": 5455000.0,
        "Reconciled Depreciation": 4017000.0,
        "Reconciled Cost Of Revenue": 67731000.0,
        "EBITDA": 18097000.0,
        "EBIT": 14080000.0,
        "Net Interest Income": -6425000.0,
        "Interest Expense": 6425000.0,
        "Normalized Income": 5455000.0,
        "Net Income From Continuing And Discontinued Operation": 5455000.0,
        "Total Expenses": 97791000.0,
        "Total Operating Income As Reported": 14145000.0,
        "Diluted Average Shares": 11769364.0,
        "Basic Average Shares": 11266699.0,
        "Diluted EPS": 0.46,
        "Basic EPS": 0.48,
        "Diluted NI Availto Com Stockholders": 5455000.0,
        "Net Income Common Stockholders": 5455000.0,
        "Net Income": 5455000.0,
        "Net Income Including Noncontrolling Interests": 5455000.0,
        "Net Income Continuous Operations": 5455000.0,
        "Tax Provision": 2200000.0,
        "Pretax Income": 7655000.0,
        "Other Income Expense": -65000.0,
        "Other Non Operating Income Expenses": -65000.0,
        "Net Non Operating Interest Income Expense": -6425000.0,
        "Total Other Finance Cost": NaN,
        "Interest Expense Non Operating": 6425000.0,
        "Operating Income": 14145000.0,
        "Operating Expense": 27373000.0,
        "Depreciation Amortization Depletion Income Statement": 1330000.0,
        "Depreciation And Amortization In Income Statement": 1330000.0,
        "Selling General And Administration": 26043000.0,
        "Gross Profit": 41518000.0,
        "Cost Of Revenue": 70418000.0,
        "Total Revenue": 111936000.0,
        "Operating Revenue": 111936000.0
    },
    "2024-06-30": {
        "Tax Effect Of Unusual Items": 0.0,
        "Tax Rate For Calcs": 0.277,
        "Normalized EBITDA": 18957000.0,
        "Net Income From Continuing Operation Net Minority Interest": 6001000.0,
        "Reconciled Depreciation": 4048000.0,
        "Reconciled Cost Of Revenue": 73636000.0,
        "EBITDA": 18957000.0,
        "EBIT": 14909000.0,
        "Net Interest Income": -6530000.0,
        "Interest Expense": NaN,
        "Normalized Income": 6001000.0,
        "Net Income From Continuing And Discontinued Operation": 6001000.0,
        "Total Expenses": 103909000.0,
        "Total Operating Income As Reported": 14909000.0,
        "Diluted Average Shares": 11776894.0,
        "Basic Average Shares": 11049968.0,
        "Diluted EPS": 0.51,
        "Basic EPS": 0.54,
        "Diluted NI Availto Com Stockholders": 6001000.0,
        "Net Income Common Stockholders": 6001000.0,
        "Net Income": 6001000.0,
        "Net Income Including Noncontrolling Interests": 6001000.0,
        "Net Income Continuous Operations": 6001000.0,
        "Tax Provision": 2300000.0,
        "Pretax Income": 8301000.0,
        "Other Income Expense": -78000.0,
        "Other Non Operating Income Expenses": -78000.0,
        "Net Non Operating Interest Income Expense": -6530000.0,
        "Total Other Finance Cost": 6530000.0,
        "Interest Expense Non Operating": NaN,
        "Operating Income": 14909000.0,
        "Operating Expense": 27479000.0,
        "Depreciation Amortization Depletion Income Statement": 1254000.0,
        "Depreciation And Amortization In Income Statement": 1254000.0,
        "Selling General And Administration": 26225000.0,
        "Gross Profit": 42388000.0,
        "Cost Of Revenue": 76430000.0,
        "Total Revenue": 118818000.0,
        "Operating Revenue": 118818000.0
    }
}