{
    "2023-06-30": {
        "Tax Effect Of Unusual Items": NaN,
        "Tax Rate For Calcs": NaN,
        "Total Unusual Items": NaN,
        "Total Unusual Items Excluding Goodwill": NaN,
        "Net Income From Continuing Operation Net Minority Interest": NaN,
        "Reconciled Depreciation": NaN,
        "Net Interest Income": NaN,
        "Interest Expense": NaN,
        "Interest Income": NaN,
        "Normalized Income": NaN,
        "Net Income From Continuing And Discontinued Operation": NaN,
        "Diluted Average Shares": NaN,
        "Basic Average Shares": NaN,
        "Diluted EPS": NaN,
        "Basic EPS": NaN,
        "Diluted NI Availto Com Stockholders": NaN,
        "Net Income Common Stockholders": NaN,
        "Preferred Stock Dividends": NaN,
        "Net Income": NaN,
        "Net Income Including Noncontrolling Interests": NaN,
        "Net Income Continuous Operations": NaN,
        "Tax Provision": NaN,
        "Pretax Income": NaN,
        "Special Income Charges": NaN,
        "Other Special Charges": NaN,
        "Gain On Sale Of Security": -9961000.0,
        "Depreciation Amortization Depletion Income Statement": NaN,
        "Depreciation And Amortization In Income Statement": NaN,
        "Amortization": NaN,
        "Amortization Of Intangibles Income Statement": NaN,
        "Selling General And Administration": NaN,
        "Selling And Marketing Expense": NaN,
        "General And Administrative Expense": NaN,
        "Salaries And Wages": NaN,
        "Total Revenue": NaN,
        "Operating Revenue": NaN,
        "Occupancy And Equipment": NaN,
        "Other Non Interest Expense": NaN
    },
    "2023-03-31": {
        "Tax Effect Of Unusual Items": NaN,
        "Tax Rate For Calcs": NaN,
        "Total Unusual Items": NaN,
        "Total Unusual Items Excluding Goodwill": NaN,
        "Net Income From Continuing Operation Net Minority Interest": NaN,
        "Reconciled Depreciation": NaN,
        "Net Interest Income": NaN,
        "Interest Expense": NaN,
        "Interest Income": NaN,
        "Normalized Income": NaN,
        "Net Income From Continuing And Discontinued Operation": NaN,
        "Diluted Average Shares": NaN,
        "Basic Average Shares": NaN,
        "Diluted EPS": NaN,
        "Basic EPS": NaN,
        "Diluted NI Availto Com Stockholders": NaN,
        "Net Income Common Stockholders": NaN,
        "Preferred Stock Dividends": NaN,
        "Net Income": NaN,
        "Net Income Including Noncontrolling Interests": NaN,
        "Net Income Continuous Operations": NaN,
        "Tax Provision": NaN,
        "Pretax Income": NaN,
        "Special Income Charges": NaN,
        "Other Special Charges": NaN,
        "Gain On Sale Of Security": 0.0,
        "Depreciation Amortization Depletion Income Statement": NaN,
        "Depreciation And Amortization In Income Statement": NaN,
        "Amortization": NaN,
        "Amortization Of Intangibles Income Statement": NaN,
        "Selling General And Administration": NaN,
        "Selling And Marketing Expense": NaN,
        "General And Administrative Expense": NaN,
        "Salaries And Wages": NaN,
        "Total Revenue": NaN,
        "Operating Revenue": NaN,
        "Occupancy And Equipment": NaN,
        "Other Non Interest Expense": NaN
    },
    "2022-12-31": {
        "Tax Effect Of Unusual Items": NaN,
        "Tax Rate For Calcs": NaN,
        "Total Unusual Items": NaN,
        "Total Unusual Items Excluding Goodwill": NaN,
        "Net Income From Continuing Operation Net Minority Interest": NaN,
        "Reconciled Depreciation": NaN,
        "Net Interest Income": NaN,
        "Interest Expense": NaN,
        "Interest Income": NaN,
        "Normalized Income": NaN,
        "Net Income From Continuing And Discontinued Operation": NaN,
        "Diluted Average Shares": NaN,
        "Basic Average Shares": NaN,
        "Diluted EPS": NaN,
        "Basic EPS": NaN,
        "Diluted NI Availto Com Stockholders": NaN,
        "Net Income Common Stockholders": NaN,
        "Preferred Stock Dividends": NaN,
        "Net Income": NaN,
        "Net Income Including Noncontrolling Interests": NaN,
        "Net Income Continuous Operations": NaN,
        "Tax Provision": NaN,
        "Pretax Income": NaN,
        "Special Income Charges": NaN,
        "Other Special Charges": NaN,
        "Gain On Sale Of Security": 1501000.0,
        "Depreciation Amortization Depletion Income Statement": NaN,
        "Depreciation And Amortization In Income Statement": NaN,
        "Amortization": NaN,
        "Amortization Of Intangibles Income Statement": NaN,
        "Selling General And Administration": NaN,
        "Selling And Marketing Expense": NaN,
        "General And Administrative Expense": NaN,
        "Salaries And Wages": NaN,
        "Total Revenue": NaN,
        "Operating Revenue": NaN,
        "Occupancy And Equipment": NaN,
        "Other Non Interest Expense": NaN
    },
    "2022-09-30": {
        "Tax Effect Of Unusual Items": NaN,
        "Tax Rate For Calcs": NaN,
        "Total Unusual Items": NaN,
        "Total Unusual Items Excluding Goodwill": NaN,
        "Net Income From Continuing Operation Net Minority Interest": NaN,
        "Reconciled Depreciation": NaN,
        "Net Interest Income": NaN,
        "Interest Expense": NaN,
        "Interest Income": NaN,
        "Normalized Income": NaN,
        "Net Income From Continuing And Discontinued Operation": NaN,
        "Diluted Average Shares": NaN,
        "Basic Average Shares": NaN,
        "Diluted EPS": NaN,
        "Basic EPS": NaN,
        "Diluted NI Availto Com Stockholders": NaN,
        "Net Income Common Stockholders": NaN,
        "Preferred Stock Dividends": NaN,
        "Net Income": NaN,
        "Net Income Including Noncontrolling Interests": NaN,
        "Net Income Continuous Operations": NaN,
        "Tax Provision": NaN,
        "Pretax Income": NaN,
        "Special Income Charges": NaN,
        "Other Special Charges": NaN,
        "Gain On Sale Of Security": NaN,
        "Depreciation Amortization Depletion Income Statement": NaN,
        "Depreciation And Amortization In Income Statement": NaN,
        "Amortization": NaN,
        "Amortization Of Intangibles Income Statement": NaN,
        "Selling General And Administration": NaN,
        "Selling And Marketing Expense": NaN,
        "General And Administrative Expense": NaN,
        "Other Gand A": 2795000.0,
        "Salaries And Wages": NaN,
        "Total Revenue": NaN,
        "Operating Revenue": NaN
    },
    "2022-06-30": {
        "Tax Effect Of Unusual Items": 0.0,
        "Tax Rate For Calcs": 0.198773,
        "Total Unusual Items": NaN,
        "Total Unusual Items Excluding Goodwill": NaN,
        "Net Income From Continuing Operation Net Minority Interest": 145127000.0,
        "Reconciled Depreciation": 2051000.0,
        "Net Interest Income": 264574000.0,
        "Interest Expense": 27802000.0,
        "Interest Income": 292376000.0,
        "Normalized Income": 145127000.0,
        "Net Income From Continuing And Discontinued Operation": 145127000.0,
        "Diluted Average Shares": 75940500.0,
        "Basic Average Shares": 75751296.0,
        "Diluted EPS": 1.86,
        "Basic EPS": 1.87,
        "Diluted NI Availto Com Stockholders": 141329000.0,
        "Net Income Common Stockholders": 141329000.0,
        "Preferred Stock Dividends": 3798000.0,
        "Net Income": 145127000.0,
        "Net Income Including Noncontrolling Interests": 145127000.0,
        "Net Income Continuous Operations": 145127000.0,
        "Tax Provision": 36004000.0,
        "Pretax Income": 181131000.0,
        "Special Income Charges": NaN,
        "Other Special Charges": NaN,
        "Gain On Sale Of Security": 0.0,
        "Depreciation Amortization Depletion Income Statement": 2051000.0,
        "Depreciation And Amortization In Income Statement": 2051000.0,
        "Amortization": 2051000.0,
        "Amortization Of Intangibles Income Statement": 2051000.0,
        "Selling General And Administration": 131370000.0,
        "Selling And Marketing Expense": 4759000.0,
        "General And Administrative Expense": 126611000.0,
        "Other Gand A": 2320000.0,
        "Salaries And Wages": 126611000.0,
        "Total Revenue": 340611000.0,
        "Operating Revenue": 340611000.0
    },
    "2022-03-31": {
        "Diluted EPS": 1.65,
        "Total Revenue": 362,
        "Gross Profit": 343,
        "Operating Income": 158,
        "EBIT": NaN,
        "Net Income": 125
    },
    "2021-12-31": {
        "Diluted EPS": 1.7,
        "Total Revenue": 360,
        "Gross Profit": 339,
        "Operating Income": 166,
        "EBIT": NaN,
        "Net Income": 130
    },
    "2021-09-30": {
        "Diluted EPS": 1.75,
        "Total Revenue": 365,
        "Gross Profit": 342,
        "Operating Income": 169,
        "EBIT": NaN,
        "Net Income": 133
    },
    "2021-06-30": {
        "Diluted EPS": 1.69,
        "Total Revenue": 357,
        "Gross Profit": 331,
        "Operating Income": 162,
        "EBIT": NaN,
        "Net Income": 128
    },
    "2021-03-31": {
        "Diluted EPS": 1.61,
        "Total Revenue": 345,
        "Gross Profit": 316,
        "Operating Income": 154,
        "EBIT": NaN,
        "Net Income": 122
    },
    "2020-12-31": {
        "Diluted EPS": 1.41,
        "Total Revenue": 340,
        "Gross Profit": 304,
        "Operating Income": 134,
        "EBIT": NaN,
        "Net Income": 107
    },
    "2020-09-30": {
        "Diluted EPS": 1.42,
        "Total Revenue": 340,
        "Gross Profit": 298,
        "Operating Income": 137,
        "EBIT": NaN,
        "Net Income": 107
    },
    "2020-06-30": {
        "Diluted EPS": 0.83,
        "Total Revenue": 325,
        "Gross Profit": 274,
        "Operating Income": 74,
        "EBIT": NaN,
        "Net Income": 62
    },
    "2020-03-31": {
        "Diluted EPS": 0.37,
        "Total Revenue": 333,
        "Gross Profit": 264,
        "Operating Income": 27,
        "EBIT": NaN,
        "Net Income": 28
    },
    "2019-12-31": {
        "Diluted EPS": 1.25,
        "Total Revenue": 328,
        "Gross Profit": 254,
        "Operating Income": 119,
        "EBIT": NaN,
        "Net Income": 96
    },
    "2019-09-30": {
        "Diluted EPS": 1.44,
        "Total Revenue": 358,
        "Gross Profit": 278,
        "Operating Income": 137,
        "EBIT": NaN,
        "Net Income": 111
    },
    "2019-06-30": {
        "Diluted EPS": 1.31,
        "Total Revenue": 337,
        "Gross Profit": 260,
        "Operating Income": 125,
        "EBIT": NaN,
        "Net Income": 100
    },
    "2019-03-31": {
        "Diluted EPS": 1.22,
        "Total Revenue": 309,
        "Gross Profit": 238,
        "Operating Income": 117,
        "EBIT": NaN,
        "Net Income": 94
    },
    "2018-12-31": {
        "Diluted EPS": 1.23,
        "Total Revenue": 313,
        "Gross Profit": 247,
        "Operating Income": 119,
        "EBIT": NaN,
        "Net Income": 95
    },
    "2018-09-30": {
        "Diluted EPS": 1.21,
        "Total Revenue": 300,
        "Gross Profit": 241,
        "Operating Income": 118,
        "EBIT": NaN,
        "Net Income": 94
    },
    "2018-06-30": {
        "Diluted EPS": 1.12,
        "Total Revenue": 279,
        "Gross Profit": 230,
        "Operating Income": 113,
        "EBIT": NaN,
        "Net Income": 87
    },
    "2018-03-31": {
        "Diluted EPS": 1.08,
        "Total Revenue": 256,
        "Gross Profit": 219,
        "Operating Income": 108,
        "EBIT": NaN,
        "Net Income": 84
    },
    "2017-12-31": {
        "Diluted EPS": 0.25,
        "Total Revenue": 245,
        "Gross Profit": 211,
        "Operating Income": 101,
        "EBIT": NaN,
        "Net Income": 27
    },
    "2017-09-30": {
        "Diluted EPS": 0.83,
        "Total Revenue": 245,
        "Gross Profit": 216,
        "Operating Income": 108,
        "EBIT": NaN,
        "Net Income": 64
    },
    "2017-06-30": {
        "Diluted EPS": 0.8,
        "Total Revenue": 159,
        "Gross Profit": 142,
        "Operating Income": 66,
        "EBIT": NaN,
        "Net Income": 43
    },
    "2017-03-31": {
        "Diluted EPS": 0.82,
        "Total Revenue": 133,
        "Gross Profit": 119,
        "Operating Income": 54,
        "EBIT": NaN,
        "Net Income": 40
    },
    "2016-12-31": {
        "Diluted EPS": 0.79,
        "Total Revenue": 132,
        "Gross Profit": 120,
        "Operating Income": 58,
        "EBIT": NaN,
        "Net Income": 36
    },
    "2016-09-30": {
        "Diluted EPS": 0.71,
        "Total Revenue": 129,
        "Gross Profit": 118,
        "Operating Income": 54,
        "EBIT": NaN,
        "Net Income": 32
    },
    "2016-06-30": {
        "Diluted EPS": 0.73,
        "Total Revenue": 116,
        "Gross Profit": 108,
        "Operating Income": 48,
        "EBIT": NaN,
        "Net Income": 31
    },
    "2016-03-31": {
        "Diluted EPS": 0.68,
        "Total Revenue": 107,
        "Gross Profit": 100,
        "Operating Income": 44,
        "EBIT": NaN,
        "Net Income": 28
    },
    "2015-12-31": {
        "Diluted EPS": 0.64,
        "Total Revenue": 104,
        "Gross Profit": 98,
        "Operating Income": 43,
        "EBIT": NaN,
        "Net Income": 27
    },
    "2015-09-30": {
        "Diluted EPS": 0.62,
        "Total Revenue": 89,
        "Gross Profit": 83,
        "Operating Income": 38,
        "EBIT": NaN,
        "Net Income": 24
    },
    "2015-06-30": {
        "Diluted EPS": 0.64,
        "Total Revenue": 76,
        "Gross Profit": 72,
        "Operating Income": 34,
        "EBIT": NaN,
        "Net Income": 23
    },
    "2015-03-31": {
        "Diluted EPS": 0.62,
        "Total Revenue": 73,
        "Gross Profit": 70,
        "Operating Income": 33,
        "EBIT": NaN,
        "Net Income": 22
    },
    "2014-12-31": {
        "Diluted EPS": 0.53,
        "Total Revenue": 68,
        "Gross Profit": 65,
        "Operating Income": 28,
        "EBIT": NaN,
        "Net Income": 19
    },
    "2014-09-30": {
        "Diluted EPS": 0.52,
        "Total Revenue": 66,
        "Gross Profit": 62,
        "Operating Income": 27,
        "EBIT": NaN,
        "Net Income": 18
    },
    "2014-06-30": {
        "Diluted EPS": 0.49,
        "Total Revenue": 63,
        "Gross Profit": 60,
        "Operating Income": 26,
        "EBIT": NaN,
        "Net Income": 17
    },
    "2014-03-31": {
        "Diluted EPS": 0.47,
        "Total Revenue": 62,
        "Gross Profit": 59,
        "Operating Income": 25,
        "EBIT": NaN,
        "Net Income": 16
    },
    "2013-12-31": {
        "Diluted EPS": 0.44,
        "Total Revenue": 61,
        "Gross Profit": 57,
        "Operating Income": 23,
        "EBIT": NaN,
        "Net Income": 15
    },
    "2013-09-30": {
        "Diluted EPS": 0.42,
        "Total Revenue": 60,
        "Gross Profit": 56,
        "Operating Income": 22,
        "EBIT": NaN,
        "Net Income": 15
    },
    "2013-06-30": {
        "Diluted EPS": 0.42,
        "Total Revenue": 59,
        "Gross Profit": 55,
        "Operating Income": 21,
        "EBIT": NaN,
        "Net Income": 14
    },
    "2013-03-31": {
        "Diluted EPS": 0.39,
        "Total Revenue": 59,
        "Gross Profit": 55,
        "Operating Income": 20,
        "EBIT": NaN,
        "Net Income": 13
    },
    "2012-12-31": {
        "Diluted EPS": 0.33,
        "Total Revenue": 60,
        "Gross Profit": 55,
        "Operating Income": 18,
        "EBIT": NaN,
        "Net Income": 12
    },
    "2012-09-30": {
        "Diluted EPS": 0.33,
        "Total Revenue": 57,
        "Gross Profit": 51,
        "Operating Income": 16,
        "EBIT": NaN,
        "Net Income": 11
    },
    "2012-06-30": {
        "Diluted EPS": 0.23,
        "Total Revenue": 56,
        "Gross Profit": 50,
        "Operating Income": 16,
        "EBIT": NaN,
        "Net Income": 8
    },
    "2012-03-31": {
        "Diluted EPS": 0.21,
        "Total Revenue": 56,
        "Gross Profit": 49,
        "Operating Income": 13,
        "EBIT": NaN,
        "Net Income": 7
    },
    "2011-12-31": {
        "Diluted EPS": 0.17,
        "Total Revenue": 56,
        "Gross Profit": 49,
        "Operating Income": 9,
        "EBIT": NaN,
        "Net Income": 6
    },
    "2011-09-30": {
        "Diluted EPS": 0.72,
        "Total Revenue": 57,
        "Gross Profit": 48,
        "Operating Income": 9,
        "EBIT": NaN,
        "Net Income": 25
    },
    "2011-06-30": {
        "Diluted EPS": 0.14,
        "Total Revenue": 58,
        "Gross Profit": 48,
        "Operating Income": 7,
        "EBIT": NaN,
        "Net Income": 5
    },
    "2011-03-31": {
        "Diluted EPS": 0.06,
        "Total Revenue": 56,
        "Gross Profit": 44,
        "Operating Income": 4,
        "EBIT": NaN,
        "Net Income": 2
    },
    "2010-12-31": {
        "Diluted EPS": 0.06,
        "Total Revenue": 58,
        "Gross Profit": 45,
        "Operating Income": 3,
        "EBIT": NaN,
        "Net Income": 2
    },
    "2010-09-30": {
        "Diluted EPS": 0.02,
        "Total Revenue": 59,
        "Gross Profit": 45,
        "Operating Income": 2,
        "EBIT": NaN,
        "Net Income": 1
    },
    "2010-06-30": {
        "Diluted EPS": -0.85,
        "Total Revenue": 61,
        "Gross Profit": 46,
        "Operating Income": -21,
        "EBIT": NaN,
        "Net Income": -28
    },
    "2010-03-31": {
        "Diluted EPS": -0.16,
        "Total Revenue": 61,
        "Gross Profit": 45,
        "Operating Income": -4,
        "EBIT": NaN,
        "Net Income": -5
    },
    "2009-12-31": {
        "Diluted EPS": -0.01,
        "Total Revenue": 62,
        "Gross Profit": 45,
        "Operating Income": -6,
        "EBIT": NaN,
        "Net Income": -4
    },
    "2009-09-30": {
        "Diluted EPS": -0.15,
        "Total Revenue": 60,
        "Gross Profit": 42,
        "Operating Income": -7,
        "EBIT": NaN,
        "Net Income": -5
    },
    "2009-06-30": {
        "Diluted EPS": -1.33,
        "Total Revenue": 61,
        "Gross Profit": 41,
        "Operating Income": -55,
        "EBIT": NaN,
        "Net Income": -33
    },
    "2009-03-31": {
        "Diluted EPS": 0.03,
        "Total Revenue": 63,
        "Gross Profit": 42,
        "Operating Income": 3,
        "EBIT": NaN,
        "Net Income": 1
    },
    "2023-09-30": {
        "Tax Effect Of Unusual Items": 18357.0,
        "Tax Rate For Calcs": 0.211,
        "Total Unusual Items": 87000.0,
        "Total Unusual Items Excluding Goodwill": 87000.0,
        "Net Income From Continuing Operation Net Minority Interest": 132603000.0,
        "Reconciled Depreciation": 19133000.0,
        "Net Interest Income": 317242000.0,
        "Interest Expense": 310052000.0,
        "Interest Income": 627294000.0,
        "Normalized Income": 132534357.0,
        "Net Income From Continuing And Discontinued Operation": 132603000.0,
        "Diluted Average Shares": 76201916.0,
        "Basic Average Shares": 76044182.0,
        "Diluted EPS": 1.69,
        "Basic EPS": 1.69,
        "Diluted NI Availto Com Stockholders": 128805000.0,
        "Net Income Common Stockholders": 128805000.0,
        "Preferred Stock Dividends": 3798000.0,
        "Net Income": 132603000.0,
        "Net Income Including Noncontrolling Interests": 132603000.0,
        "Net Income Continuous Operations": 132603000.0,
        "Tax Provision": 35377000.0,
        "Pretax Income": 167980000.0,
        "Special Income Charges": 87000.0,
        "Other Special Charges": -87000.0,
        "Gain On Sale Of Security": -3890000.0,
        "Depreciation Amortization Depletion Income Statement": 1765000.0,
        "Depreciation And Amortization In Income Statement": 1765000.0,
        "Amortization": 1765000.0,
        "Amortization Of Intangibles Income Statement": 1765000.0,
        "Selling General And Administration": 135823000.0,
        "Selling And Marketing Expense": 5479000.0,
        "General And Administrative Expense": 130344000.0,
        "Salaries And Wages": 130344000.0,
        "Total Revenue": 355605000.0,
        "Operating Revenue": 355605000.0,
        "Occupancy And Equipment": 36900000.0,
        "Other Non Interest Expense": 11365000.0
    },
    "2023-12-31": {
        "Tax Effect Of Unusual Items": 26817.566624,
        "Tax Rate For Calcs": 0.262917,
        "Total Unusual Items": 102000.0,
        "Total Unusual Items Excluding Goodwill": 102000.0,
        "Net Income From Continuing Operation Net Minority Interest": 94979000.0,
        "Reconciled Depreciation": 19281000.0,
        "Net Interest Income": 317252000.0,
        "Interest Expense": 327544000.0,
        "Interest Income": 644796000.0,
        "Normalized Income": 94903817.566624,
        "Net Income From Continuing And Discontinued Operation": 94979000.0,
        "Diluted Average Shares": 76823991.0,
        "Basic Average Shares": 76068016.0,
        "Diluted EPS": 1.19,
        "Basic EPS": 1.2,
        "Diluted NI Availto Com Stockholders": 91181000.0,
        "Net Income Common Stockholders": 91181000.0,
        "Preferred Stock Dividends": 3798000.0,
        "Net Income": 94979000.0,
        "Net Income Including Noncontrolling Interests": 94979000.0,
        "Net Income Continuous Operations": 94979000.0,
        "Tax Provision": 33879000.0,
        "Pretax Income": 128858000.0,
        "Special Income Charges": 102000.0,
        "Other Special Charges": -102000.0,
        "Gain On Sale Of Security": -9497000.0,
        "Depreciation Amortization Depletion Income Statement": 1751000.0,
        "Depreciation And Amortization In Income Statement": 1751000.0,
        "Amortization": 1751000.0,
        "Amortization Of Intangibles Income Statement": 1751000.0,
        "Selling General And Administration": 171974000.0,
        "Selling And Marketing Expense": 6829000.0,
        "General And Administrative Expense": 165145000.0,
        "Salaries And Wages": 133333000.0,
        "Total Revenue": 316836000.0,
        "Operating Revenue": 316836000.0,
        "Occupancy And Equipment": 38021000.0,
        "Other Non Interest Expense": -27703000.0
    },
    "2024-03-31": {
        "Tax Effect Of Unusual Items": 10498.0,
        "Tax Rate For Calcs": 0.181,
        "Total Unusual Items": 58000.0,
        "Total Unusual Items Excluding Goodwill": 58000.0,
        "Net Income From Continuing Operation Net Minority Interest": 123944000.0,
        "Reconciled Depreciation": 23096000.0,
        "Net Interest Income": 318034000.0,
        "Interest Expense": 332449000.0,
        "Interest Income": 650483000.0,
        "Normalized Income": 123896498.0,
        "Net Income From Continuing And Discontinued Operation": 123944000.0,
        "Diluted Average Shares": 76428885.0,
        "Basic Average Shares": 76278453.0,
        "Diluted EPS": 1.57,
        "Basic EPS": 1.58,
        "Diluted NI Availto Com Stockholders": 120146000.0,
        "Net Income Common Stockholders": 120146000.0,
        "Preferred Stock Dividends": 3798000.0,
        "Net Income": 123944000.0,
        "Net Income Including Noncontrolling Interests": 123944000.0,
        "Net Income Continuous Operations": 123944000.0,
        "Tax Provision": 27331000.0,
        "Pretax Income": 151275000.0,
        "Special Income Charges": 58000.0,
        "Other Special Charges": -58000.0,
        "Gain On Sale Of Security": NaN,
        "Depreciation Amortization Depletion Income Statement": 1584000.0,
        "Depreciation And Amortization In Income Statement": 1584000.0,
        "Amortization": 1584000.0,
        "Amortization Of Intangibles Income Statement": 1584000.0,
        "Selling General And Administration": 152135000.0,
        "Selling And Marketing Expense": 6125000.0,
        "General And Administrative Expense": 146010000.0,
        "Salaries And Wages": 146010000.0,
        "Total Revenue": 377183000.0,
        "Operating Revenue": 377183000.0,
        "Occupancy And Equipment": 39646000.0,
        "Other Non Interest Expense": 14139000.0
    },
    "2024-06-30": {
        "Tax Effect Of Unusual Items": 59150.0,
        "Tax Rate For Calcs": 0.182,
        "Total Unusual Items": 325000.0,
        "Total Unusual Items Excluding Goodwill": 325000.0,
        "Net Income From Continuing Operation Net Minority Interest": 53162000.0,
        "Reconciled Depreciation": 24505000.0,
        "Net Interest Income": 332262000.0,
        "Interest Expense": 336128000.0,
        "Interest Income": 668390000.0,
        "Normalized Income": 52896150.0,
        "Net Income From Continuing And Discontinued Operation": 53162000.0,
        "Diluted Average Shares": 76644227.0,
        "Basic Average Shares": 76506121.0,
        "Diluted EPS": 0.64,
        "Basic EPS": 0.65,
        "Diluted NI Availto Com Stockholders": 49364000.0,
        "Net Income Common Stockholders": 49364000.0,
        "Preferred Stock Dividends": 3798000.0,
        "Net Income": 53162000.0,
        "Net Income Including Noncontrolling Interests": 53162000.0,
        "Net Income Continuous Operations": 53162000.0,
        "Tax Provision": 11840000.0,
        "Pretax Income": 65002000.0,
        "Special Income Charges": 325000.0,
        "Other Special Charges": -325000.0,
        "Gain On Sale Of Security": -72103000.0,
        "Depreciation Amortization Depletion Income Statement": 1568000.0,
        "Depreciation And Amortization In Income Statement": 1568000.0,
        "Amortization": 1568000.0,
        "Amortization Of Intangibles Income Statement": 1568000.0,
        "Selling General And Administration": 156893000.0,
        "Selling And Marketing Expense": 6776000.0,
        "General And Administrative Expense": 150117000.0,
        "Salaries And Wages": 150117000.0,
        "Total Revenue": 317395000.0,
        "Operating Revenue": 317395000.0,
        "Occupancy And Equipment": 41036000.0,
        "Other Non Interest Expense": 41750000.0
    },
    "2024-09-30": {
        "Tax Effect Of Unusual Items": 349030.0,
        "Tax Rate For Calcs": 0.19,
        "Total Unusual Items": 1837000.0,
        "Total Unusual Items Excluding Goodwill": 1837000.0,
        "Net Income From Continuing Operation Net Minority Interest": 146691000.0,
        "Reconciled Depreciation": 25076000.0,
        "Net Interest Income": 351504000.0,
        "Interest Expense": 343361000.0,
        "Interest Income": 694865000.0,
        "Normalized Income": 145203030.0,
        "Net Income From Continuing And Discontinued Operation": 146691000.0,
        "Diluted Average Shares": 76765586.0,
        "Basic Average Shares": 76520599.0,
        "Diluted EPS": 1.86,
        "Basic EPS": 1.87,
        "Diluted NI Availto Com Stockholders": 142893000.0,
        "Net Income Common Stockholders": 142893000.0,
        "Preferred Stock Dividends": 3798000.0,
        "Net Income": 146691000.0,
        "Net Income Including Noncontrolling Interests": 146691000.0,
        "Net Income Continuous Operations": 146691000.0,
        "Tax Provision": 34455000.0,
        "Pretax Income": 181146000.0,
        "Special Income Charges": 1837000.0,
        "Other Special Charges": -1837000.0,
        "Gain On Sale Of Security": 6226000.0,
        "Depreciation Amortization Depletion Income Statement": 1558000.0,
        "Depreciation And Amortization In Income Statement": 1558000.0,
        "Amortization": 1558000.0,
        "Amortization Of Intangibles Income Statement": 1558000.0,
        "Selling General And Administration": 165833000.0,
        "Selling And Marketing Expense": 5599000.0,
        "General And Administrative Expense": 160234000.0,
        "Salaries And Wages": 160234000.0,
        "Total Revenue": 414103000.0,
        "Operating Revenue": 414103000.0,
        "Occupancy And Equipment": 42564000.0,
        "Other Non Interest Expense": 14937000.0
    }
}