{
    "2023-03-31": {
        "Tax Effect Of Unusual Items": 899358.485718,
        "Tax Rate For Calcs": 0.139609,
        "Normalized EBITDA": 191662000.0,
        "Total Unusual Items": 6442000.0,
        "Total Unusual Items Excluding Goodwill": 6442000.0,
        "Net Income From Continuing Operation Net Minority Interest": 55146000.0,
        "Reconciled Depreciation": 87128000.0,
        "Reconciled Cost Of Revenue": 254990000.0,
        "EBITDA": 198104000.0,
        "EBIT": 110976000.0,
        "Net Interest Income": -36080000.0,
        "Interest Expense": 40923000.0,
        "Interest Income": 4843000.0,
        "Normalized Income": 49603358.485718,
        "Net Income From Continuing And Discontinued Operation": 55146000.0,
        "Total Expenses": 444986000.0,
        "Total Operating Income As Reported": 99091000.0,
        "Diluted Average Shares": 86141000.0,
        "Basic Average Shares": 86101000.0,
        "Diluted EPS": 0.64,
        "Basic EPS": 0.64,
        "Diluted NI Availto Com Stockholders": 55014000.0,
        "Net Income Common Stockholders": 55014000.0,
        "Preferred Stock Dividends": 132000.0,
        "Net Income": 55146000.0,
        "Minority Interests": -5127000.0,
        "Net Income Including Noncontrolling Interests": 60273000.0,
        "Net Income Continuous Operations": 60273000.0,
        "Tax Provision": 9780000.0,
        "Pretax Income": 70053000.0,
        "Other Income Expense": 7042000.0,
        "Other Non Operating Income Expenses": 600000.0,
        "Special Income Charges": 0.0,
        "Other Special Charges": NaN,
        "Restructuring And Mergern Acquisition": NaN,
        "Gain On Sale Of Security": 6442000.0,
        "Net Non Operating Interest Income Expense": -36080000.0,
        "Interest Expense Non Operating": 40923000.0,
        "Interest Income Non Operating": 4843000.0,
        "Operating Income": 99091000.0,
        "Operating Expense": 180942000.0,
        "Other Operating Expenses": 22196000.0,
        "Other Taxes": 25562000.0,
        "Depreciation Amortization Depletion Income Statement": 78074000.0,
        "Depreciation And Amortization In Income Statement": 78074000.0,
        "Selling General And Administration": 77306000.0,
        "Selling And Marketing Expense": 22196000.0,
        "General And Administrative Expense": 55110000.0,
        "Other Gand A": 55110000.0,
        "Gross Profit": 280033000.0,
        "Cost Of Revenue": 264044000.0,
        "Total Revenue": 544077000.0,
        "Operating Revenue": 544077000.0
    },
    "2022-12-31": {
        "Tax Effect Of Unusual Items": NaN,
        "Tax Rate For Calcs": NaN,
        "Normalized EBITDA": NaN,
        "Total Unusual Items": NaN,
        "Total Unusual Items Excluding Goodwill": NaN,
        "Net Income From Continuing Operation Net Minority Interest": NaN,
        "Reconciled Depreciation": NaN,
        "Reconciled Cost Of Revenue": NaN,
        "EBITDA": NaN,
        "EBIT": NaN,
        "Net Interest Income": NaN,
        "Interest Expense": NaN,
        "Interest Income": NaN,
        "Normalized Income": NaN,
        "Net Income From Continuing And Discontinued Operation": NaN,
        "Total Expenses": NaN,
        "Total Operating Income As Reported": NaN,
        "Diluted Average Shares": NaN,
        "Basic Average Shares": NaN,
        "Diluted EPS": NaN,
        "Basic EPS": NaN,
        "Diluted NI Availto Com Stockholders": NaN,
        "Net Income Common Stockholders": NaN,
        "Preferred Stock Dividends": NaN,
        "Net Income": NaN,
        "Minority Interests": NaN,
        "Net Income Including Noncontrolling Interests": NaN,
        "Net Income Continuous Operations": NaN,
        "Tax Provision": NaN,
        "Pretax Income": NaN,
        "Other Income Expense": NaN,
        "Other Non Operating Income Expenses": NaN,
        "Special Income Charges": NaN,
        "Other Special Charges": NaN,
        "Restructuring And Mergern Acquisition": 0.0,
        "Gain On Sale Of Security": NaN,
        "Net Non Operating Interest Income Expense": NaN,
        "Interest Expense Non Operating": NaN,
        "Interest Income Non Operating": NaN,
        "Operating Income": NaN,
        "Operating Expense": NaN,
        "Other Operating Expenses": 33524000.0,
        "Other Taxes": NaN,
        "Depreciation Amortization Depletion Income Statement": NaN,
        "Depreciation And Amortization In Income Statement": NaN,
        "Selling General And Administration": NaN,
        "Selling And Marketing Expense": NaN,
        "General And Administrative Expense": NaN,
        "Other Gand A": NaN,
        "Gross Profit": NaN,
        "Cost Of Revenue": NaN,
        "Total Revenue": NaN,
        "Operating Revenue": NaN
    },
    "2022-09-30": {
        "Tax Effect Of Unusual Items": NaN,
        "Tax Rate For Calcs": NaN,
        "Normalized EBITDA": NaN,
        "Total Unusual Items": NaN,
        "Total Unusual Items Excluding Goodwill": NaN,
        "Net Income From Continuing Operation Net Minority Interest": NaN,
        "Reconciled Depreciation": NaN,
        "Reconciled Cost Of Revenue": NaN,
        "EBITDA": NaN,
        "EBIT": NaN,
        "Net Interest Income": NaN,
        "Interest Expense": NaN,
        "Interest Income": NaN,
        "Normalized Income": NaN,
        "Net Income From Continuing And Discontinued Operation": NaN,
        "Total Expenses": NaN,
        "Total Operating Income As Reported": NaN,
        "Diluted Average Shares": 86136000.0,
        "Basic Average Shares": 86101000.0,
        "Diluted EPS": 1.42,
        "Basic EPS": 1.42,
        "Diluted NI Availto Com Stockholders": NaN,
        "Net Income Common Stockholders": NaN,
        "Preferred Stock Dividends": NaN,
        "Net Income": NaN,
        "Minority Interests": NaN,
        "Net Income Including Noncontrolling Interests": NaN,
        "Net Income Continuous Operations": NaN,
        "Tax Provision": NaN,
        "Pretax Income": NaN,
        "Other Income Expense": NaN,
        "Other Non Operating Income Expenses": NaN,
        "Special Income Charges": NaN,
        "Other Special Charges": NaN,
        "Restructuring And Mergern Acquisition": -567000.0,
        "Gain On Sale Of Security": NaN,
        "Net Non Operating Interest Income Expense": NaN,
        "Interest Expense Non Operating": NaN,
        "Interest Income Non Operating": NaN,
        "Operating Income": NaN,
        "Operating Expense": NaN,
        "Other Operating Expenses": NaN,
        "Other Taxes": NaN,
        "Depreciation Amortization Depletion Income Statement": NaN,
        "Depreciation And Amortization In Income Statement": NaN,
        "Selling General And Administration": NaN,
        "Selling And Marketing Expense": NaN,
        "General And Administrative Expense": NaN,
        "Other Gand A": NaN,
        "Gross Profit": NaN,
        "Cost Of Revenue": NaN,
        "Total Revenue": NaN,
        "Operating Revenue": NaN
    },
    "2022-06-30": {
        "Tax Effect Of Unusual Items": -2337351.535836,
        "Tax Rate For Calcs": 0.054113,
        "Normalized EBITDA": 177898000.0,
        "Total Unusual Items": -43194000.0,
        "Total Unusual Items Excluding Goodwill": -43194000.0,
        "Net Income From Continuing Operation Net Minority Interest": 15493000.0,
        "Reconciled Depreciation": 85270000.0,
        "Reconciled Cost Of Revenue": 229594000.0,
        "EBITDA": 134704000.0,
        "EBIT": 49434000.0,
        "Net Interest Income": -25890000.0,
        "Interest Expense": 29217000.0,
        "Interest Income": 3327000.0,
        "Normalized Income": 56349648.464164,
        "Net Income From Continuing And Discontinued Operation": 15493000.0,
        "Total Expenses": 411939000.0,
        "Total Operating Income As Reported": 86392000.0,
        "Diluted Average Shares": 86226000.0,
        "Basic Average Shares": 86186000.0,
        "Diluted EPS": 0.18,
        "Basic EPS": 0.18,
        "Diluted NI Availto Com Stockholders": 15361000.0,
        "Net Income Common Stockholders": 15361000.0,
        "Preferred Stock Dividends": 132000.0,
        "Net Income": 15493000.0,
        "Minority Interests": -3630000.0,
        "Net Income Including Noncontrolling Interests": 19123000.0,
        "Net Income Continuous Operations": 19123000.0,
        "Tax Provision": 1094000.0,
        "Pretax Income": 20217000.0,
        "Other Income Expense": -41684000.0,
        "Other Non Operating Income Expenses": 1510000.0,
        "Special Income Charges": -1399000.0,
        "Restructuring And Mergern Acquisition": 1399000.0,
        "Gain On Sale Of Security": -41795000.0,
        "Net Non Operating Interest Income Expense": -25890000.0,
        "Interest Expense Non Operating": 29217000.0,
        "Interest Income Non Operating": 3327000.0,
        "Operating Income": 87791000.0,
        "Operating Expense": 173844000.0,
        "Other Operating Expenses": NaN,
        "Other Taxes": 24577000.0,
        "Depreciation Amortization Depletion Income Statement": 76769000.0,
        "Depreciation And Amortization In Income Statement": 76769000.0,
        "Selling General And Administration": 72498000.0,
        "Selling And Marketing Expense": 21156000.0,
        "General And Administrative Expense": 72498000.0,
        "Other Gand A": 72498000.0,
        "Gross Profit": 261635000.0,
        "Cost Of Revenue": 238095000.0,
        "Total Revenue": 499730000.0,
        "Operating Revenue": 499730000.0
    },
    "2022-03-31": {
        "Diluted EPS": 0.19,
        "Total Revenue": 444,
        "Gross Profit": 242,
        "Operating Income": 68,
        "EBIT": 153,
        "Net Income": 16
    },
    "2021-12-31": {
        "Diluted EPS": 0.13,
        "Total Revenue": 434,
        "Gross Profit": 219,
        "Operating Income": 39,
        "EBIT": 120,
        "Net Income": 11
    },
    "2021-09-30": {
        "Diluted EPS": 1.32,
        "Total Revenue": 555,
        "Gross Profit": 323,
        "Operating Income": 152,
        "EBIT": 232,
        "Net Income": 113
    },
    "2021-06-30": {
        "Diluted EPS": 0.62,
        "Total Revenue": 427,
        "Gross Profit": 236,
        "Operating Income": 74,
        "EBIT": 154,
        "Net Income": 54
    },
    "2021-03-31": {
        "Diluted EPS": 0.2,
        "Total Revenue": 365,
        "Gross Profit": 212,
        "Operating Income": 43,
        "EBIT": 122,
        "Net Income": 18
    },
    "2020-12-31": {
        "Diluted EPS": 0.1,
        "Total Revenue": 359,
        "Gross Profit": 199,
        "Operating Income": 19,
        "EBIT": 100,
        "Net Income": 9
    },
    "2020-09-30": {
        "Diluted EPS": 1.52,
        "Total Revenue": 472,
        "Gross Profit": 307,
        "Operating Income": 148,
        "EBIT": 226,
        "Net Income": 122
    },
    "2020-06-30": {
        "Diluted EPS": 0.72,
        "Total Revenue": 358,
        "Gross Profit": 230,
        "Operating Income": 71,
        "EBIT": 149,
        "Net Income": 57
    },
    "2020-03-31": {
        "Diluted EPS": -0.19,
        "Total Revenue": 334,
        "Gross Profit": 201,
        "Operating Income": 48,
        "EBIT": 125,
        "Net Income": -15
    },
    "2019-12-31": {
        "Diluted EPS": 0.41,
        "Total Revenue": 344,
        "Gross Profit": 212,
        "Operating Income": 61,
        "EBIT": 27,
        "Net Income": 32
    },
    "2019-09-30": {
        "Diluted EPS": 1.28,
        "Total Revenue": 434,
        "Gross Profit": 294,
        "Operating Income": 141,
        "EBIT": 218,
        "Net Income": 103
    },
    "2019-06-30": {
        "Diluted EPS": -0.95,
        "Total Revenue": 330,
        "Gross Profit": 204,
        "Operating Income": -94,
        "EBIT": -19,
        "Net Income": -76
    },
    "2019-03-31": {
        "Diluted EPS": 0.23,
        "Total Revenue": 350,
        "Gross Profit": 193,
        "Operating Income": 37,
        "EBIT": 111,
        "Net Income": 19
    },
    "2018-12-31": {
        "Diluted EPS": -0.69,
        "Total Revenue": 344,
        "Gross Profit": 197,
        "Operating Income": -17,
        "EBIT": 51,
        "Net Income": -55
    },
    "2018-09-30": {
        "Diluted EPS": 1.09,
        "Total Revenue": 423,
        "Gross Profit": 278,
        "Operating Income": 128,
        "EBIT": 198,
        "Net Income": 88
    },
    "2018-06-30": {
        "Diluted EPS": 0.48,
        "Total Revenue": 352,
        "Gross Profit": 223,
        "Operating Income": 79,
        "EBIT": 149,
        "Net Income": 38
    },
    "2018-03-31": {
        "Diluted EPS": 0.19,
        "Total Revenue": 318,
        "Gross Profit": 190,
        "Operating Income": 46,
        "EBIT": 114,
        "Net Income": 15
    },
    "2017-12-31": {
        "Diluted EPS": -0.68,
        "Total Revenue": 333,
        "Gross Profit": 197,
        "Operating Income": 25,
        "EBIT": 93,
        "Net Income": -54
    },
    "2017-09-30": {
        "Diluted EPS": 0.92,
        "Total Revenue": 420,
        "Gross Profit": 284,
        "Operating Income": 145,
        "EBIT": 213,
        "Net Income": 74
    },
    "2017-06-30": {
        "Diluted EPS": 0.47,
        "Total Revenue": 362,
        "Gross Profit": 224,
        "Operating Income": 87,
        "EBIT": 153,
        "Net Income": 38
    },
    "2017-03-31": {
        "Diluted EPS": 0.29,
        "Total Revenue": 330,
        "Gross Profit": 196,
        "Operating Income": 58,
        "EBIT": 124,
        "Net Income": 23
    },
    "2016-12-31": {
        "Diluted EPS": 0.31,
        "Total Revenue": 336,
        "Gross Profit": 204,
        "Operating Income": 70,
        "EBIT": 134,
        "Net Income": 25
    },
    "2016-09-30": {
        "Diluted EPS": 0.68,
        "Total Revenue": 400,
        "Gross Profit": 260,
        "Operating Income": 108,
        "EBIT": 169,
        "Net Income": 54
    },
    "2016-06-30": {
        "Diluted EPS": 0.34,
        "Total Revenue": 315,
        "Gross Profit": 196,
        "Operating Income": 65,
        "EBIT": 123,
        "Net Income": 27
    },
    "2016-03-31": {
        "Diluted EPS": 0.13,
        "Total Revenue": 311,
        "Gross Profit": 176,
        "Operating Income": 42,
        "EBIT": 100,
        "Net Income": 11
    },
    "2015-12-31": {
        "Diluted EPS": -1.14,
        "Total Revenue": 336,
        "Gross Profit": 178,
        "Operating Income": -119,
        "EBIT": -62,
        "Net Income": -91
    },
    "2015-09-30": {
        "Diluted EPS": 0.76,
        "Total Revenue": 417,
        "Gross Profit": 251,
        "Operating Income": 122,
        "EBIT": 178,
        "Net Income": 61
    },
    "2015-06-30": {
        "Diluted EPS": 0.4,
        "Total Revenue": 353,
        "Gross Profit": 194,
        "Operating Income": 72,
        "EBIT": 126,
        "Net Income": 32
    },
    "2015-03-31": {
        "Diluted EPS": 0.18,
        "Total Revenue": 333,
        "Gross Profit": 175,
        "Operating Income": 50,
        "EBIT": 105,
        "Net Income": 14
    },
    "2014-12-31": {
        "Diluted EPS": 0.24,
        "Total Revenue": 347,
        "Gross Profit": 181,
        "Operating Income": 63,
        "EBIT": 115,
        "Net Income": 19
    },
    "2014-09-30": {
        "Diluted EPS": 0.69,
        "Total Revenue": 414,
        "Gross Profit": 238,
        "Operating Income": 117,
        "EBIT": 171,
        "Net Income": 56
    },
    "2014-06-30": {
        "Diluted EPS": 0.36,
        "Total Revenue": 346,
        "Gross Profit": 191,
        "Operating Income": 71,
        "EBIT": 123,
        "Net Income": 29
    },
    "2014-03-31": {
        "Diluted EPS": 0.16,
        "Total Revenue": 329,
        "Gross Profit": 169,
        "Operating Income": 49,
        "EBIT": 101,
        "Net Income": 12
    },
    "2013-12-31": {
        "Diluted EPS": 0.1,
        "Total Revenue": 323,
        "Gross Profit": 171,
        "Operating Income": 41,
        "EBIT": 91,
        "Net Income": 8
    },
    "2013-09-30": {
        "Diluted EPS": 0.68,
        "Total Revenue": 400,
        "Gross Profit": 244,
        "Operating Income": 118,
        "EBIT": 172,
        "Net Income": 55
    },
    "2013-06-30": {
        "Diluted EPS": 0.34,
        "Total Revenue": 348,
        "Gross Profit": 195,
        "Operating Income": 78,
        "EBIT": 130,
        "Net Income": 28
    },
    "2013-03-31": {
        "Diluted EPS": 0.13,
        "Total Revenue": 318,
        "Gross Profit": 169,
        "Operating Income": 51,
        "EBIT": 103,
        "Net Income": 11
    },
    "2012-12-31": {
        "Diluted EPS": 0.11,
        "Total Revenue": 323,
        "Gross Profit": 166,
        "Operating Income": 37,
        "EBIT": 89,
        "Net Income": 9
    },
    "2012-09-30": {
        "Diluted EPS": 0.72,
        "Total Revenue": 390,
        "Gross Profit": 239,
        "Operating Income": 118,
        "EBIT": 172,
        "Net Income": 58
    },
    "2012-06-30": {
        "Diluted EPS": 0.27,
        "Total Revenue": 324,
        "Gross Profit": 183,
        "Operating Income": 65,
        "EBIT": 116,
        "Net Income": 22
    },
    "2012-03-31": {
        "Diluted EPS": 0.21,
        "Total Revenue": 305,
        "Gross Profit": 168,
        "Operating Income": 54,
        "EBIT": 103,
        "Net Income": 17
    },
    "2011-12-31": {
        "Diluted EPS": 1.26,
        "Total Revenue": 348,
        "Gross Profit": 192,
        "Operating Income": 64,
        "EBIT": 107,
        "Net Income": 112
    },
    "2011-09-30": {
        "Diluted EPS": 0.48,
        "Total Revenue": 549,
        "Gross Profit": 259,
        "Operating Income": 108,
        "EBIT": 163,
        "Net Income": 44
    },
    "2011-06-30": {
        "Diluted EPS": 0.04,
        "Total Revenue": 416,
        "Gross Profit": 195,
        "Operating Income": 33,
        "EBIT": 82,
        "Net Income": 4
    },
    "2011-03-31": {
        "Diluted EPS": 0.18,
        "Total Revenue": 388,
        "Gross Profit": 181,
        "Operating Income": 52,
        "EBIT": 101,
        "Net Income": 17
    },
    "2010-12-31": {
        "Diluted EPS": -1.18,
        "Total Revenue": 381,
        "Gross Profit": 189,
        "Operating Income": 50,
        "EBIT": 83,
        "Net Income": -108
    },
    "2010-09-30": {
        "Diluted EPS": 0.53,
        "Total Revenue": 504,
        "Gross Profit": 246,
        "Operating Income": 105,
        "EBIT": 139,
        "Net Income": 49
    },
    "2010-06-30": {
        "Diluted EPS": 0.25,
        "Total Revenue": 406,
        "Gross Profit": 203,
        "Operating Income": 74,
        "EBIT": 104,
        "Net Income": 23
    },
    "2010-03-31": {
        "Diluted EPS": -0.09,
        "Total Revenue": 383,
        "Gross Profit": 139,
        "Operating Income": 11,
        "EBIT": 41,
        "Net Income": -8
    },
    "2009-12-31": {
        "Diluted EPS": -0.2,
        "Total Revenue": 383,
        "Gross Profit": 172,
        "Operating Income": 36,
        "EBIT": 120,
        "Net Income": -17
    },
    "2009-09-30": {
        "Diluted EPS": 0.6,
        "Total Revenue": 478,
        "Gross Profit": 238,
        "Operating Income": 102,
        "EBIT": 134,
        "Net Income": 54
    },
    "2009-06-30": {
        "Diluted EPS": -0.02,
        "Total Revenue": 401,
        "Gross Profit": 179,
        "Operating Income": 25,
        "EBIT": 39,
        "Net Income": -2
    },
    "2009-03-31": {
        "Diluted EPS": 0.98,
        "Total Revenue": 386,
        "Gross Profit": 156,
        "Operating Income": 30,
        "EBIT": 72,
        "Net Income": 90
    },
    "2023-06-30": {
        "Tax Effect Of Unusual Items": 6565.843336,
        "Tax Rate For Calcs": 0.142736,
        "Normalized EBITDA": 190228000.0,
        "Total Unusual Items": 46000.0,
        "Total Unusual Items Excluding Goodwill": 46000.0,
        "Net Income From Continuing Operation Net Minority Interest": 45436000.0,
        "Reconciled Depreciation": 86723000.0,
        "Reconciled Cost Of Revenue": 190467000.0,
        "EBITDA": 190274000.0,
        "EBIT": 103551000.0,
        "Net Interest Income": -40540000.0,
        "Interest Expense": 45899000.0,
        "Interest Income": 5359000.0,
        "Normalized Income": 45396565.843336,
        "Net Income From Continuing And Discontinued Operation": 45436000.0,
        "Total Expenses": 381095000.0,
        "Total Operating Income As Reported": 92330000.0,
        "Diluted Average Shares": 86129000.0,
        "Basic Average Shares": 86085000.0,
        "Diluted EPS": 0.53,
        "Basic EPS": 0.53,
        "Diluted NI Availto Com Stockholders": 45304000.0,
        "Net Income Common Stockholders": 45304000.0,
        "Preferred Stock Dividends": 132000.0,
        "Net Income": 45436000.0,
        "Minority Interests": -3987000.0,
        "Net Income Including Noncontrolling Interests": 49423000.0,
        "Net Income Continuous Operations": 49423000.0,
        "Tax Provision": 8229000.0,
        "Pretax Income": 57652000.0,
        "Other Income Expense": 2131000.0,
        "Other Non Operating Income Expenses": 2085000.0,
        "Special Income Charges": -3731000.0,
        "Other Special Charges": NaN,
        "Restructuring And Mergern Acquisition": 3731000.0,
        "Gain On Sale Of Security": 3777000.0,
        "Net Non Operating Interest Income Expense": -40540000.0,
        "Interest Expense Non Operating": 45899000.0,
        "Interest Income Non Operating": 5359000.0,
        "Operating Income": 96061000.0,
        "Operating Expense": 183044000.0,
        "Other Operating Expenses": 25465000.0,
        "Other Taxes": 24401000.0,
        "Depreciation Amortization Depletion Income Statement": 79139000.0,
        "Depreciation And Amortization In Income Statement": 79139000.0,
        "Selling General And Administration": 54039000.0,
        "Selling And Marketing Expense": NaN,
        "General And Administrative Expense": 54039000.0,
        "Other Gand A": 54039000.0,
        "Gross Profit": 279105000.0,
        "Cost Of Revenue": 198051000.0,
        "Total Revenue": 477156000.0,
        "Operating Revenue": 477156000.0
    },
    "2023-09-30": {
        "Tax Effect Of Unusual Items": -2250990.0,
        "Tax Rate For Calcs": 0.21,
        "Normalized EBITDA": 186912000.0,
        "Total Unusual Items": -10719000.0,
        "Total Unusual Items Excluding Goodwill": -10719000.0,
        "Net Income From Continuing Operation Net Minority Interest": 37858000.0,
        "Reconciled Depreciation": 88706000.0,
        "Reconciled Cost Of Revenue": 222187000.0,
        "EBITDA": 176193000.0,
        "EBIT": 87487000.0,
        "Net Interest Income": -44472000.0,
        "Interest Expense": 49838000.0,
        "Interest Income": 5366000.0,
        "Normalized Income": 46326010.0,
        "Net Income From Continuing And Discontinued Operation": 37858000.0,
        "Total Expenses": 416884000.0,
        "Total Operating Income As Reported": 86652000.0,
        "Diluted Average Shares": 86129000.0,
        "Basic Average Shares": 86089000.0,
        "Diluted EPS": 0.44,
        "Basic EPS": 0.44,
        "Diluted NI Availto Com Stockholders": 37726000.0,
        "Net Income Common Stockholders": 37726000.0,
        "Preferred Stock Dividends": 132000.0,
        "Net Income": 37858000.0,
        "Minority Interests": -5058000.0,
        "Net Income Including Noncontrolling Interests": 42916000.0,
        "Net Income Continuous Operations": 42916000.0,
        "Tax Provision": -5267000.0,
        "Pretax Income": 37649000.0,
        "Other Income Expense": -6846000.0,
        "Other Non Operating Income Expenses": 3873000.0,
        "Special Income Charges": -2315000.0,
        "Other Special Charges": NaN,
        "Restructuring And Mergern Acquisition": 2315000.0,
        "Gain On Sale Of Security": -8404000.0,
        "Net Non Operating Interest Income Expense": -44472000.0,
        "Interest Expense Non Operating": 49838000.0,
        "Interest Income Non Operating": 5366000.0,
        "Operating Income": 88967000.0,
        "Operating Expense": 186183000.0,
        "Other Operating Expenses": 25078000.0,
        "Other Taxes": 22432000.0,
        "Depreciation Amortization Depletion Income Statement": 80192000.0,
        "Depreciation And Amortization In Income Statement": 80192000.0,
        "Selling General And Administration": 58481000.0,
        "Selling And Marketing Expense": NaN,
        "General And Administrative Expense": 58481000.0,
        "Other Gand A": 58481000.0,
        "Gross Profit": 275150000.0,
        "Cost Of Revenue": 230701000.0,
        "Total Revenue": 505851000.0,
        "Operating Revenue": 505851000.0
    },
    "2023-12-31": {
        "Tax Effect Of Unusual Items": -18835578.969877,
        "Tax Rate For Calcs": 0.388795,
        "Normalized EBITDA": 118450000.0,
        "Total Unusual Items": -48446000.0,
        "Total Unusual Items Excluding Goodwill": -48446000.0,
        "Net Income From Continuing Operation Net Minority Interest": -50095000.0,
        "Reconciled Depreciation": 91135000.0,
        "Reconciled Cost Of Revenue": 192038000.0,
        "EBITDA": 70004000.0,
        "EBIT": -21131000.0,
        "Net Interest Income": -47300000.0,
        "Interest Expense": 53695000.0,
        "Interest Income": 6395000.0,
        "Normalized Income": -20484578.969877,
        "Net Income From Continuing And Discontinued Operation": -50095000.0,
        "Total Expenses": 392970000.0,
        "Total Operating Income As Reported": -46733000.0,
        "Diluted Average Shares": NaN,
        "Basic Average Shares": NaN,
        "Diluted EPS": NaN,
        "Basic EPS": NaN,
        "Diluted NI Availto Com Stockholders": -50227000.0,
        "Net Income Common Stockholders": -50227000.0,
        "Preferred Stock Dividends": 132000.0,
        "Net Income": -50095000.0,
        "Minority Interests": -4361000.0,
        "Net Income Including Noncontrolling Interests": -45734000.0,
        "Net Income Continuous Operations": -45734000.0,
        "Tax Provision": -29092000.0,
        "Pretax Income": -74826000.0,
        "Other Income Expense": -46670000.0,
        "Other Non Operating Income Expenses": 1776000.0,
        "Special Income Charges": -65877000.0,
        "Other Special Charges": NaN,
        "Restructuring And Mergern Acquisition": 65877000.0,
        "Gain On Sale Of Security": 17431000.0,
        "Net Non Operating Interest Income Expense": -47300000.0,
        "Interest Expense Non Operating": 53695000.0,
        "Interest Income Non Operating": 6395000.0,
        "Operating Income": 19144000.0,
        "Operating Expense": 191895000.0,
        "Other Operating Expenses": 25982000.0,
        "Other Taxes": 23545000.0,
        "Depreciation Amortization Depletion Income Statement": 82098000.0,
        "Depreciation And Amortization In Income Statement": 82098000.0,
        "Selling General And Administration": 60270000.0,
        "Selling And Marketing Expense": NaN,
        "General And Administrative Expense": 60270000.0,
        "Other Gand A": 60270000.0,
        "Gross Profit": 211039000.0,
        "Cost Of Revenue": 201075000.0,
        "Total Revenue": 412114000.0,
        "Operating Revenue": 412114000.0
    },
    "2024-03-31": {
        "Tax Effect Of Unusual Items": 5415600.0,
        "Tax Rate For Calcs": 0.4,
        "Normalized EBITDA": 181022000.0,
        "Total Unusual Items": 13539000.0,
        "Total Unusual Items Excluding Goodwill": 13539000.0,
        "Net Income From Continuing Operation Net Minority Interest": 47322000.0,
        "Reconciled Depreciation": 103004000.0,
        "Reconciled Cost Of Revenue": 144699000.0,
        "EBITDA": 194561000.0,
        "EBIT": 91557000.0,
        "Net Interest Income": -49182000.0,
        "Interest Expense": 53762000.0,
        "Interest Income": 4580000.0,
        "Normalized Income": 39198600.0,
        "Net Income From Continuing And Discontinued Operation": 47322000.0,
        "Total Expenses": 351828000.0,
        "Total Operating Income As Reported": 80590000.0,
        "Diluted Average Shares": 90514000.0,
        "Basic Average Shares": 90483000.0,
        "Diluted EPS": 0.52,
        "Basic EPS": 0.52,
        "Diluted NI Availto Com Stockholders": 47190000.0,
        "Net Income Common Stockholders": 47190000.0,
        "Preferred Stock Dividends": 132000.0,
        "Net Income": 47322000.0,
        "Minority Interests": -3044000.0,
        "Net Income Including Noncontrolling Interests": 50366000.0,
        "Net Income Continuous Operations": 50366000.0,
        "Tax Provision": -12571000.0,
        "Pretax Income": 37795000.0,
        "Other Income Expense": 1928000.0,
        "Other Non Operating Income Expenses": -11611000.0,
        "Special Income Charges": -4459000.0,
        "Other Special Charges": 4459000.0,
        "Restructuring And Mergern Acquisition": NaN,
        "Gain On Sale Of Security": 17998000.0,
        "Net Non Operating Interest Income Expense": -49182000.0,
        "Interest Expense Non Operating": 53762000.0,
        "Interest Income Non Operating": 4580000.0,
        "Operating Income": 85049000.0,
        "Operating Expense": 197312000.0,
        "Other Operating Expenses": NaN,
        "Other Taxes": 25934000.0,
        "Depreciation Amortization Depletion Income Statement": 93187000.0,
        "Depreciation And Amortization In Income Statement": 93187000.0,
        "Selling General And Administration": 78191000.0,
        "Selling And Marketing Expense": 22764000.0,
        "General And Administrative Expense": 55427000.0,
        "Other Gand A": 55427000.0,
        "Gross Profit": 282361000.0,
        "Cost Of Revenue": 154516000.0,
        "Total Revenue": 436877000.0,
        "Operating Revenue": 436877000.0
    }
}