{
    "2023-03-31": {
        "Tax Effect Of Unusual Items": NaN,
        "Tax Rate For Calcs": NaN,
        "Normalized EBITDA": NaN,
        "Total Unusual Items": NaN,
        "Total Unusual Items Excluding Goodwill": NaN,
        "Net Income From Continuing Operation Net Minority Interest": NaN,
        "Reconciled Depreciation": NaN,
        "Reconciled Cost Of Revenue": NaN,
        "EBITDA": NaN,
        "EBIT": NaN,
        "Net Interest Income": NaN,
        "Interest Expense": NaN,
        "Interest Income": NaN,
        "Normalized Income": NaN,
        "Net Income From Continuing And Discontinued Operation": NaN,
        "Total Expenses": NaN,
        "Total Operating Income As Reported": 1853000.0,
        "Diluted Average Shares": 2647220.0,
        "Basic Average Shares": 1888895.0,
        "Diluted EPS": 0.53,
        "Basic EPS": 0.75,
        "Diluted NI Availto Com Stockholders": NaN,
        "Net Income Common Stockholders": NaN,
        "Net Income": NaN,
        "Net Income Including Noncontrolling Interests": NaN,
        "Net Income Continuous Operations": NaN,
        "Tax Provision": NaN,
        "Pretax Income": NaN,
        "Other Income Expense": NaN,
        "Special Income Charges": NaN,
        "Gain On Sale Of Ppe": NaN,
        "Gain On Sale Of Security": 414000.0,
        "Net Non Operating Interest Income Expense": NaN,
        "Interest Expense Non Operating": NaN,
        "Interest Income Non Operating": NaN,
        "Operating Income": NaN,
        "Operating Expense": NaN,
        "Other Operating Expenses": NaN,
        "Selling General And Administration": NaN,
        "General And Administrative Expense": NaN,
        "Other Gand A": NaN,
        "Gross Profit": NaN,
        "Cost Of Revenue": NaN,
        "Total Revenue": NaN,
        "Operating Revenue": NaN
    },
    "2022-12-31": {
        "Tax Effect Of Unusual Items": NaN,
        "Tax Rate For Calcs": NaN,
        "Normalized EBITDA": NaN,
        "Total Unusual Items": NaN,
        "Total Unusual Items Excluding Goodwill": NaN,
        "Net Income From Continuing Operation Net Minority Interest": NaN,
        "Reconciled Depreciation": NaN,
        "Reconciled Cost Of Revenue": NaN,
        "EBITDA": NaN,
        "EBIT": NaN,
        "Net Interest Income": NaN,
        "Interest Expense": NaN,
        "Interest Income": NaN,
        "Normalized Income": NaN,
        "Net Income From Continuing And Discontinued Operation": NaN,
        "Total Expenses": NaN,
        "Total Operating Income As Reported": 12405000.0,
        "Diluted Average Shares": NaN,
        "Basic Average Shares": NaN,
        "Diluted EPS": NaN,
        "Basic EPS": NaN,
        "Diluted NI Availto Com Stockholders": NaN,
        "Net Income Common Stockholders": NaN,
        "Net Income": NaN,
        "Minority Interests": 0.0,
        "Net Income Including Noncontrolling Interests": NaN,
        "Net Income Continuous Operations": NaN,
        "Tax Provision": NaN,
        "Pretax Income": NaN,
        "Other Income Expense": NaN,
        "Special Income Charges": NaN,
        "Gain On Sale Of Ppe": NaN,
        "Gain On Sale Of Security": NaN,
        "Net Non Operating Interest Income Expense": NaN,
        "Interest Expense Non Operating": NaN,
        "Interest Income Non Operating": NaN,
        "Operating Income": NaN,
        "Operating Expense": NaN,
        "Other Operating Expenses": NaN,
        "Selling General And Administration": NaN,
        "General And Administrative Expense": NaN,
        "Other Gand A": NaN,
        "Gross Profit": NaN,
        "Cost Of Revenue": NaN,
        "Total Revenue": NaN,
        "Operating Revenue": NaN
    },
    "2022-09-30": {
        "Tax Effect Of Unusual Items": NaN,
        "Tax Rate For Calcs": NaN,
        "Normalized EBITDA": NaN,
        "Total Unusual Items": NaN,
        "Total Unusual Items Excluding Goodwill": NaN,
        "Net Income From Continuing Operation Net Minority Interest": NaN,
        "Reconciled Depreciation": NaN,
        "Reconciled Cost Of Revenue": NaN,
        "EBITDA": NaN,
        "EBIT": NaN,
        "Net Interest Income": NaN,
        "Interest Expense": NaN,
        "Interest Income": NaN,
        "Normalized Income": NaN,
        "Net Income From Continuing And Discontinued Operation": NaN,
        "Total Expenses": NaN,
        "Total Operating Income As Reported": 18276000.0,
        "Diluted Average Shares": 2694906.0,
        "Basic Average Shares": 1937091.0,
        "Diluted EPS": 4.88,
        "Basic EPS": 6.79,
        "Diluted NI Availto Com Stockholders": NaN,
        "Net Income Common Stockholders": NaN,
        "Net Income": NaN,
        "Minority Interests": 0.0,
        "Net Income Including Noncontrolling Interests": NaN,
        "Net Income Continuous Operations": NaN,
        "Tax Provision": NaN,
        "Pretax Income": NaN,
        "Other Income Expense": NaN,
        "Special Income Charges": NaN,
        "Gain On Sale Of Ppe": NaN,
        "Gain On Sale Of Security": NaN,
        "Net Non Operating Interest Income Expense": NaN,
        "Interest Expense Non Operating": NaN,
        "Interest Income Non Operating": NaN,
        "Operating Income": NaN,
        "Operating Expense": NaN,
        "Other Operating Expenses": NaN,
        "Selling General And Administration": NaN,
        "General And Administrative Expense": NaN,
        "Other Gand A": NaN,
        "Gross Profit": NaN,
        "Cost Of Revenue": NaN,
        "Total Revenue": NaN,
        "Operating Revenue": NaN
    },
    "2022-06-30": {
        "Tax Effect Of Unusual Items": 191480.177452,
        "Tax Rate For Calcs": 0.226604,
        "Normalized EBITDA": 20527000.0,
        "Total Unusual Items": 845000.0,
        "Total Unusual Items Excluding Goodwill": 845000.0,
        "Net Income From Continuing Operation Net Minority Interest": 10983000.0,
        "Reconciled Depreciation": 7021000.0,
        "Reconciled Cost Of Revenue": 19774000.0,
        "EBITDA": 21372000.0,
        "EBIT": 14351000.0,
        "Net Interest Income": -150000.0,
        "Interest Expense": 150000.0,
        "Interest Income": NaN,
        "Normalized Income": 10329480.177452,
        "Net Income From Continuing And Discontinued Operation": 10983000.0,
        "Total Expenses": 22192000.0,
        "Total Operating Income As Reported": 14351000.0,
        "Diluted Average Shares": 2730164.0,
        "Basic Average Shares": 1972979.0,
        "Diluted EPS": 4.02,
        "Basic EPS": 5.57,
        "Diluted NI Availto Com Stockholders": 10983000.0,
        "Net Income Common Stockholders": 10983000.0,
        "Net Income": 10983000.0,
        "Minority Interests": 0.0,
        "Net Income Including Noncontrolling Interests": 10983000.0,
        "Net Income Continuous Operations": 10983000.0,
        "Tax Provision": 3218000.0,
        "Pretax Income": 14201000.0,
        "Other Income Expense": 845000.0,
        "Special Income Charges": 845000.0,
        "Gain On Sale Of Ppe": 845000.0,
        "Net Non Operating Interest Income Expense": -150000.0,
        "Interest Expense Non Operating": 150000.0,
        "Interest Income Non Operating": NaN,
        "Operating Income": 13506000.0,
        "Operating Expense": 2418000.0,
        "Other Operating Expenses": NaN,
        "Selling General And Administration": 2418000.0,
        "General And Administrative Expense": 2418000.0,
        "Other Gand A": 2418000.0,
        "Gross Profit": 15924000.0,
        "Cost Of Revenue": 19774000.0,
        "Total Revenue": 35698000.0,
        "Operating Revenue": 35698000.0
    },
    "2022-03-31": {
        "Diluted EPS": 4.07,
        "Total Revenue": 26,
        "Gross Profit": 26,
        "Operating Income": 15,
        "EBIT": 22,
        "Net Income": 11
    },
    "2021-12-31": {
        "Diluted EPS": 3.27,
        "Total Revenue": 30,
        "Gross Profit": 30,
        "Operating Income": 10,
        "EBIT": 17,
        "Net Income": 7
    },
    "2021-09-30": {
        "Diluted EPS": -0.58,
        "Total Revenue": 17,
        "Gross Profit": 17,
        "Operating Income": -1,
        "EBIT": 6,
        "Net Income": -1
    },
    "2021-06-30": {
        "Diluted EPS": -1.2,
        "Total Revenue": 12,
        "Gross Profit": 12,
        "Operating Income": -3,
        "EBIT": 4,
        "Net Income": -2
    },
    "2021-03-31": {
        "Diluted EPS": -0.73,
        "Total Revenue": 13,
        "Gross Profit": 13,
        "Operating Income": -1,
        "EBIT": 5,
        "Net Income": -1
    },
    "2020-12-31": {
        "Diluted EPS": -0.29,
        "Total Revenue": 13,
        "Gross Profit": 13,
        "Operating Income": 0,
        "EBIT": 4,
        "Net Income": -2
    },
    "2020-09-30": {
        "Diluted EPS": 2.36,
        "Total Revenue": 12,
        "Gross Profit": 12,
        "Operating Income": 9,
        "EBIT": 18,
        "Net Income": 7
    },
    "2020-06-30": {
        "Diluted EPS": -3.14,
        "Total Revenue": 7,
        "Gross Profit": 7,
        "Operating Income": -10,
        "EBIT": -3,
        "Net Income": -6
    },
    "2020-03-31": {
        "Diluted EPS": -0.09,
        "Total Revenue": 26,
        "Gross Profit": 26,
        "Operating Income": 0,
        "EBIT": 9,
        "Net Income": 0
    },
    "2019-12-31": {
        "Diluted EPS": -0.24,
        "Total Revenue": 21,
        "Gross Profit": 21,
        "Operating Income": -1,
        "EBIT": 8,
        "Net Income": -2
    },
    "2019-09-30": {
        "Diluted EPS": 0.91,
        "Total Revenue": 28,
        "Gross Profit": 28,
        "Operating Income": 4,
        "EBIT": 13,
        "Net Income": 3
    },
    "2019-06-30": {
        "Diluted EPS": 2.07,
        "Total Revenue": 32,
        "Gross Profit": 32,
        "Operating Income": 8,
        "EBIT": 18,
        "Net Income": 6
    },
    "2019-03-31": {
        "Diluted EPS": -1.49,
        "Total Revenue": 24,
        "Gross Profit": 24,
        "Operating Income": -3,
        "EBIT": 6,
        "Net Income": -3
    },
    "2018-12-31": {
        "Diluted EPS": 2.7,
        "Total Revenue": 38,
        "Gross Profit": 38,
        "Operating Income": 9,
        "EBIT": 23,
        "Net Income": 7
    },
    "2018-09-30": {
        "Diluted EPS": 1.54,
        "Total Revenue": 29,
        "Gross Profit": 29,
        "Operating Income": 7,
        "EBIT": 14,
        "Net Income": 4
    },
    "2018-06-30": {
        "Diluted EPS": -0.27,
        "Total Revenue": 22,
        "Gross Profit": 22,
        "Operating Income": 0,
        "EBIT": 8,
        "Net Income": -1
    },
    "2018-03-31": {
        "Diluted EPS": 1.14,
        "Total Revenue": 28,
        "Gross Profit": 28,
        "Operating Income": 5,
        "EBIT": 13,
        "Net Income": 3
    },
    "2017-12-31": {
        "Diluted EPS": 7.63,
        "Total Revenue": 30,
        "Gross Profit": 30,
        "Operating Income": 2,
        "EBIT": 14,
        "Net Income": 21
    },
    "2017-09-30": {
        "Diluted EPS": -0.92,
        "Total Revenue": 17,
        "Gross Profit": 17,
        "Operating Income": -3,
        "EBIT": 5,
        "Net Income": -2
    },
    "2017-06-30": {
        "Diluted EPS": 0.12,
        "Total Revenue": 22,
        "Gross Profit": 22,
        "Operating Income": 1,
        "EBIT": 9,
        "Net Income": 0
    },
    "2017-03-31": {
        "Diluted EPS": 7.35,
        "Total Revenue": 20,
        "Gross Profit": 20,
        "Operating Income": 42,
        "EBIT": 50,
        "Net Income": 22
    },
    "2016-12-31": {
        "Diluted EPS": -0.51,
        "Total Revenue": 13,
        "Gross Profit": 13,
        "Operating Income": -3,
        "EBIT": 9,
        "Net Income": -2
    },
    "2016-09-30": {
        "Diluted EPS": 1.62,
        "Total Revenue": 16,
        "Gross Profit": 16,
        "Operating Income": 8,
        "EBIT": 16,
        "Net Income": 5
    },
    "2016-06-30": {
        "Diluted EPS": 0.83,
        "Total Revenue": 14,
        "Gross Profit": 14,
        "Operating Income": 6,
        "EBIT": 13,
        "Net Income": 3
    },
    "2016-03-31": {
        "Diluted EPS": -0.81,
        "Total Revenue": 13,
        "Gross Profit": 13,
        "Operating Income": -1,
        "EBIT": 4,
        "Net Income": -2
    },
    "2015-12-31": {
        "Diluted EPS": -4.41,
        "Total Revenue": 15,
        "Gross Profit": 15,
        "Operating Income": -15,
        "EBIT": 0,
        "Net Income": -10
    },
    "2015-09-30": {
        "Diluted EPS": -0.28,
        "Total Revenue": 21,
        "Gross Profit": 21,
        "Operating Income": 0,
        "EBIT": 5,
        "Net Income": -1
    },
    "2015-06-30": {
        "Diluted EPS": -0.84,
        "Total Revenue": 20,
        "Gross Profit": 20,
        "Operating Income": -2,
        "EBIT": 4,
        "Net Income": -2
    },
    "2015-03-31": {
        "Diluted EPS": 0.0,
        "Total Revenue": 23,
        "Gross Profit": 23,
        "Operating Income": 1,
        "EBIT": 6,
        "Net Income": 0
    },
    "2014-12-31": {
        "Diluted EPS": 3.27,
        "Total Revenue": 44,
        "Gross Profit": 44,
        "Operating Income": 17,
        "EBIT": 26,
        "Net Income": 10
    },
    "2014-09-30": {
        "Diluted EPS": 3.47,
        "Total Revenue": 41,
        "Gross Profit": 41,
        "Operating Income": 18,
        "EBIT": 24,
        "Net Income": 11
    },
    "2014-06-30": {
        "Diluted EPS": 1.04,
        "Total Revenue": 29,
        "Gross Profit": 29,
        "Operating Income": 6,
        "EBIT": 12,
        "Net Income": 3
    },
    "2014-03-31": {
        "Diluted EPS": 0.9,
        "Total Revenue": 30,
        "Gross Profit": 30,
        "Operating Income": 6,
        "EBIT": 12,
        "Net Income": 3
    },
    "2013-12-31": {
        "Diluted EPS": 0.53,
        "Total Revenue": 31,
        "Gross Profit": 31,
        "Operating Income": 4,
        "EBIT": 9,
        "Net Income": 2
    },
    "2013-09-30": {
        "Diluted EPS": 0.71,
        "Total Revenue": 30,
        "Gross Profit": 30,
        "Operating Income": 5,
        "EBIT": 10,
        "Net Income": 2
    },
    "2013-06-30": {
        "Diluted EPS": 1.92,
        "Total Revenue": 37,
        "Gross Profit": 37,
        "Operating Income": 11,
        "EBIT": 17,
        "Net Income": 6
    },
    "2013-03-31": {
        "Diluted EPS": 0.7,
        "Total Revenue": 27,
        "Gross Profit": 27,
        "Operating Income": 5,
        "EBIT": 9,
        "Net Income": 2
    },
    "2012-12-31": {
        "Diluted EPS": 1.49,
        "Total Revenue": 31,
        "Gross Profit": 31,
        "Operating Income": 7,
        "EBIT": 11,
        "Net Income": 5
    },
    "2012-09-30": {
        "Diluted EPS": 0.4,
        "Total Revenue": 26,
        "Gross Profit": 26,
        "Operating Income": 3,
        "EBIT": 9,
        "Net Income": 1
    },
    "2012-06-30": {
        "Diluted EPS": 2.2,
        "Total Revenue": 37,
        "Gross Profit": 37,
        "Operating Income": 12,
        "EBIT": 19,
        "Net Income": 7
    },
    "2012-03-31": {
        "Diluted EPS": 0.39,
        "Total Revenue": 27,
        "Gross Profit": 27,
        "Operating Income": 3,
        "EBIT": 10,
        "Net Income": 1
    },
    "2011-12-31": {
        "Diluted EPS": 0.09,
        "Total Revenue": 27,
        "Gross Profit": 27,
        "Operating Income": -1,
        "EBIT": 7,
        "Net Income": 0
    },
    "2011-09-30": {
        "Diluted EPS": 1.23,
        "Total Revenue": 46,
        "Gross Profit": 46,
        "Operating Income": 7,
        "EBIT": 30,
        "Net Income": 4
    },
    "2011-06-30": {
        "Diluted EPS": 0.92,
        "Total Revenue": 36,
        "Gross Profit": 36,
        "Operating Income": 6,
        "EBIT": 18,
        "Net Income": 3
    },
    "2011-03-31": {
        "Diluted EPS": -0.86,
        "Total Revenue": 19,
        "Gross Profit": 19,
        "Operating Income": -2,
        "EBIT": 4,
        "Net Income": -2
    },
    "2010-12-31": {
        "Diluted EPS": -2.06,
        "Total Revenue": 29,
        "Gross Profit": 29,
        "Operating Income": -10,
        "EBIT": 11,
        "Net Income": -8
    },
    "2010-09-30": {
        "Diluted EPS": 0.22,
        "Total Revenue": 24,
        "Gross Profit": 24,
        "Operating Income": 3,
        "EBIT": 10,
        "Net Income": 1
    },
    "2010-06-30": {
        "Diluted EPS": 1.68,
        "Total Revenue": 33,
        "Gross Profit": 33,
        "Operating Income": 11,
        "EBIT": 18,
        "Net Income": 6
    },
    "2010-03-31": {
        "Diluted EPS": 0.91,
        "Total Revenue": 32,
        "Gross Profit": 32,
        "Operating Income": 8,
        "EBIT": 17,
        "Net Income": 3
    },
    "2009-12-31": {
        "Diluted EPS": -4.51,
        "Total Revenue": 21,
        "Gross Profit": 21,
        "Operating Income": -19,
        "EBIT": 5,
        "Net Income": -14
    },
    "2009-09-30": {
        "Diluted EPS": -0.76,
        "Total Revenue": 23,
        "Gross Profit": 23,
        "Operating Income": -1,
        "EBIT": 8,
        "Net Income": -2
    },
    "2009-06-30": {
        "Diluted EPS": -1.37,
        "Total Revenue": 23,
        "Gross Profit": 23,
        "Operating Income": -4,
        "EBIT": 6,
        "Net Income": -4
    },
    "2009-03-31": {
        "Diluted EPS": -1.15,
        "Total Revenue": 23,
        "Gross Profit": 23,
        "Operating Income": -4,
        "EBIT": 8,
        "Net Income": -3
    },
    "2023-06-30": {
        "Tax Effect Of Unusual Items": 1395070.622331,
        "Tax Rate For Calcs": 0.230476,
        "Normalized EBITDA": 14683000.0,
        "Total Unusual Items": 6053000.0,
        "Total Unusual Items Excluding Goodwill": 6053000.0,
        "Net Income From Continuing Operation Net Minority Interest": 10090000.0,
        "Reconciled Depreciation": 7511000.0,
        "Reconciled Cost Of Revenue": 20040000.0,
        "EBITDA": 20736000.0,
        "EBIT": 13225000.0,
        "Net Interest Income": -54000.0,
        "Interest Expense": 113000.0,
        "Interest Income": 59000.0,
        "Normalized Income": 5432070.622331,
        "Net Income From Continuing And Discontinued Operation": 10090000.0,
        "Total Expenses": 22494000.0,
        "Total Operating Income As Reported": 13166000.0,
        "Diluted Average Shares": 2643952.0,
        "Basic Average Shares": 1885684.0,
        "Diluted EPS": 3.82,
        "Basic EPS": 5.35,
        "Diluted NI Availto Com Stockholders": 10090000.0,
        "Net Income Common Stockholders": 10090000.0,
        "Net Income": 10090000.0,
        "Net Income Including Noncontrolling Interests": 10090000.0,
        "Net Income Continuous Operations": 10090000.0,
        "Tax Provision": 3022000.0,
        "Pretax Income": 13112000.0,
        "Other Income Expense": 6053000.0,
        "Special Income Charges": 6053000.0,
        "Gain On Sale Of Ppe": 6053000.0,
        "Gain On Sale Of Security": NaN,
        "Net Non Operating Interest Income Expense": -54000.0,
        "Interest Expense Non Operating": 113000.0,
        "Interest Income Non Operating": 59000.0,
        "Operating Income": 7113000.0,
        "Operating Expense": 2454000.0,
        "Other Operating Expenses": 184000.0,
        "Selling General And Administration": 2270000.0,
        "General And Administrative Expense": 2270000.0,
        "Other Gand A": 2270000.0,
        "Gross Profit": 9567000.0,
        "Cost Of Revenue": 20040000.0,
        "Total Revenue": 29607000.0,
        "Operating Revenue": 29607000.0
    },
    "2023-09-30": {
        "Tax Effect Of Unusual Items": 383464.307505,
        "Tax Rate For Calcs": 0.182428,
        "Normalized EBITDA": 20067000.0,
        "Total Unusual Items": 2102000.0,
        "Total Unusual Items Excluding Goodwill": 2102000.0,
        "Net Income From Continuing Operation Net Minority Interest": 10720000.0,
        "Reconciled Depreciation": 8924000.0,
        "Reconciled Cost Of Revenue": 21433000.0,
        "EBITDA": 22169000.0,
        "EBIT": 13245000.0,
        "Net Interest Income": -20000.0,
        "Interest Expense": 133000.0,
        "Interest Income": 113000.0,
        "Normalized Income": 9001464.307505,
        "Net Income From Continuing And Discontinued Operation": 10720000.0,
        "Total Expenses": 24330000.0,
        "Total Operating Income As Reported": 13132000.0,
        "Diluted Average Shares": 2593924.0,
        "Basic Average Shares": 1834709.0,
        "Diluted EPS": 4.13,
        "Basic EPS": 5.84,
        "Diluted NI Availto Com Stockholders": 10720000.0,
        "Net Income Common Stockholders": 10720000.0,
        "Net Income": 10720000.0,
        "Net Income Including Noncontrolling Interests": 10720000.0,
        "Net Income Continuous Operations": 10720000.0,
        "Tax Provision": 2392000.0,
        "Pretax Income": 13112000.0,
        "Other Income Expense": 2102000.0,
        "Special Income Charges": 2102000.0,
        "Gain On Sale Of Ppe": 2102000.0,
        "Gain On Sale Of Security": NaN,
        "Net Non Operating Interest Income Expense": -20000.0,
        "Interest Expense Non Operating": 133000.0,
        "Interest Income Non Operating": 113000.0,
        "Operating Income": 11030000.0,
        "Operating Expense": 2897000.0,
        "Other Operating Expenses": 183000.0,
        "Selling General And Administration": 2714000.0,
        "General And Administrative Expense": 2714000.0,
        "Other Gand A": 2714000.0,
        "Gross Profit": 13927000.0,
        "Cost Of Revenue": 21433000.0,
        "Total Revenue": 35360000.0,
        "Operating Revenue": 35360000.0
    },
    "2023-12-31": {
        "Tax Effect Of Unusual Items": 56407.532593,
        "Tax Rate For Calcs": 0.053114,
        "Normalized EBITDA": 13377000.0,
        "Total Unusual Items": 1062000.0,
        "Total Unusual Items Excluding Goodwill": 1062000.0,
        "Net Income From Continuing Operation Net Minority Interest": 5883000.0,
        "Reconciled Depreciation": 8119000.0,
        "Reconciled Cost Of Revenue": 22688000.0,
        "EBITDA": 14439000.0,
        "EBIT": 6320000.0,
        "Net Interest Income": 24000.0,
        "Interest Expense": 107000.0,
        "Interest Income": 131000.0,
        "Normalized Income": 4877407.532593,
        "Net Income From Continuing And Discontinued Operation": 5883000.0,
        "Total Expenses": 30381000.0,
        "Total Operating Income As Reported": NaN,
        "Diluted Average Shares": NaN,
        "Basic Average Shares": NaN,
        "Diluted EPS": NaN,
        "Basic EPS": NaN,
        "Diluted NI Availto Com Stockholders": 5883000.0,
        "Net Income Common Stockholders": 5883000.0,
        "Net Income": 5883000.0,
        "Net Income Including Noncontrolling Interests": 5883000.0,
        "Net Income Continuous Operations": 5883000.0,
        "Tax Provision": 330000.0,
        "Pretax Income": 6213000.0,
        "Other Income Expense": 1062000.0,
        "Special Income Charges": 648000.0,
        "Gain On Sale Of Ppe": 648000.0,
        "Gain On Sale Of Security": NaN,
        "Net Non Operating Interest Income Expense": 24000.0,
        "Interest Expense Non Operating": 107000.0,
        "Interest Income Non Operating": 131000.0,
        "Operating Income": 5127000.0,
        "Operating Expense": 7693000.0,
        "Other Operating Expenses": 134000.0,
        "Selling General And Administration": 7559000.0,
        "General And Administrative Expense": 7559000.0,
        "Other Gand A": 7559000.0,
        "Gross Profit": 12820000.0,
        "Cost Of Revenue": 22688000.0,
        "Total Revenue": 35508000.0,
        "Operating Revenue": 35546000.0
    },
    "2024-03-31": {
        "Tax Effect Of Unusual Items": 90869.692533,
        "Tax Rate For Calcs": 0.210835,
        "Normalized EBITDA": 24447000.0,
        "Total Unusual Items": 431000.0,
        "Total Unusual Items Excluding Goodwill": 431000.0,
        "Net Income From Continuing Operation Net Minority Interest": 11319000.0,
        "Reconciled Depreciation": 10320000.0,
        "Reconciled Cost Of Revenue": 25204000.0,
        "EBITDA": 24878000.0,
        "EBIT": 14558000.0,
        "Net Interest Income": -77000.0,
        "Interest Expense": 215000.0,
        "Interest Income": 138000.0,
        "Normalized Income": 10978869.692533,
        "Net Income From Continuing And Discontinued Operation": 11319000.0,
        "Total Expenses": 28432000.0,
        "Total Operating Income As Reported": NaN,
        "Diluted Average Shares": 2565951.0,
        "Basic Average Shares": 1806687.0,
        "Diluted EPS": 4.41,
        "Basic EPS": 6.27,
        "Diluted NI Availto Com Stockholders": 11319000.0,
        "Net Income Common Stockholders": 11319000.0,
        "Net Income": 11319000.0,
        "Net Income Including Noncontrolling Interests": 11319000.0,
        "Net Income Continuous Operations": 11319000.0,
        "Tax Provision": 3024000.0,
        "Pretax Income": 14343000.0,
        "Other Income Expense": 431000.0,
        "Special Income Charges": 431000.0,
        "Gain On Sale Of Ppe": 431000.0,
        "Gain On Sale Of Security": NaN,
        "Net Non Operating Interest Income Expense": -77000.0,
        "Interest Expense Non Operating": 215000.0,
        "Interest Income Non Operating": 138000.0,
        "Operating Income": 13989000.0,
        "Operating Expense": 3228000.0,
        "Other Operating Expenses": 171000.0,
        "Selling General And Administration": 3057000.0,
        "General And Administrative Expense": 3057000.0,
        "Other Gand A": 3057000.0,
        "Gross Profit": 17217000.0,
        "Cost Of Revenue": 25204000.0,
        "Total Revenue": 42421000.0,
        "Operating Revenue": 42421000.0
    },
    "2024-06-30": {
        "Tax Effect Of Unusual Items": 41066.464032,
        "Tax Rate For Calcs": 0.200324,
        "Normalized EBITDA": 42000000.0,
        "Total Unusual Items": 205000.0,
        "Total Unusual Items Excluding Goodwill": 205000.0,
        "Net Income From Continuing Operation Net Minority Interest": 19732000.0,
        "Reconciled Depreciation": 17294000.0,
        "Reconciled Cost Of Revenue": 35880000.0,
        "EBITDA": 42205000.0,
        "EBIT": 24911000.0,
        "Net Interest Income": -217000.0,
        "Interest Expense": 236000.0,
        "Interest Income": 19000.0,
        "Normalized Income": 19568066.464032,
        "Net Income From Continuing And Discontinued Operation": 19732000.0,
        "Total Expenses": 39914000.0,
        "Total Operating Income As Reported": NaN,
        "Diluted Average Shares": 2540322.0,
        "Basic Average Shares": 1780593.0,
        "Diluted EPS": 7.77,
        "Basic EPS": 11.08,
        "Diluted NI Availto Com Stockholders": 19732000.0,
        "Net Income Common Stockholders": 19732000.0,
        "Net Income": 19732000.0,
        "Net Income Including Noncontrolling Interests": 19732000.0,
        "Net Income Continuous Operations": 19732000.0,
        "Tax Provision": 4943000.0,
        "Pretax Income": 24675000.0,
        "Other Income Expense": 205000.0,
        "Special Income Charges": 205000.0,
        "Gain On Sale Of Ppe": 205000.0,
        "Gain On Sale Of Security": NaN,
        "Net Non Operating Interest Income Expense": -217000.0,
        "Interest Expense Non Operating": 236000.0,
        "Interest Income Non Operating": 19000.0,
        "Operating Income": 24687000.0,
        "Operating Expense": 4034000.0,
        "Other Operating Expenses": 171000.0,
        "Selling General And Administration": 3863000.0,
        "General And Administrative Expense": 3863000.0,
        "Other Gand A": 3863000.0,
        "Gross Profit": 28721000.0,
        "Cost Of Revenue": 35880000.0,
        "Total Revenue": 64601000.0,
        "Operating Revenue": 64601000.0
    }
}