{
    "2023-03-31": {
        "Tax Effect Of Unusual Items": 81030.944762,
        "Tax Rate For Calcs": 0.014231,
        "Normalized EBITDA": -27619734.0,
        "Total Unusual Items": 5694024.0,
        "Total Unusual Items Excluding Goodwill": 5694024.0,
        "Net Income From Continuing Operation Net Minority Interest": -16530671.0,
        "Reconciled Depreciation": 537627.0,
        "EBIT": -22463337.0,
        "Net Interest Income": NaN,
        "Interest Income": NaN,
        "Normalized Income": -22143664.055238,
        "Net Income From Continuing And Discontinued Operation": -16530671.0,
        "Total Expenses": 31920601.0,
        "Total Operating Income As Reported": -22463337.0,
        "Diluted Average Shares": 105660655.0,
        "Basic Average Shares": 105660655.0,
        "Diluted EPS": -0.16,
        "Basic EPS": -0.16,
        "Diluted NI Availto Com Stockholders": -16530671.0,
        "Net Income Common Stockholders": -16530671.0,
        "Net Income": -16530671.0,
        "Net Income Including Noncontrolling Interests": -16530671.0,
        "Net Income Continuous Operations": -16530671.0,
        "Tax Provision": -238642.0,
        "Pretax Income": -16769313.0,
        "Other Income Expense": 5694024.0,
        "Gain On Sale Of Security": 5694024.0,
        "Net Non Operating Interest Income Expense": NaN,
        "Total Other Finance Cost": NaN,
        "Interest Income Non Operating": NaN,
        "Operating Income": -22463337.0,
        "Operating Expense": 31920601.0,
        "Research And Development": 26910472.0,
        "Selling General And Administration": 5010129.0,
        "General And Administrative Expense": 5010129.0,
        "Other Gand A": 5010129.0,
        "Total Revenue": 9457264.0,
        "Operating Revenue": 9457264.0
    },
    "2022-12-31": {
        "Tax Effect Of Unusual Items": -18722.379691,
        "Tax Rate For Calcs": 0.158885,
        "Normalized EBITDA": 191894270.0,
        "Total Unusual Items": -117836.0,
        "Total Unusual Items Excluding Goodwill": -117836.0,
        "Net Income From Continuing Operation Net Minority Interest": 163267103.0,
        "Reconciled Depreciation": 414034.0,
        "EBIT": 191362400.0,
        "Net Interest Income": 2863393.0,
        "Interest Income": NaN,
        "Normalized Income": 163366216.620309,
        "Net Income From Continuing And Discontinued Operation": 163267103.0,
        "Total Expenses": 35217163.0,
        "Total Operating Income As Reported": 191362400.0,
        "Diluted Average Shares": NaN,
        "Basic Average Shares": NaN,
        "Diluted EPS": NaN,
        "Basic EPS": NaN,
        "Diluted NI Availto Com Stockholders": 163267103.0,
        "Net Income Common Stockholders": 163267103.0,
        "Net Income": 163267103.0,
        "Net Income Including Noncontrolling Interests": 163267103.0,
        "Net Income Continuous Operations": 163267103.0,
        "Tax Provision": 30840854.0,
        "Pretax Income": 194107957.0,
        "Other Income Expense": -117836.0,
        "Gain On Sale Of Security": -117836.0,
        "Net Non Operating Interest Income Expense": 2863393.0,
        "Total Other Finance Cost": NaN,
        "Interest Income Non Operating": NaN,
        "Operating Income": 191362400.0,
        "Operating Expense": 35217163.0,
        "Research And Development": 27938256.0,
        "Selling General And Administration": 7278907.0,
        "General And Administrative Expense": 7278907.0,
        "Other Gand A": 7278907.0,
        "Total Revenue": 226579563.0,
        "Operating Revenue": 225165000.0
    },
    "2022-09-30": {
        "Tax Effect Of Unusual Items": -97516.4,
        "Tax Rate For Calcs": 0.4,
        "Normalized EBITDA": -23996322.0,
        "Total Unusual Items": -243791.0,
        "Total Unusual Items Excluding Goodwill": -243791.0,
        "Net Income From Continuing Operation Net Minority Interest": -24013069.0,
        "Reconciled Depreciation": 396919.0,
        "EBIT": -24637032.0,
        "Net Interest Income": 1048254.0,
        "Interest Income": NaN,
        "Normalized Income": -23866794.4,
        "Net Income From Continuing And Discontinued Operation": -24013069.0,
        "Total Expenses": 24637032.0,
        "Total Operating Income As Reported": -24637032.0,
        "Diluted Average Shares": 92401484.0,
        "Basic Average Shares": 92401484.0,
        "Diluted EPS": -0.26,
        "Basic EPS": -0.26,
        "Diluted NI Availto Com Stockholders": -24013069.0,
        "Net Income Common Stockholders": -24013069.0,
        "Net Income": -24013069.0,
        "Net Income Including Noncontrolling Interests": -24013069.0,
        "Net Income Continuous Operations": -24013069.0,
        "Tax Provision": 180500.0,
        "Pretax Income": -23832569.0,
        "Other Income Expense": -243791.0,
        "Gain On Sale Of Security": -243791.0,
        "Net Non Operating Interest Income Expense": 1048254.0,
        "Total Other Finance Cost": -1048254.0,
        "Interest Income Non Operating": NaN,
        "Operating Income": -24637032.0,
        "Operating Expense": 24637032.0,
        "Research And Development": 20797406.0,
        "Selling General And Administration": 3839626.0,
        "General And Administrative Expense": 3839626.0,
        "Other Gand A": 3839626.0,
        "Total Revenue": 0.0,
        "Operating Revenue": 0.0
    },
    "2022-06-30": {
        "Tax Effect Of Unusual Items": -4903.6,
        "Tax Rate For Calcs": 0.4,
        "Normalized EBITDA": -24522182.0,
        "Total Unusual Items": -12259.0,
        "Total Unusual Items Excluding Goodwill": -12259.0,
        "Net Income From Continuing Operation Net Minority Interest": -24580247.0,
        "Reconciled Depreciation": 359842.0,
        "EBIT": -24894283.0,
        "Net Interest Income": 509700.0,
        "Interest Income": 509700.0,
        "Normalized Income": -24572891.6,
        "Net Income From Continuing And Discontinued Operation": -24580247.0,
        "Total Expenses": 24894283.0,
        "Total Operating Income As Reported": -24894283.0,
        "Diluted Average Shares": 90124295.0,
        "Basic Average Shares": 90124295.0,
        "Diluted EPS": -0.27,
        "Basic EPS": -0.27,
        "Diluted NI Availto Com Stockholders": -24580247.0,
        "Net Income Common Stockholders": -24580247.0,
        "Net Income": -24580247.0,
        "Net Income Including Noncontrolling Interests": -24580247.0,
        "Net Income Continuous Operations": -24580247.0,
        "Tax Provision": 183405.0,
        "Pretax Income": -24396842.0,
        "Other Income Expense": -12259.0,
        "Gain On Sale Of Security": -12259.0,
        "Net Non Operating Interest Income Expense": 509700.0,
        "Total Other Finance Cost": NaN,
        "Interest Income Non Operating": 509700.0,
        "Operating Income": -24894283.0,
        "Operating Expense": 24894283.0,
        "Research And Development": 20813882.0,
        "Selling General And Administration": 4080401.0,
        "General And Administrative Expense": 4080401.0,
        "Other Gand A": 4080401.0,
        "Total Revenue": 0.0,
        "Operating Revenue": 0.0
    },
    "2022-03-31": {
        "Diluted EPS": -0.18,
        "Total Revenue": NaN,
        "Gross Profit": NaN,
        "Operating Income": -16,
        "EBIT": -16,
        "Net Income": -16
    },
    "2021-12-31": {
        "Diluted EPS": -0.18,
        "Total Revenue": NaN,
        "Gross Profit": NaN,
        "Operating Income": -14,
        "EBIT": -14,
        "Net Income": -14
    },
    "2021-09-30": {
        "Diluted EPS": -0.19,
        "Total Revenue": NaN,
        "Gross Profit": NaN,
        "Operating Income": -17,
        "EBIT": -17,
        "Net Income": -17
    },
    "2021-06-30": {
        "Diluted EPS": -0.15,
        "Total Revenue": NaN,
        "Gross Profit": NaN,
        "Operating Income": -9,
        "EBIT": -9,
        "Net Income": -9
    },
    "2021-03-31": {
        "Diluted EPS": -0.1,
        "Total Revenue": NaN,
        "Gross Profit": NaN,
        "Operating Income": -6,
        "EBIT": -6,
        "Net Income": -6
    },
    "2020-09-30": {
        "Diluted EPS": -0.06,
        "Total Revenue": NaN,
        "Gross Profit": NaN,
        "Operating Income": -3,
        "EBIT": -3,
        "Net Income": -3
    },
    "2020-06-30": {
        "Diluted EPS": -0.07,
        "Total Revenue": NaN,
        "Gross Profit": NaN,
        "Operating Income": -3,
        "EBIT": -3,
        "Net Income": -3
    },
    "2023-06-30": {
        "Tax Effect Of Unusual Items": 180780.280155,
        "Tax Rate For Calcs": 0.034988,
        "Normalized EBITDA": -35881401.0,
        "Total Unusual Items": 5166983.0,
        "Total Unusual Items Excluding Goodwill": 5166983.0,
        "Net Income From Continuing Operation Net Minority Interest": -25410839.0,
        "Reconciled Depreciation": 784702.0,
        "EBIT": -31499120.0,
        "Net Interest Income": NaN,
        "Interest Income": NaN,
        "Normalized Income": -30397041.719845,
        "Net Income From Continuing And Discontinued Operation": -25410839.0,
        "Total Expenses": 36364976.0,
        "Total Operating Income As Reported": -31499120.0,
        "Diluted Average Shares": 105724215.0,
        "Basic Average Shares": 105724215.0,
        "Diluted EPS": -0.24,
        "Basic EPS": -0.24,
        "Diluted NI Availto Com Stockholders": -25410839.0,
        "Net Income Common Stockholders": -25410839.0,
        "Net Income": -25410839.0,
        "Net Income Including Noncontrolling Interests": -25410839.0,
        "Net Income Continuous Operations": -25410839.0,
        "Tax Provision": -921298.0,
        "Pretax Income": -26332137.0,
        "Other Income Expense": 5166983.0,
        "Gain On Sale Of Security": 5166983.0,
        "Net Non Operating Interest Income Expense": NaN,
        "Total Other Finance Cost": NaN,
        "Interest Income Non Operating": NaN,
        "Operating Income": -31499120.0,
        "Operating Expense": 36364976.0,
        "Research And Development": 31276573.0,
        "Selling General And Administration": 5088403.0,
        "General And Administrative Expense": 5088403.0,
        "Other Gand A": 5088403.0,
        "Total Revenue": 4865856.0,
        "Operating Revenue": 4865856.0
    }
}