{
    "2023-03-31": {
        "Tax Effect Of Unusual Items": 2940000.0,
        "Tax Rate For Calcs": 0.21,
        "Normalized EBITDA": 272361000.0,
        "Total Unusual Items": 14000000.0,
        "Total Unusual Items Excluding Goodwill": 14000000.0,
        "Net Income From Continuing Operation Net Minority Interest": -3297000.0,
        "Reconciled Depreciation": 208772000.0,
        "Reconciled Cost Of Revenue": 627718000.0,
        "EBITDA": 286361000.0,
        "EBIT": 77589000.0,
        "Net Interest Income": -69371000.0,
        "Interest Expense": 75397000.0,
        "Interest Income": 6026000.0,
        "Normalized Income": -14357000.0,
        "Net Income From Continuing And Discontinued Operation": -3297000.0,
        "Total Expenses": 894238000.0,
        "Total Operating Income As Reported": 50717000.0,
        "Diluted Average Shares": 113358000.0,
        "Basic Average Shares": 113358000.0,
        "Diluted EPS": -0.03,
        "Basic EPS": -0.03,
        "Diluted NI Availto Com Stockholders": -3297000.0,
        "Net Income Common Stockholders": -3297000.0,
        "Net Income": -3297000.0,
        "Minority Interests": -4306000.0,
        "Net Income Including Noncontrolling Interests": 1009000.0,
        "Net Income Continuous Operations": 1009000.0,
        "Tax Provision": 1183000.0,
        "Pretax Income": 2192000.0,
        "Other Income Expense": 20846000.0,
        "Other Non Operating Income Expenses": 6846000.0,
        "Special Income Charges": 15061000.0,
        "Gain On Sale Of Business": NaN,
        "Other Special Charges": -15061000.0,
        "Gain On Sale Of Security": -1061000.0,
        "Net Non Operating Interest Income Expense": -69371000.0,
        "Interest Expense Non Operating": 75397000.0,
        "Interest Income Non Operating": 6026000.0,
        "Operating Income": 50717000.0,
        "Operating Expense": 249654000.0,
        "Other Operating Expenses": 610000.0,
        "Other Taxes": 57138000.0,
        "Depreciation Amortization Depletion Income Statement": 191906000.0,
        "Depreciation And Amortization In Income Statement": 191906000.0,
        "Gross Profit": 300371000.0,
        "Cost Of Revenue": 644584000.0,
        "Total Revenue": 944955000.0,
        "Operating Revenue": 944955000.0
    },
    "2022-12-31": {
        "Tax Effect Of Unusual Items": -1245911.872275,
        "Tax Rate For Calcs": 0.307709,
        "Normalized EBITDA": 249378000.0,
        "Total Unusual Items": -4049000.0,
        "Total Unusual Items Excluding Goodwill": -4049000.0,
        "Net Income From Continuing Operation Net Minority Interest": -23992000.0,
        "Reconciled Depreciation": 204856000.0,
        "Reconciled Cost Of Revenue": 711844000.0,
        "EBITDA": 245329000.0,
        "EBIT": 40473000.0,
        "Net Interest Income": -66701000.0,
        "Interest Expense": 68909000.0,
        "Interest Income": 2208000.0,
        "Normalized Income": -21188911.872275,
        "Net Income From Continuing And Discontinued Operation": -23992000.0,
        "Total Expenses": 972563000.0,
        "Total Operating Income As Reported": 36751000.0,
        "Diluted Average Shares": 113535000.0,
        "Basic Average Shares": 113298000.0,
        "Diluted EPS": -0.21,
        "Basic EPS": -0.21,
        "Diluted NI Availto Com Stockholders": -23992000.0,
        "Net Income Common Stockholders": -23992000.0,
        "Net Income": -23992000.0,
        "Minority Interests": -4306000.0,
        "Net Income Including Noncontrolling Interests": -19686000.0,
        "Net Income Continuous Operations": -19686000.0,
        "Tax Provision": -8750000.0,
        "Pretax Income": -28436000.0,
        "Other Income Expense": 1514000.0,
        "Other Non Operating Income Expenses": 5563000.0,
        "Special Income Charges": 14297000.0,
        "Gain On Sale Of Business": NaN,
        "Other Special Charges": -14297000.0,
        "Gain On Sale Of Security": -18346000.0,
        "Net Non Operating Interest Income Expense": -66701000.0,
        "Interest Expense Non Operating": 68909000.0,
        "Interest Income Non Operating": 2208000.0,
        "Operating Income": 36751000.0,
        "Operating Expense": 245567000.0,
        "Other Operating Expenses": 1084000.0,
        "Other Taxes": 54779000.0,
        "Depreciation Amortization Depletion Income Statement": 189704000.0,
        "Depreciation And Amortization In Income Statement": 189704000.0,
        "Gross Profit": 282318000.0,
        "Cost Of Revenue": 726996000.0,
        "Total Revenue": 1009314000.0,
        "Operating Revenue": 1009314000.0
    },
    "2022-09-30": {
        "Tax Effect Of Unusual Items": 1127567.153589,
        "Tax Rate For Calcs": 0.137542,
        "Normalized EBITDA": 646486000.0,
        "Total Unusual Items": 8198000.0,
        "Total Unusual Items Excluding Goodwill": 8198000.0,
        "Net Income From Continuing Operation Net Minority Interest": 326326000.0,
        "Reconciled Depreciation": 207831000.0,
        "Reconciled Cost Of Revenue": 790792000.0,
        "EBITDA": 654684000.0,
        "EBIT": 446853000.0,
        "Net Interest Income": -61708000.0,
        "Interest Expense": 63493000.0,
        "Interest Income": 1785000.0,
        "Normalized Income": 319255567.153589,
        "Net Income From Continuing And Discontinued Operation": 326326000.0,
        "Total Expenses": 1052298000.0,
        "Total Operating Income As Reported": 417573000.0,
        "Diluted Average Shares": 113463000.0,
        "Basic Average Shares": 113211000.0,
        "Diluted EPS": 2.88,
        "Basic EPS": 2.88,
        "Diluted NI Availto Com Stockholders": 326326000.0,
        "Net Income Common Stockholders": 326326000.0,
        "Net Income": 326326000.0,
        "Minority Interests": -4306000.0,
        "Net Income Including Noncontrolling Interests": 330632000.0,
        "Net Income Continuous Operations": 330632000.0,
        "Tax Provision": 52728000.0,
        "Pretax Income": 383360000.0,
        "Other Income Expense": 27495000.0,
        "Other Non Operating Income Expenses": 19297000.0,
        "Special Income Charges": 9133000.0,
        "Gain On Sale Of Business": NaN,
        "Other Special Charges": -9133000.0,
        "Gain On Sale Of Security": -935000.0,
        "Net Non Operating Interest Income Expense": -61708000.0,
        "Interest Expense Non Operating": 63493000.0,
        "Interest Income Non Operating": 1785000.0,
        "Operating Income": 417573000.0,
        "Operating Expense": 244064000.0,
        "Other Operating Expenses": 200000.0,
        "Other Taxes": 53475000.0,
        "Depreciation Amortization Depletion Income Statement": 190389000.0,
        "Depreciation And Amortization In Income Statement": 190389000.0,
        "Gross Profit": 661637000.0,
        "Cost Of Revenue": 808234000.0,
        "Total Revenue": 1469871000.0,
        "Operating Revenue": 1469871000.0
    },
    "2022-06-30": {
        "Tax Effect Of Unusual Items": 1572944.855765,
        "Tax Rate For Calcs": 0.136647,
        "Normalized EBITDA": 447513000.0,
        "Total Unusual Items": 11511000.0,
        "Total Unusual Items Excluding Goodwill": 11511000.0,
        "Net Income From Continuing Operation Net Minority Interest": 164312000.0,
        "Reconciled Depreciation": 201488000.0,
        "Reconciled Cost Of Revenue": 582583000.0,
        "EBITDA": 459024000.0,
        "EBIT": 257536000.0,
        "Net Interest Income": -60539000.0,
        "Interest Expense": 62230000.0,
        "Interest Income": 1691000.0,
        "Normalized Income": 154373944.855765,
        "Net Income From Continuing And Discontinued Operation": 164312000.0,
        "Total Expenses": 838574000.0,
        "Total Operating Income As Reported": 223095000.0,
        "Diluted Average Shares": 113369000.0,
        "Basic Average Shares": 113172000.0,
        "Diluted EPS": 1.45,
        "Basic EPS": 1.45,
        "Diluted NI Availto Com Stockholders": 164312000.0,
        "Net Income Common Stockholders": 164312000.0,
        "Net Income": 164312000.0,
        "Minority Interests": -4306000.0,
        "Net Income Including Noncontrolling Interests": 168618000.0,
        "Net Income Continuous Operations": 168618000.0,
        "Tax Provision": 26688000.0,
        "Pretax Income": 195306000.0,
        "Other Income Expense": 32750000.0,
        "Other Non Operating Income Expenses": 21239000.0,
        "Special Income Charges": 12086000.0,
        "Other Special Charges": -12086000.0,
        "Gain On Sale Of Security": -575000.0,
        "Net Non Operating Interest Income Expense": -60539000.0,
        "Interest Expense Non Operating": 62230000.0,
        "Interest Income Non Operating": 1691000.0,
        "Operating Income": 223095000.0,
        "Operating Expense": 241000000.0,
        "Other Operating Expenses": 385000.0,
        "Other Taxes": 54118000.0,
        "Depreciation Amortization Depletion Income Statement": 186497000.0,
        "Depreciation And Amortization In Income Statement": 186497000.0,
        "Gross Profit": 464095000.0,
        "Cost Of Revenue": 597574000.0,
        "Total Revenue": 1061669000.0,
        "Operating Revenue": 1061669000.0
    },
    "2023-06-30": {
        "Tax Effect Of Unusual Items": 1578848.548863,
        "Tax Rate For Calcs": 0.125305,
        "Normalized EBITDA": 403661000.0,
        "Total Unusual Items": 12600000.0,
        "Total Unusual Items Excluding Goodwill": 12600000.0,
        "Net Income From Continuing Operation Net Minority Interest": 106663000.0,
        "Reconciled Depreciation": 207880000.0,
        "Reconciled Cost Of Revenue": 672213000.0,
        "EBITDA": 416261000.0,
        "EBIT": 208381000.0,
        "Net Interest Income": -75109000.0,
        "Interest Expense": 81515000.0,
        "Interest Income": 6406000.0,
        "Normalized Income": 95641848.548863,
        "Net Income From Continuing And Discontinued Operation": 106663000.0,
        "Total Expenses": 938423000.0,
        "Total Operating Income As Reported": 183280000.0,
        "Diluted Average Shares": 113717000.0,
        "Basic Average Shares": 113411000.0,
        "Diluted EPS": 0.94,
        "Basic EPS": 0.94,
        "Diluted NI Availto Com Stockholders": 106663000.0,
        "Net Income Common Stockholders": 106663000.0,
        "Net Income": 106663000.0,
        "Minority Interests": -4306000.0,
        "Net Income Including Noncontrolling Interests": 110969000.0,
        "Net Income Continuous Operations": 110969000.0,
        "Tax Provision": 15897000.0,
        "Pretax Income": 126866000.0,
        "Other Income Expense": 18695000.0,
        "Other Non Operating Income Expenses": 6095000.0,
        "Special Income Charges": 13034000.0,
        "Gain On Sale Of Business": NaN,
        "Other Special Charges": -13034000.0,
        "Gain On Sale Of Security": -434000.0,
        "Net Non Operating Interest Income Expense": -75109000.0,
        "Interest Expense Non Operating": 81515000.0,
        "Interest Income Non Operating": 6406000.0,
        "Operating Income": 183280000.0,
        "Operating Expense": 253431000.0,
        "Other Operating Expenses": 688000.0,
        "Other Taxes": 57642000.0,
        "Depreciation Amortization Depletion Income Statement": 195101000.0,
        "Depreciation And Amortization In Income Statement": 195101000.0,
        "Gross Profit": 436711000.0,
        "Cost Of Revenue": 684992000.0,
        "Total Revenue": 1121703000.0,
        "Operating Revenue": 1121703000.0
    },
    "2022-03-31": {
        "Diluted EPS": 0.15,
        "Total Revenue": 784,
        "Gross Profit": 518,
        "Operating Income": 54,
        "EBIT": 298,
        "Net Income": 17
    },
    "2021-12-31": {
        "Diluted EPS": 0.24,
        "Total Revenue": 799,
        "Gross Profit": 542,
        "Operating Income": 50,
        "EBIT": 256,
        "Net Income": 28
    },
    "2021-09-30": {
        "Diluted EPS": 3.0,
        "Total Revenue": NaN,
        "Gross Profit": 881,
        "Operating Income": 429,
        "EBIT": 626,
        "Net Income": 340
    },
    "2021-06-30": {
        "Diluted EPS": 1.91,
        "Total Revenue": NaN,
        "Gross Profit": 730,
        "Operating Income": 278,
        "EBIT": 464,
        "Net Income": 216
    },
    "2021-03-31": {
        "Diluted EPS": 0.32,
        "Total Revenue": 696,
        "Gross Profit": 498,
        "Operating Income": 48,
        "EBIT": 223,
        "Net Income": 36
    },
    "2020-12-31": {
        "Diluted EPS": -0.18,
        "Total Revenue": 741,
        "Gross Profit": 528,
        "Operating Income": 31,
        "EBIT": 199,
        "Net Income": -19
    },
    "2020-09-30": {
        "Diluted EPS": 3.07,
        "Total Revenue": NaN,
        "Gross Profit": 901,
        "Operating Income": 455,
        "EBIT": 623,
        "Net Income": 346
    },
    "2020-06-30": {
        "Diluted EPS": 1.71,
        "Total Revenue": 930,
        "Gross Profit": 691,
        "Operating Income": 262,
        "EBIT": 429,
        "Net Income": 194
    },
    "2020-03-31": {
        "Diluted EPS": 0.27,
        "Total Revenue": 662,
        "Gross Profit": 473,
        "Operating Income": 40,
        "EBIT": 212,
        "Net Income": 30
    },
    "2019-12-31": {
        "Diluted EPS": 0.56,
        "Total Revenue": 670,
        "Gross Profit": 446,
        "Operating Income": 12,
        "EBIT": 186,
        "Net Income": 64
    },
    "2019-09-30": {
        "Diluted EPS": 2.77,
        "Total Revenue": NaN,
        "Gross Profit": 846,
        "Operating Income": 403,
        "EBIT": 587,
        "Net Income": 312
    },
    "2019-06-30": {
        "Diluted EPS": 1.28,
        "Total Revenue": 870,
        "Gross Profit": 627,
        "Operating Income": 197,
        "EBIT": 371,
        "Net Income": 144
    },
    "2019-03-31": {
        "Diluted EPS": 0.16,
        "Total Revenue": 741,
        "Gross Profit": 510,
        "Operating Income": 60,
        "EBIT": 241,
        "Net Income": 18
    },
    "2018-12-31": {
        "Diluted EPS": 0.23,
        "Total Revenue": 756,
        "Gross Profit": 524,
        "Operating Income": 67,
        "EBIT": 252,
        "Net Income": 26
    },
    "2018-09-30": {
        "Diluted EPS": 2.8,
        "Total Revenue": NaN,
        "Gross Profit": 878,
        "Operating Income": 433,
        "EBIT": 639,
        "Net Income": 315
    },
    "2018-06-30": {
        "Diluted EPS": 1.48,
        "Total Revenue": 974,
        "Gross Profit": 717,
        "Operating Income": 242,
        "EBIT": 435,
        "Net Income": 167
    },
    "2018-03-31": {
        "Diluted EPS": 0.03,
        "Total Revenue": 693,
        "Gross Profit": 496,
        "Operating Income": 31,
        "EBIT": 215,
        "Net Income": 3
    },
    "2017-12-31": {
        "Diluted EPS": 0.19,
        "Total Revenue": 760,
        "Gross Profit": 556,
        "Operating Income": 86,
        "EBIT": 254,
        "Net Income": 22
    },
    "2017-09-30": {
        "Diluted EPS": 2.46,
        "Total Revenue": NaN,
        "Gross Profit": 873,
        "Operating Income": 460,
        "EBIT": 609,
        "Net Income": 276
    },
    "2017-06-30": {
        "Diluted EPS": 1.49,
        "Total Revenue": 945,
        "Gross Profit": 690,
        "Operating Income": 297,
        "EBIT": 431,
        "Net Income": 167
    },
    "2017-03-31": {
        "Diluted EPS": 0.21,
        "Total Revenue": 678,
        "Gross Profit": 465,
        "Operating Income": 67,
        "EBIT": 211,
        "Net Income": 23
    },
    "2016-12-31": {
        "Diluted EPS": 0.48,
        "Total Revenue": 739,
        "Gross Profit": 496,
        "Operating Income": 102,
        "EBIT": 254,
        "Net Income": 53
    },
    "2016-09-30": {
        "Diluted EPS": 2.35,
        "Total Revenue": NaN,
        "Gross Profit": 831,
        "Operating Income": 451,
        "EBIT": 606,
        "Net Income": 263
    },
    "2016-06-30": {
        "Diluted EPS": 1.08,
        "Total Revenue": 915,
        "Gross Profit": 641,
        "Operating Income": 232,
        "EBIT": 385,
        "Net Income": 121
    },
    "2016-03-31": {
        "Diluted EPS": 0.04,
        "Total Revenue": 677,
        "Gross Profit": 456,
        "Operating Income": 50,
        "EBIT": 193,
        "Net Income": 4
    },
    "2015-12-31": {
        "Diluted EPS": 0.38,
        "Total Revenue": 734,
        "Gross Profit": 502,
        "Operating Income": 110,
        "EBIT": 236,
        "Net Income": 41
    },
    "2015-09-30": {
        "Diluted EPS": 2.3,
        "Total Revenue": NaN,
        "Gross Profit": 835,
        "Operating Income": 445,
        "EBIT": 599,
        "Net Income": 257
    },
    "2015-06-30": {
        "Diluted EPS": 1.1,
        "Total Revenue": 891,
        "Gross Profit": 609,
        "Operating Income": 232,
        "EBIT": 379,
        "Net Income": 123
    },
    "2015-03-31": {
        "Diluted EPS": 0.14,
        "Total Revenue": 671,
        "Gross Profit": 448,
        "Operating Income": 68,
        "EBIT": 215,
        "Net Income": 16
    },
    "2014-12-31": {
        "Diluted EPS": 0.05,
        "Total Revenue": 726,
        "Gross Profit": 470,
        "Operating Income": 60,
        "EBIT": 194,
        "Net Income": 5
    },
    "2014-09-30": {
        "Diluted EPS": 2.2,
        "Total Revenue": NaN,
        "Gross Profit": 790,
        "Operating Income": 422,
        "EBIT": 560,
        "Net Income": 244
    },
    "2014-06-30": {
        "Diluted EPS": 1.19,
        "Total Revenue": 906,
        "Gross Profit": 615,
        "Operating Income": 254,
        "EBIT": 388,
        "Net Income": 132
    },
    "2014-03-31": {
        "Diluted EPS": 0.14,
        "Total Revenue": 686,
        "Gross Profit": 436,
        "Operating Income": 75,
        "EBIT": 206,
        "Net Income": 16
    },
    "2013-12-31": {
        "Diluted EPS": 0.22,
        "Total Revenue": 700,
        "Gross Profit": 463,
        "Operating Income": 84,
        "EBIT": 206,
        "Net Income": 24
    },
    "2013-09-30": {
        "Diluted EPS": 2.04,
        "Total Revenue": NaN,
        "Gross Profit": 801,
        "Operating Income": 416,
        "EBIT": 556,
        "Net Income": 226
    },
    "2013-06-30": {
        "Diluted EPS": 1.18,
        "Total Revenue": 916,
        "Gross Profit": 638,
        "Operating Income": 260,
        "EBIT": 395,
        "Net Income": 131
    },
    "2013-03-31": {
        "Diluted EPS": 0.22,
        "Total Revenue": 687,
        "Gross Profit": 456,
        "Operating Income": 87,
        "EBIT": 212,
        "Net Income": 24
    },
    "2012-12-31": {
        "Diluted EPS": 0.21,
        "Total Revenue": 693,
        "Gross Profit": 482,
        "Operating Income": 101,
        "EBIT": 197,
        "Net Income": 23
    },
    "2012-09-30": {
        "Diluted EPS": 2.21,
        "Total Revenue": NaN,
        "Gross Profit": 807,
        "Operating Income": 448,
        "EBIT": 531,
        "Net Income": 245
    },
    "2012-06-30": {
        "Diluted EPS": 1.11,
        "Total Revenue": 879,
        "Gross Profit": 614,
        "Operating Income": 254,
        "EBIT": 346,
        "Net Income": 122
    },
    "2012-03-31": {
        "Diluted EPS": -0.08,
        "Total Revenue": 621,
        "Gross Profit": 404,
        "Operating Income": 48,
        "EBIT": 142,
        "Net Income": -8
    },
    "2011-12-31": {
        "Diluted EPS": 0.12,
        "Total Revenue": 668,
        "Gross Profit": 452,
        "Operating Income": 79,
        "EBIT": 168,
        "Net Income": 13
    },
    "2011-09-30": {
        "Diluted EPS": 2.32,
        "Total Revenue": NaN,
        "Gross Profit": 787,
        "Operating Income": 435,
        "EBIT": 507,
        "Net Income": 255
    },
    "2011-06-30": {
        "Diluted EPS": 0.79,
        "Total Revenue": 800,
        "Gross Profit": 556,
        "Operating Income": 197,
        "EBIT": 282,
        "Net Income": 87
    },
    "2011-03-31": {
        "Diluted EPS": -0.14,
        "Total Revenue": 649,
        "Gross Profit": 437,
        "Operating Income": 36,
        "EBIT": 128,
        "Net Income": -15
    },
    "2010-12-31": {
        "Diluted EPS": 0.12,
        "Total Revenue": 649,
        "Gross Profit": 424,
        "Operating Income": 56,
        "EBIT": 151,
        "Net Income": 7
    },
    "2010-09-30": {
        "Diluted EPS": 2.14,
        "Total Revenue": NaN,
        "Gross Profit": 763,
        "Operating Income": 400,
        "EBIT": 481,
        "Net Income": 234
    },
    "2010-06-30": {
        "Diluted EPS": 1.07,
        "Total Revenue": 803,
        "Gross Profit": 551,
        "Operating Income": 201,
        "EBIT": 288,
        "Net Income": 115
    },
    "2010-03-31": {
        "Diluted EPS": -0.06,
        "Total Revenue": 620,
        "Gross Profit": 405,
        "Operating Income": 58,
        "EBIT": 146,
        "Net Income": -6
    },
    "2009-12-31": {
        "Diluted EPS": -0.3,
        "Total Revenue": 620,
        "Gross Profit": 362,
        "Operating Income": 274,
        "EBIT": 418,
        "Net Income": -30
    },
    "2009-09-30": {
        "Diluted EPS": 1.84,
        "Total Revenue": NaN,
        "Gross Profit": 707,
        "Operating Income": 367,
        "EBIT": 532,
        "Net Income": 187
    },
    "2009-06-30": {
        "Diluted EPS": 0.68,
        "Total Revenue": 819,
        "Gross Profit": 527,
        "Operating Income": 172,
        "EBIT": 320,
        "Net Income": 68
    },
    "2009-03-31": {
        "Diluted EPS": -1.55,
        "Total Revenue": 626,
        "Gross Profit": 378,
        "Operating Income": -197,
        "EBIT": -56,
        "Net Income": -157
    },
    "2023-09-30": {
        "Tax Effect Of Unusual Items": 2175844.124335,
        "Tax Rate For Calcs": 0.124128,
        "Normalized EBITDA": 749425000.0,
        "Total Unusual Items": 17529000.0,
        "Total Unusual Items Excluding Goodwill": 17529000.0,
        "Net Income From Continuing Operation Net Minority Interest": 398214000.0,
        "Reconciled Depreciation": 219572000.0,
        "Reconciled Cost Of Revenue": 848405000.0,
        "EBITDA": 766954000.0,
        "EBIT": 547382000.0,
        "Net Interest Income": -78302000.0,
        "Interest Expense": 87817000.0,
        "Interest Income": 9515000.0,
        "Normalized Income": 382860844.124335,
        "Net Income From Continuing And Discontinued Operation": 398214000.0,
        "Total Expenses": 1121496000.0,
        "Total Operating Income As Reported": 516263000.0,
        "Diluted Average Shares": 113838000.0,
        "Basic Average Shares": 113464000.0,
        "Diluted EPS": 3.5,
        "Basic EPS": 3.51,
        "Diluted NI Availto Com Stockholders": 398214000.0,
        "Net Income Common Stockholders": 398214000.0,
        "Net Income": 398214000.0,
        "Minority Interests": -4306000.0,
        "Net Income Including Noncontrolling Interests": 402520000.0,
        "Net Income Continuous Operations": 402520000.0,
        "Tax Provision": 57045000.0,
        "Pretax Income": 459565000.0,
        "Other Income Expense": 21604000.0,
        "Other Non Operating Income Expenses": 4075000.0,
        "Special Income Charges": 18399000.0,
        "Gain On Sale Of Business": 6423000.0,
        "Other Special Charges": -11976000.0,
        "Gain On Sale Of Security": -870000.0,
        "Net Non Operating Interest Income Expense": -78302000.0,
        "Interest Expense Non Operating": 87817000.0,
        "Interest Income Non Operating": 9515000.0,
        "Operating Income": 516263000.0,
        "Operating Expense": 256957000.0,
        "Other Operating Expenses": 350000.0,
        "Other Taxes": 53169000.0,
        "Depreciation Amortization Depletion Income Statement": 203438000.0,
        "Depreciation And Amortization In Income Statement": 203438000.0,
        "Gross Profit": 773220000.0,
        "Cost Of Revenue": 864539000.0,
        "Total Revenue": 1637759000.0,
        "Operating Revenue": 1637759000.0
    }
}