{
    "2023-03-31": {
        "Tax Effect Of Unusual Items": 0.0,
        "Tax Rate For Calcs": 0.03252,
        "Normalized EBITDA": 27500000.0,
        "Total Unusual Items": NaN,
        "Total Unusual Items Excluding Goodwill": NaN,
        "Net Income From Continuing Operation Net Minority Interest": 23800000.0,
        "Reconciled Depreciation": 17200000.0,
        "Reconciled Cost Of Revenue": 117600000.0,
        "EBIT": 27500000.0,
        "Net Interest Income": -2900000.0,
        "Interest Expense": 2900000.0,
        "Interest Income": 6500000.0,
        "Normalized Income": 23800000.0,
        "Net Income From Continuing And Discontinued Operation": 23800000.0,
        "Total Expenses": 330400000.0,
        "Total Operating Income As Reported": 27700000.0,
        "Diluted Average Shares": 70096000.0,
        "Basic Average Shares": 69583000.0,
        "Diluted EPS": 0.34,
        "Basic EPS": 0.34,
        "Diluted NI Availto Com Stockholders": 23800000.0,
        "Net Income Common Stockholders": 23800000.0,
        "Net Income": 23800000.0,
        "Net Income Including Noncontrolling Interests": 23800000.0,
        "Net Income Continuous Operations": 23800000.0,
        "Tax Provision": 800000.0,
        "Pretax Income": 24600000.0,
        "Other Income Expense": -200000.0,
        "Other Non Operating Income Expenses": -200000.0,
        "Special Income Charges": NaN,
        "Net Non Operating Interest Income Expense": -2900000.0,
        "Total Other Finance Cost": 1100000.0,
        "Interest Expense Non Operating": 2900000.0,
        "Interest Income Non Operating": 6500000.0,
        "Operating Income": 27700000.0,
        "Operating Expense": 212800000.0,
        "Research And Development": 50100000.0,
        "Selling General And Administration": 162700000.0,
        "Gross Profit": 240500000.0,
        "Cost Of Revenue": 117600000.0,
        "Total Revenue": 358100000.0,
        "Operating Revenue": 358100000.0
    },
    "2022-12-31": {
        "Tax Effect Of Unusual Items": 0.0,
        "Tax Rate For Calcs": 0.237668,
        "Normalized EBITDA": 25000000.0,
        "Total Unusual Items": 0.0,
        "Total Unusual Items Excluding Goodwill": 0.0,
        "Net Income From Continuing Operation Net Minority Interest": 17000000.0,
        "Reconciled Depreciation": 16200000.0,
        "Reconciled Cost Of Revenue": 152400000.0,
        "EBIT": 25000000.0,
        "Net Interest Income": -2700000.0,
        "Interest Expense": 2700000.0,
        "Interest Income": 6500000.0,
        "Normalized Income": 17000000.0,
        "Net Income From Continuing And Discontinued Operation": 17000000.0,
        "Total Expenses": 346200000.0,
        "Total Operating Income As Reported": 23500000.0,
        "Diluted Average Shares": 70020000.0,
        "Basic Average Shares": 69472000.0,
        "Diluted EPS": 0.24,
        "Basic EPS": 0.25,
        "Diluted NI Availto Com Stockholders": 17000000.0,
        "Net Income Common Stockholders": 17000000.0,
        "Net Income": 17000000.0,
        "Net Income Including Noncontrolling Interests": 17000000.0,
        "Net Income Continuous Operations": 17000000.0,
        "Tax Provision": 5300000.0,
        "Pretax Income": 22300000.0,
        "Other Income Expense": 1500000.0,
        "Other Non Operating Income Expenses": 1500000.0,
        "Special Income Charges": 0.0,
        "Net Non Operating Interest Income Expense": -2700000.0,
        "Total Other Finance Cost": 1100000.0,
        "Interest Expense Non Operating": 2700000.0,
        "Interest Income Non Operating": 6500000.0,
        "Operating Income": 23500000.0,
        "Operating Expense": 193800000.0,
        "Research And Development": 49500000.0,
        "Selling General And Administration": 144300000.0,
        "Gross Profit": 217300000.0,
        "Cost Of Revenue": 152400000.0,
        "Total Revenue": 369700000.0,
        "Operating Revenue": 369700000.0
    },
    "2022-09-30": {
        "Tax Effect Of Unusual Items": 0.0,
        "Tax Rate For Calcs": 0.087719,
        "Normalized EBITDA": 1100000.0,
        "Total Unusual Items": 0.0,
        "Total Unusual Items Excluding Goodwill": 0.0,
        "Net Income From Continuing Operation Net Minority Interest": -5200000.0,
        "Reconciled Depreciation": 15900000.0,
        "Reconciled Cost Of Revenue": 152500000.0,
        "EBIT": 1100000.0,
        "Net Interest Income": -6800000.0,
        "Interest Expense": 6800000.0,
        "Interest Income": 2400000.0,
        "Normalized Income": -5200000.0,
        "Net Income From Continuing And Discontinued Operation": -5200000.0,
        "Total Expenses": 337900000.0,
        "Total Operating Income As Reported": 2900000.0,
        "Diluted Average Shares": 69418000.0,
        "Basic Average Shares": 69418000.0,
        "Diluted EPS": -0.08,
        "Basic EPS": -0.08,
        "Diluted NI Availto Com Stockholders": -5200000.0,
        "Net Income Common Stockholders": -5200000.0,
        "Net Income": -5200000.0,
        "Net Income Including Noncontrolling Interests": -5200000.0,
        "Net Income Continuous Operations": -5200000.0,
        "Tax Provision": -500000.0,
        "Pretax Income": -5700000.0,
        "Other Income Expense": -1800000.0,
        "Other Non Operating Income Expenses": -1800000.0,
        "Special Income Charges": 0.0,
        "Net Non Operating Interest Income Expense": -6800000.0,
        "Total Other Finance Cost": 1100000.0,
        "Interest Expense Non Operating": 6800000.0,
        "Interest Income Non Operating": 2400000.0,
        "Operating Income": 2900000.0,
        "Operating Expense": 185400000.0,
        "Research And Development": 45000000.0,
        "Selling General And Administration": 140400000.0,
        "Gross Profit": 188300000.0,
        "Cost Of Revenue": 152500000.0,
        "Total Revenue": 340800000.0,
        "Operating Revenue": 340800000.0
    },
    "2022-06-30": {
        "Tax Effect Of Unusual Items": 0.0,
        "Tax Rate For Calcs": 0.030471,
        "Normalized EBITDA": -27800000.0,
        "Total Unusual Items": 0.0,
        "Total Unusual Items Excluding Goodwill": 0.0,
        "Net Income From Continuing Operation Net Minority Interest": -35000000.0,
        "Reconciled Depreciation": 15800000.0,
        "Reconciled Cost Of Revenue": 109100000.0,
        "EBIT": -27800000.0,
        "Net Interest Income": -8300000.0,
        "Interest Expense": 8300000.0,
        "Interest Income": 800000.0,
        "Normalized Income": -35000000.0,
        "Net Income From Continuing And Discontinued Operation": -35000000.0,
        "Total Expenses": 326100000.0,
        "Total Operating Income As Reported": -26700000.0,
        "Diluted Average Shares": 69356000.0,
        "Basic Average Shares": 69356000.0,
        "Diluted EPS": -0.5,
        "Basic EPS": -0.5,
        "Diluted NI Availto Com Stockholders": -35000000.0,
        "Net Income Common Stockholders": -35000000.0,
        "Net Income": -35000000.0,
        "Net Income Including Noncontrolling Interests": -35000000.0,
        "Net Income Continuous Operations": -35000000.0,
        "Tax Provision": -1100000.0,
        "Pretax Income": -36100000.0,
        "Other Income Expense": -1100000.0,
        "Other Non Operating Income Expenses": -1100000.0,
        "Special Income Charges": 0.0,
        "Net Non Operating Interest Income Expense": -8300000.0,
        "Total Other Finance Cost": 1000000.0,
        "Interest Expense Non Operating": 8300000.0,
        "Interest Income Non Operating": 800000.0,
        "Operating Income": -26700000.0,
        "Operating Expense": 217000000.0,
        "Research And Development": 42600000.0,
        "Selling General And Administration": 174400000.0,
        "Gross Profit": 190300000.0,
        "Cost Of Revenue": 109100000.0,
        "Total Revenue": 299400000.0,
        "Operating Revenue": 299400000.0
    },
    "2022-03-31": {
        "Diluted EPS": 0.4,
        "Total Revenue": 295,
        "Gross Profit": 210,
        "Operating Income": 38,
        "EBIT": 53,
        "Net Income": 28
    },
    "2021-12-31": {
        "Diluted EPS": 0.43,
        "Total Revenue": 308,
        "Gross Profit": 213,
        "Operating Income": 50,
        "EBIT": 65,
        "Net Income": 29
    },
    "2021-09-30": {
        "Diluted EPS": 0.18,
        "Total Revenue": 276,
        "Gross Profit": 189,
        "Operating Income": 34,
        "EBIT": 48,
        "Net Income": 13
    },
    "2021-06-30": {
        "Diluted EPS": -0.37,
        "Total Revenue": 263,
        "Gross Profit": 183,
        "Operating Income": 26,
        "EBIT": 42,
        "Net Income": -25
    },
    "2021-03-31": {
        "Diluted EPS": 0.0,
        "Total Revenue": 252,
        "Gross Profit": 168,
        "Operating Income": 16,
        "EBIT": 29,
        "Net Income": NaN
    },
    "2020-12-31": {
        "Diluted EPS": -0.26,
        "Total Revenue": 246,
        "Gross Profit": 161,
        "Operating Income": -7,
        "EBIT": 18,
        "Net Income": -17
    },
    "2020-09-30": {
        "Diluted EPS": 0.17,
        "Total Revenue": 234,
        "Gross Profit": 152,
        "Operating Income": 24,
        "EBIT": 35,
        "Net Income": 12
    },
    "2020-06-30": {
        "Diluted EPS": 0.22,
        "Total Revenue": 226,
        "Gross Profit": 143,
        "Operating Income": 28,
        "EBIT": 37,
        "Net Income": 14
    },
    "2020-03-31": {
        "Diluted EPS": -0.03,
        "Total Revenue": 198,
        "Gross Profit": 127,
        "Operating Income": 8,
        "EBIT": 16,
        "Net Income": -2
    },
    "2019-12-31": {
        "Diluted EPS": 0.09,
        "Total Revenue": 209,
        "Gross Profit": 134,
        "Operating Income": 18,
        "EBIT": 27,
        "Net Income": 5
    },
    "2019-09-30": {
        "Diluted EPS": 0.01,
        "Total Revenue": 192,
        "Gross Profit": 123,
        "Operating Income": 17,
        "EBIT": 25,
        "Net Income": 1
    },
    "2019-06-30": {
        "Diluted EPS": 0.02,
        "Total Revenue": 177,
        "Gross Profit": 116,
        "Operating Income": 8,
        "EBIT": 14,
        "Net Income": 1
    },
    "2019-03-31": {
        "Diluted EPS": 0.07,
        "Total Revenue": 160,
        "Gross Profit": 107,
        "Operating Income": 7,
        "EBIT": 12,
        "Net Income": 4
    },
    "2018-12-31": {
        "Diluted EPS": 0.16,
        "Total Revenue": 165,
        "Gross Profit": 110,
        "Operating Income": 16,
        "EBIT": 21,
        "Net Income": 10
    },
    "2018-09-30": {
        "Diluted EPS": 0.03,
        "Total Revenue": 151,
        "Gross Profit": 102,
        "Operating Income": 7,
        "EBIT": 11,
        "Net Income": 2
    },
    "2018-06-30": {
        "Diluted EPS": -0.03,
        "Total Revenue": 124,
        "Gross Profit": 82,
        "Operating Income": 4,
        "EBIT": 8,
        "Net Income": -2
    },
    "2018-03-31": {
        "Diluted EPS": -0.11,
        "Total Revenue": 124,
        "Gross Profit": 76,
        "Operating Income": NaN,
        "EBIT": 4,
        "Net Income": -7
    },
    "2017-12-31": {
        "Diluted EPS": -0.12,
        "Total Revenue": 131,
        "Gross Profit": 80,
        "Operating Income": -1,
        "EBIT": 3,
        "Net Income": -7
    },
    "2017-09-30": {
        "Diluted EPS": -0.04,
        "Total Revenue": 122,
        "Gross Profit": 74,
        "Operating Income": 2,
        "EBIT": 6,
        "Net Income": -2
    },
    "2017-06-30": {
        "Diluted EPS": -0.13,
        "Total Revenue": 110,
        "Gross Profit": 65,
        "Operating Income": -3,
        "EBIT": 0,
        "Net Income": -8
    },
    "2017-03-31": {
        "Diluted EPS": -0.17,
        "Total Revenue": 102,
        "Gross Profit": 59,
        "Operating Income": -5,
        "EBIT": -2,
        "Net Income": -10
    },
    "2016-12-31": {
        "Diluted EPS": -0.13,
        "Total Revenue": 104,
        "Gross Profit": 61,
        "Operating Income": -4,
        "EBIT": -1,
        "Net Income": -9
    },
    "2016-09-30": {
        "Diluted EPS": -0.05,
        "Total Revenue": 95,
        "Gross Profit": 56,
        "Operating Income": 2,
        "EBIT": 6,
        "Net Income": -3
    },
    "2016-06-30": {
        "Diluted EPS": -0.08,
        "Total Revenue": 87,
        "Gross Profit": 50,
        "Operating Income": -1,
        "EBIT": 2,
        "Net Income": -4
    },
    "2016-03-31": {
        "Diluted EPS": -0.22,
        "Total Revenue": 81,
        "Gross Profit": 44,
        "Operating Income": -8,
        "EBIT": -4,
        "Net Income": -12
    },
    "2015-12-31": {
        "Diluted EPS": -0.47,
        "Total Revenue": 84,
        "Gross Profit": 42,
        "Operating Income": -13,
        "EBIT": -8,
        "Net Income": -27
    },
    "2015-09-30": {
        "Diluted EPS": -0.34,
        "Total Revenue": 71,
        "Gross Profit": 32,
        "Operating Income": -15,
        "EBIT": -11,
        "Net Income": -19
    },
    "2015-06-30": {
        "Diluted EPS": -0.27,
        "Total Revenue": 61,
        "Gross Profit": 31,
        "Operating Income": -14,
        "EBIT": -10,
        "Net Income": -15
    },
    "2015-03-31": {
        "Diluted EPS": -0.21,
        "Total Revenue": 48,
        "Gross Profit": 29,
        "Operating Income": -7,
        "EBIT": -4,
        "Net Income": -12
    },
    "2014-12-31": {
        "Diluted EPS": -0.09,
        "Total Revenue": 15,
        "Gross Profit": 21,
        "Operating Income": 1,
        "EBIT": 4,
        "Net Income": -5
    },
    "2014-09-30": {
        "Diluted EPS": -0.19,
        "Total Revenue": 75,
        "Gross Profit": 38,
        "Operating Income": -3,
        "EBIT": 0,
        "Net Income": -11
    },
    "2014-06-30": {
        "Diluted EPS": -0.53,
        "Total Revenue": 72,
        "Gross Profit": 36,
        "Operating Income": -5,
        "EBIT": -2,
        "Net Income": -29
    },
    "2014-03-31": {
        "Diluted EPS": -0.11,
        "Total Revenue": 69,
        "Gross Profit": 33,
        "Operating Income": -2,
        "EBIT": 1,
        "Net Income": -6
    },
    "2013-12-31": {
        "Diluted EPS": -0.04,
        "Total Revenue": 69,
        "Gross Profit": 33,
        "Operating Income": 0,
        "EBIT": 3,
        "Net Income": -3
    },
    "2013-09-30": {
        "Diluted EPS": -0.39,
        "Total Revenue": 61,
        "Gross Profit": 27,
        "Operating Income": -17,
        "EBIT": -14,
        "Net Income": -21
    },
    "2013-06-30": {
        "Diluted EPS": -0.2,
        "Total Revenue": 60,
        "Gross Profit": 27,
        "Operating Income": -6,
        "EBIT": -3,
        "Net Income": -11
    },
    "2013-03-31": {
        "Diluted EPS": -0.2,
        "Total Revenue": 57,
        "Gross Profit": 25,
        "Operating Income": -6,
        "EBIT": -3,
        "Net Income": -11
    },
    "2012-12-31": {
        "Diluted EPS": -0.21,
        "Total Revenue": 58,
        "Gross Profit": 25,
        "Operating Income": -6,
        "EBIT": -3,
        "Net Income": -10
    },
    "2012-09-30": {
        "Diluted EPS": -0.26,
        "Total Revenue": 55,
        "Gross Profit": 24,
        "Operating Income": -8,
        "EBIT": -6,
        "Net Income": -12
    },
    "2012-06-30": {
        "Diluted EPS": -0.3,
        "Total Revenue": 51,
        "Gross Profit": 22,
        "Operating Income": -11,
        "EBIT": -8,
        "Net Income": -14
    },
    "2012-03-31": {
        "Diluted EPS": -0.31,
        "Total Revenue": 48,
        "Gross Profit": 20,
        "Operating Income": -11,
        "EBIT": -8,
        "Net Income": -15
    },
    "2011-12-31": {
        "Diluted EPS": -0.3,
        "Total Revenue": 47,
        "Gross Profit": 20,
        "Operating Income": -11,
        "EBIT": -8,
        "Net Income": -14
    },
    "2011-09-30": {
        "Diluted EPS": -0.29,
        "Total Revenue": 45,
        "Gross Profit": 19,
        "Operating Income": -10,
        "EBIT": -7,
        "Net Income": -14
    },
    "2011-06-30": {
        "Diluted EPS": -0.17,
        "Total Revenue": 32,
        "Gross Profit": 15,
        "Operating Income": -15,
        "EBIT": -13,
        "Net Income": -8
    },
    "2011-03-31": {
        "Diluted EPS": -0.22,
        "Total Revenue": 28,
        "Gross Profit": 14,
        "Operating Income": -7,
        "EBIT": -6,
        "Net Income": -10
    },
    "2010-12-31": {
        "Diluted EPS": -0.5,
        "Total Revenue": 28,
        "Gross Profit": 14,
        "Operating Income": -10,
        "EBIT": -14,
        "Net Income": -21
    },
    "2010-09-30": {
        "Diluted EPS": -0.3,
        "Total Revenue": 25,
        "Gross Profit": 12,
        "Operating Income": -8,
        "EBIT": -5,
        "Net Income": -12
    },
    "2010-06-30": {
        "Diluted EPS": -0.36,
        "Total Revenue": 23,
        "Gross Profit": 10,
        "Operating Income": -10,
        "EBIT": -7,
        "Net Income": -14
    },
    "2010-03-31": {
        "Diluted EPS": -0.38,
        "Total Revenue": 21,
        "Gross Profit": 8,
        "Operating Income": -11,
        "EBIT": -8,
        "Net Income": -14
    },
    "2009-12-31": {
        "Diluted EPS": -0.39,
        "Total Revenue": 20,
        "Gross Profit": 7,
        "Operating Income": -12,
        "EBIT": -9,
        "Net Income": -16
    },
    "2009-09-30": {
        "Diluted EPS": -0.6,
        "Total Revenue": 19,
        "Gross Profit": 6,
        "Operating Income": -13,
        "EBIT": -11,
        "Net Income": -17
    },
    "2009-06-30": {
        "Diluted EPS": -0.73,
        "Total Revenue": 15,
        "Gross Profit": 3,
        "Operating Income": -16,
        "EBIT": -13,
        "Net Income": -20
    },
    "2009-03-31": {
        "Diluted EPS": -0.71,
        "Total Revenue": 12,
        "Gross Profit": 2,
        "Operating Income": -17,
        "EBIT": -15,
        "Net Income": -20
    },
    "2023-06-30": {
        "Tax Effect Of Unusual Items": 0.0,
        "Tax Rate For Calcs": 0.042105,
        "Normalized EBITDA": 30900000.0,
        "Total Unusual Items": NaN,
        "Total Unusual Items Excluding Goodwill": NaN,
        "Net Income From Continuing Operation Net Minority Interest": 27300000.0,
        "Reconciled Depreciation": NaN,
        "Reconciled Cost Of Revenue": 131600000.0,
        "EBIT": 30900000.0,
        "Net Interest Income": -2400000.0,
        "Interest Expense": 2400000.0,
        "Interest Income": NaN,
        "Normalized Income": 27300000.0,
        "Net Income From Continuing And Discontinued Operation": 27300000.0,
        "Total Expenses": 365400000.0,
        "Total Operating Income As Reported": 31100000.0,
        "Diluted Average Shares": 70142000.0,
        "Basic Average Shares": 69741000.0,
        "Diluted EPS": 0.39,
        "Basic EPS": 0.39,
        "Diluted NI Availto Com Stockholders": 27300000.0,
        "Net Income Common Stockholders": 27300000.0,
        "Net Income": 27300000.0,
        "Net Income Including Noncontrolling Interests": 27300000.0,
        "Net Income Continuous Operations": 27300000.0,
        "Tax Provision": 1200000.0,
        "Pretax Income": 28500000.0,
        "Other Income Expense": -200000.0,
        "Other Non Operating Income Expenses": -200000.0,
        "Special Income Charges": NaN,
        "Net Non Operating Interest Income Expense": -2400000.0,
        "Total Other Finance Cost": NaN,
        "Interest Expense Non Operating": 2400000.0,
        "Interest Income Non Operating": NaN,
        "Operating Income": 31100000.0,
        "Operating Expense": 233800000.0,
        "Research And Development": 55100000.0,
        "Selling General And Administration": 178700000.0,
        "Gross Profit": 264900000.0,
        "Cost Of Revenue": 131600000.0,
        "Total Revenue": 396500000.0,
        "Operating Revenue": 396500000.0
    }
}