{
    "2023-03-31": {
        "Tax Effect Of Unusual Items": -736600.0,
        "Tax Rate For Calcs": 0.254,
        "Normalized EBITDA": 235400000.0,
        "Total Unusual Items": -2900000.0,
        "Total Unusual Items Excluding Goodwill": -2900000.0,
        "Net Income From Continuing Operation Net Minority Interest": 57500000.0,
        "Reconciled Depreciation": 94200000.0,
        "Reconciled Cost Of Revenue": 1148500000.0,
        "EBITDA": 232500000.0,
        "EBIT": 138300000.0,
        "Net Interest Income": -63800000.0,
        "Interest Expense": 63800000.0,
        "Normalized Income": 59663400.0,
        "Net Income From Continuing And Discontinued Operation": 57500000.0,
        "Total Expenses": 1482200000.0,
        "Total Operating Income As Reported": 137700000.0,
        "Diluted Average Shares": 65700000.0,
        "Basic Average Shares": 58800000.0,
        "Diluted EPS": 0.92,
        "Basic EPS": 0.98,
        "Diluted NI Availto Com Stockholders": 60200000.0,
        "Average Dilution Earnings": 2700000.0,
        "Net Income Common Stockholders": 57500000.0,
        "Otherunder Preferred Stock Dividend": NaN,
        "Net Income": 57500000.0,
        "Minority Interests": 2100000.0,
        "Net Income Including Noncontrolling Interests": 55400000.0,
        "Net Income Discontinuous Operations": 0.0,
        "Net Income Continuous Operations": 55400000.0,
        "Earnings From Equity Interest Net Of Tax": -200000.0,
        "Tax Provision": 18900000.0,
        "Pretax Income": 74500000.0,
        "Other Income Expense": 600000.0,
        "Other Non Operating Income Expenses": 3500000.0,
        "Special Income Charges": 6100000.0,
        "Gain On Sale Of Business": NaN,
        "Other Special Charges": -6100000.0,
        "Restructuring And Mergern Acquisition": 0.0,
        "Earnings From Equity Interest": NaN,
        "Gain On Sale Of Security": -9000000.0,
        "Net Non Operating Interest Income Expense": -63800000.0,
        "Interest Expense Non Operating": 63800000.0,
        "Operating Income": 137700000.0,
        "Operating Expense": 276100000.0,
        "Other Operating Expenses": 200000.0,
        "Depreciation Amortization Depletion Income Statement": 36600000.0,
        "Depreciation And Amortization In Income Statement": 36600000.0,
        "Amortization": 36600000.0,
        "Amortization Of Intangibles Income Statement": 36600000.0,
        "Selling General And Administration": 239300000.0,
        "Gross Profit": 413800000.0,
        "Cost Of Revenue": 1206100000.0,
        "Total Revenue": 1619900000.0,
        "Operating Revenue": 1619900000.0
    },
    "2022-12-31": {
        "Tax Effect Of Unusual Items": 5454900.0,
        "Tax Rate For Calcs": 0.209,
        "Normalized EBITDA": 250800000.0,
        "Total Unusual Items": 26100000.0,
        "Total Unusual Items Excluding Goodwill": 26100000.0,
        "Net Income From Continuing Operation Net Minority Interest": 97600000.0,
        "Reconciled Depreciation": 92600000.0,
        "Reconciled Cost Of Revenue": 1095200000.0,
        "EBITDA": 276900000.0,
        "EBIT": 184300000.0,
        "Net Interest Income": -65900000.0,
        "Interest Expense": 65900000.0,
        "Normalized Income": 76954900.0,
        "Net Income From Continuing And Discontinued Operation": 97600000.0,
        "Total Expenses": 1416400000.0,
        "Total Operating Income As Reported": 149900000.0,
        "Diluted Average Shares": 65800000.0,
        "Basic Average Shares": 58800000.0,
        "Diluted EPS": 1.52,
        "Basic EPS": 1.66,
        "Diluted NI Availto Com Stockholders": 97600000.0,
        "Average Dilution Earnings": NaN,
        "Net Income Common Stockholders": 97600000.0,
        "Otherunder Preferred Stock Dividend": NaN,
        "Net Income": 97600000.0,
        "Minority Interests": 3900000.0,
        "Net Income Including Noncontrolling Interests": 93700000.0,
        "Net Income Discontinuous Operations": 0.0,
        "Net Income Continuous Operations": 93700000.0,
        "Earnings From Equity Interest Net Of Tax": 0.0,
        "Tax Provision": 24700000.0,
        "Pretax Income": 118400000.0,
        "Other Income Expense": 34400000.0,
        "Other Non Operating Income Expenses": 8300000.0,
        "Special Income Charges": 13800000.0,
        "Gain On Sale Of Business": NaN,
        "Other Special Charges": -8700000.0,
        "Restructuring And Mergern Acquisition": -5100000.0,
        "Earnings From Equity Interest": NaN,
        "Gain On Sale Of Security": 12300000.0,
        "Net Non Operating Interest Income Expense": -65900000.0,
        "Interest Expense Non Operating": 65900000.0,
        "Operating Income": 149900000.0,
        "Operating Expense": 265000000.0,
        "Other Operating Expenses": -100000.0,
        "Depreciation Amortization Depletion Income Statement": 36400000.0,
        "Depreciation And Amortization In Income Statement": 36400000.0,
        "Amortization": 36400000.0,
        "Amortization Of Intangibles Income Statement": 36400000.0,
        "Selling General And Administration": 228700000.0,
        "Gross Profit": 414900000.0,
        "Cost Of Revenue": 1151400000.0,
        "Total Revenue": 1566300000.0,
        "Operating Revenue": 1566300000.0
    },
    "2022-09-30": {
        "Tax Effect Of Unusual Items": 23455934.515689,
        "Tax Rate For Calcs": 0.289222,
        "Normalized EBITDA": 174200000.0,
        "Total Unusual Items": 81100000.0,
        "Total Unusual Items Excluding Goodwill": 81100000.0,
        "Net Income From Continuing Operation Net Minority Interest": 83900000.0,
        "Reconciled Depreciation": 36500000.0,
        "Reconciled Cost Of Revenue": 1186500000.0,
        "EBITDA": 255300000.0,
        "EBIT": 218800000.0,
        "Net Interest Income": -72200000.0,
        "Interest Expense": 72200000.0,
        "Normalized Income": 26255934.515689,
        "Net Income From Continuing And Discontinued Operation": 83900000.0,
        "Total Expenses": 1447200000.0,
        "Total Operating Income As Reported": 131900000.0,
        "Diluted Average Shares": 63800000.0,
        "Basic Average Shares": 59200000.0,
        "Diluted EPS": 1.32,
        "Basic EPS": 1.39,
        "Diluted NI Availto Com Stockholders": 83900000.0,
        "Average Dilution Earnings": NaN,
        "Net Income Common Stockholders": 83900000.0,
        "Otherunder Preferred Stock Dividend": NaN,
        "Net Income": 83900000.0,
        "Minority Interests": -2500000.0,
        "Net Income Including Noncontrolling Interests": 86400000.0,
        "Net Income Discontinuous Operations": 0.0,
        "Net Income Continuous Operations": 86400000.0,
        "Earnings From Equity Interest Net Of Tax": -17800000.0,
        "Tax Provision": 42400000.0,
        "Pretax Income": 146600000.0,
        "Other Income Expense": 86900000.0,
        "Other Non Operating Income Expenses": 5800000.0,
        "Special Income Charges": 36000000.0,
        "Other Special Charges": -81700000.0,
        "Impairment Of Capital Assets": NaN,
        "Restructuring And Mergern Acquisition": 45700000.0,
        "Earnings From Equity Interest": NaN,
        "Gain On Sale Of Security": 45100000.0,
        "Net Non Operating Interest Income Expense": -72200000.0,
        "Interest Expense Non Operating": 72200000.0,
        "Operating Income": 131900000.0,
        "Operating Expense": 260700000.0,
        "Other Operating Expenses": 400000.0,
        "Depreciation Amortization Depletion Income Statement": 36500000.0,
        "Depreciation And Amortization In Income Statement": 36500000.0,
        "Amortization": 36500000.0,
        "Amortization Of Intangibles Income Statement": 36500000.0,
        "Selling General And Administration": 223800000.0,
        "Gross Profit": 392600000.0,
        "Cost Of Revenue": 1186500000.0,
        "Total Revenue": 1579100000.0,
        "Operating Revenue": 1579100000.0
    },
    "2022-06-30": {
        "Tax Effect Of Unusual Items": 28127100.0,
        "Tax Rate For Calcs": 0.159,
        "Normalized EBITDA": 212100000.0,
        "Total Unusual Items": 176900000.0,
        "Total Unusual Items Excluding Goodwill": 176900000.0,
        "Net Income From Continuing Operation Net Minority Interest": 170200000.0,
        "Reconciled Depreciation": 93800000.0,
        "Reconciled Cost Of Revenue": 1103000000.0,
        "EBITDA": 389000000.0,
        "EBIT": 295200000.0,
        "Net Interest Income": -75600000.0,
        "Interest Expense": 75600000.0,
        "Normalized Income": 21427100.0,
        "Net Income From Continuing And Discontinued Operation": 170200000.0,
        "Total Expenses": 1419400000.0,
        "Total Operating Income As Reported": 105500000.0,
        "Diluted Average Shares": 61600000.0,
        "Basic Average Shares": 60400000.0,
        "Diluted EPS": 2.72,
        "Basic EPS": 2.77,
        "Diluted NI Availto Com Stockholders": 167300000.0,
        "Average Dilution Earnings": 0.0,
        "Net Income Common Stockholders": 167300000.0,
        "Otherunder Preferred Stock Dividend": 2900000.0,
        "Net Income": 170200000.0,
        "Minority Interests": -2400000.0,
        "Net Income Including Noncontrolling Interests": 172600000.0,
        "Net Income Discontinuous Operations": 0.0,
        "Net Income Continuous Operations": 172600000.0,
        "Earnings From Equity Interest Net Of Tax": -12000000.0,
        "Tax Provision": 35000000.0,
        "Pretax Income": 219600000.0,
        "Other Income Expense": 189700000.0,
        "Other Non Operating Income Expenses": 12800000.0,
        "Special Income Charges": 10200000.0,
        "Other Special Charges": -10200000.0,
        "Earnings From Equity Interest": NaN,
        "Gain On Sale Of Security": 166700000.0,
        "Net Non Operating Interest Income Expense": -75600000.0,
        "Interest Expense Non Operating": 75600000.0,
        "Operating Income": 105500000.0,
        "Operating Expense": 259200000.0,
        "Other Operating Expenses": -2400000.0,
        "Depreciation Amortization Depletion Income Statement": 36600000.0,
        "Depreciation And Amortization In Income Statement": 36600000.0,
        "Amortization": 36600000.0,
        "Amortization Of Intangibles Income Statement": 36600000.0,
        "Selling General And Administration": 225000000.0,
        "Gross Profit": 364700000.0,
        "Cost Of Revenue": 1160200000.0,
        "Total Revenue": 1524900000.0,
        "Operating Revenue": 1524900000.0
    },
    "2023-06-30": {
        "Tax Effect Of Unusual Items": 5029000.0,
        "Tax Rate For Calcs": 0.214,
        "Normalized EBITDA": 280800000.0,
        "Total Unusual Items": 23500000.0,
        "Total Unusual Items Excluding Goodwill": 23500000.0,
        "Net Income From Continuing Operation Net Minority Interest": 89600000.0,
        "Reconciled Depreciation": 106500000.0,
        "Reconciled Cost Of Revenue": 1293700000.0,
        "EBITDA": 304300000.0,
        "EBIT": 197800000.0,
        "Net Interest Income": -72700000.0,
        "Interest Expense": 72700000.0,
        "Normalized Income": 71129000.0,
        "Net Income From Continuing And Discontinued Operation": 89600000.0,
        "Total Expenses": 1701100000.0,
        "Total Operating Income As Reported": 158300000.0,
        "Diluted Average Shares": 68500000.0,
        "Basic Average Shares": 61600000.0,
        "Diluted EPS": 1.38,
        "Basic EPS": 1.49,
        "Diluted NI Availto Com Stockholders": 94200000.0,
        "Average Dilution Earnings": 2700000.0,
        "Net Income Common Stockholders": 91500000.0,
        "Otherunder Preferred Stock Dividend": -1900000.0,
        "Net Income": 89600000.0,
        "Minority Interests": -8700000.0,
        "Net Income Including Noncontrolling Interests": 98300000.0,
        "Net Income Discontinuous Operations": 0.0,
        "Net Income Continuous Operations": 98300000.0,
        "Earnings From Equity Interest Net Of Tax": 0.0,
        "Tax Provision": 26800000.0,
        "Pretax Income": 125100000.0,
        "Other Income Expense": 39500000.0,
        "Other Non Operating Income Expenses": 16000000.0,
        "Special Income Charges": 6400000.0,
        "Gain On Sale Of Business": 0.0,
        "Other Special Charges": -6400000.0,
        "Restructuring And Mergern Acquisition": 0.0,
        "Earnings From Equity Interest": 0.0,
        "Gain On Sale Of Security": 17100000.0,
        "Net Non Operating Interest Income Expense": -72700000.0,
        "Interest Expense Non Operating": 72700000.0,
        "Operating Income": 158300000.0,
        "Operating Expense": 343300000.0,
        "Other Operating Expenses": NaN,
        "Depreciation Amortization Depletion Income Statement": 42400000.0,
        "Depreciation And Amortization In Income Statement": 42400000.0,
        "Amortization": 42400000.0,
        "Amortization Of Intangibles Income Statement": 42400000.0,
        "Selling General And Administration": 300900000.0,
        "Gross Profit": 501600000.0,
        "Cost Of Revenue": 1357800000.0,
        "Total Revenue": 1859400000.0,
        "Operating Revenue": 1859400000.0
    },
    "2022-03-31": {
        "Diluted EPS": 8.4,
        "Total Revenue": NaN,
        "Gross Profit": 379,
        "Operating Income": 100,
        "EBIT": 195,
        "Net Income": 523
    },
    "2021-12-31": {
        "Diluted EPS": -0.25,
        "Total Revenue": NaN,
        "Gross Profit": 332,
        "Operating Income": 78,
        "EBIT": 175,
        "Net Income": -21
    },
    "2021-09-30": {
        "Diluted EPS": 0.43,
        "Total Revenue": NaN,
        "Gross Profit": 241,
        "Operating Income": 37,
        "EBIT": 135,
        "Net Income": 30
    },
    "2021-06-30": {
        "Diluted EPS": -0.95,
        "Total Revenue": NaN,
        "Gross Profit": 368,
        "Operating Income": 155,
        "EBIT": 247,
        "Net Income": -54
    },
    "2021-03-31": {
        "Diluted EPS": 1.69,
        "Total Revenue": NaN,
        "Gross Profit": 364,
        "Operating Income": 130,
        "EBIT": 212,
        "Net Income": 110
    },
    "2020-12-31": {
        "Diluted EPS": 1.21,
        "Total Revenue": NaN,
        "Gross Profit": 455,
        "Operating Income": 166,
        "EBIT": 260,
        "Net Income": 81
    },
    "2020-09-30": {
        "Diluted EPS": 0.87,
        "Total Revenue": 424,
        "Gross Profit": 102,
        "Operating Income": 15,
        "EBIT": 85,
        "Net Income": 57
    },
    "2020-06-30": {
        "Diluted EPS": 0.52,
        "Total Revenue": NaN,
        "Gross Profit": 437,
        "Operating Income": 172,
        "EBIT": 265,
        "Net Income": 36
    },
    "2020-03-31": {
        "Diluted EPS": -2.76,
        "Total Revenue": NaN,
        "Gross Profit": 439,
        "Operating Income": 154,
        "EBIT": 245,
        "Net Income": -191
    },
    "2019-12-31": {
        "Diluted EPS": 1.38,
        "Total Revenue": NaN,
        "Gross Profit": 472,
        "Operating Income": 196,
        "EBIT": 286,
        "Net Income": 99
    },
    "2019-09-30": {
        "Diluted EPS": -0.8,
        "Total Revenue": NaN,
        "Gross Profit": 452,
        "Operating Income": 103,
        "EBIT": 194,
        "Net Income": -61
    },
    "2019-06-30": {
        "Diluted EPS": 0.21,
        "Total Revenue": NaN,
        "Gross Profit": 462,
        "Operating Income": 198,
        "EBIT": 295,
        "Net Income": 16
    },
    "2019-03-31": {
        "Diluted EPS": 0.58,
        "Total Revenue": NaN,
        "Gross Profit": 451,
        "Operating Income": 186,
        "EBIT": 284,
        "Net Income": 43
    },
    "2018-12-31": {
        "Diluted EPS": 1.67,
        "Total Revenue": NaN,
        "Gross Profit": 427,
        "Operating Income": 294,
        "EBIT": 388,
        "Net Income": 124
    },
    "2018-09-30": {
        "Diluted EPS": -0.15,
        "Total Revenue": NaN,
        "Gross Profit": 475,
        "Operating Income": 68,
        "EBIT": 165,
        "Net Income": -18
    },
    "2018-06-30": {
        "Diluted EPS": 1.29,
        "Total Revenue": NaN,
        "Gross Profit": 458,
        "Operating Income": 184,
        "EBIT": 290,
        "Net Income": 95
    },
    "2018-03-31": {
        "Diluted EPS": 1.2,
        "Total Revenue": NaN,
        "Gross Profit": 472,
        "Operating Income": 161,
        "EBIT": 265,
        "Net Income": 89
    },
    "2017-12-31": {
        "Diluted EPS": 3.82,
        "Total Revenue": NaN,
        "Gross Profit": 449,
        "Operating Income": 161,
        "EBIT": 252,
        "Net Income": 292
    },
    "2017-09-30": {
        "Diluted EPS": 0.24,
        "Total Revenue": NaN,
        "Gross Profit": 434,
        "Operating Income": 113,
        "EBIT": 203,
        "Net Income": 5
    },
    "2017-06-30": {
        "Diluted EPS": -0.93,
        "Total Revenue": NaN,
        "Gross Profit": 394,
        "Operating Income": 191,
        "EBIT": 268,
        "Net Income": -63
    },
    "2017-03-31": {
        "Diluted EPS": -0.08,
        "Total Revenue": NaN,
        "Gross Profit": 364,
        "Operating Income": 138,
        "EBIT": 216,
        "Net Income": -6
    },
    "2016-12-31": {
        "Diluted EPS": 1.27,
        "Total Revenue": NaN,
        "Gross Profit": 379,
        "Operating Income": 76,
        "EBIT": 153,
        "Net Income": 98
    },
    "2016-09-30": {
        "Diluted EPS": -0.58,
        "Total Revenue": NaN,
        "Gross Profit": 377,
        "Operating Income": 108,
        "EBIT": 184,
        "Net Income": -40
    },
    "2016-06-30": {
        "Diluted EPS": 0.0,
        "Total Revenue": NaN,
        "Gross Profit": 398,
        "Operating Income": 142,
        "EBIT": 215,
        "Net Income": NaN
    },
    "2016-03-31": {
        "Diluted EPS": 0.02,
        "Total Revenue": NaN,
        "Gross Profit": 409,
        "Operating Income": 163,
        "EBIT": 240,
        "Net Income": 2
    },
    "2015-12-31": {
        "Diluted EPS": 0.15,
        "Total Revenue": NaN,
        "Gross Profit": 363,
        "Operating Income": 133,
        "EBIT": 209,
        "Net Income": 11
    },
    "2015-09-30": {
        "Diluted EPS": -1.07,
        "Total Revenue": NaN,
        "Gross Profit": 333,
        "Operating Income": 41,
        "EBIT": 112,
        "Net Income": -77
    },
    "2015-06-30": {
        "Diluted EPS": 0.33,
        "Total Revenue": NaN,
        "Gross Profit": 317,
        "Operating Income": 81,
        "EBIT": 154,
        "Net Income": 20
    },
    "2015-03-31": {
        "Diluted EPS": 0.45,
        "Total Revenue": NaN,
        "Gross Profit": 276,
        "Operating Income": 50,
        "EBIT": 114,
        "Net Income": 26
    },
    "2014-12-31": {
        "Diluted EPS": -2.04,
        "Total Revenue": NaN,
        "Gross Profit": 249,
        "Operating Income": 41,
        "EBIT": 105,
        "Net Income": -102
    },
    "2014-09-30": {
        "Diluted EPS": -7.29,
        "Total Revenue": NaN,
        "Gross Profit": 229,
        "Operating Income": -241,
        "EBIT": -163,
        "Net Income": -292
    },
    "2014-06-30": {
        "Diluted EPS": -0.92,
        "Total Revenue": 633,
        "Gross Profit": 149,
        "Operating Income": 8,
        "EBIT": 51,
        "Net Income": -39
    },
    "2014-03-31": {
        "Diluted EPS": -0.67,
        "Total Revenue": 438,
        "Gross Profit": 129,
        "Operating Income": 0,
        "EBIT": 30,
        "Net Income": -23
    },
    "2013-12-31": {
        "Diluted EPS": -0.15,
        "Total Revenue": 297,
        "Gross Profit": 115,
        "Operating Income": 25,
        "EBIT": 46,
        "Net Income": -5
    },
    "2013-09-30": {
        "Diluted EPS": -0.09,
        "Total Revenue": 292,
        "Gross Profit": 113,
        "Operating Income": 24,
        "EBIT": 51,
        "Net Income": -3
    },
    "2013-06-30": {
        "Diluted EPS": 0.03,
        "Total Revenue": 257,
        "Gross Profit": 104,
        "Operating Income": 24,
        "EBIT": 46,
        "Net Income": 1
    },
    "2013-03-31": {
        "Diluted EPS": 0.13,
        "Total Revenue": 248,
        "Gross Profit": 103,
        "Operating Income": 29,
        "EBIT": 45,
        "Net Income": 4
    },
    "2012-12-31": {
        "Diluted EPS": 0.23,
        "Total Revenue": 237,
        "Gross Profit": 106,
        "Operating Income": 30,
        "EBIT": 47,
        "Net Income": 8
    },
    "2012-09-30": {
        "Diluted EPS": 0.32,
        "Total Revenue": 247,
        "Gross Profit": 110,
        "Operating Income": 33,
        "EBIT": 49,
        "Net Income": 11
    },
    "2012-06-30": {
        "Diluted EPS": 0.46,
        "Total Revenue": 242,
        "Gross Profit": 110,
        "Operating Income": 42,
        "EBIT": 58,
        "Net Income": 16
    },
    "2012-03-31": {
        "Diluted EPS": 0.3,
        "Total Revenue": 251,
        "Gross Profit": 111,
        "Operating Income": 33,
        "EBIT": 49,
        "Net Income": 11
    },
    "2011-12-31": {
        "Diluted EPS": 0.37,
        "Total Revenue": 219,
        "Gross Profit": 98,
        "Operating Income": 31,
        "EBIT": 46,
        "Net Income": 13
    },
    "2011-09-30": {
        "Diluted EPS": -13.94,
        "Total Revenue": 238,
        "Gross Profit": 103,
        "Operating Income": -495,
        "EBIT": -480,
        "Net Income": -480
    },
    "2011-06-30": {
        "Diluted EPS": 0.05,
        "Total Revenue": 248,
        "Gross Profit": 114,
        "Operating Income": 17,
        "EBIT": 31,
        "Net Income": 2
    },
    "2011-03-31": {
        "Diluted EPS": 0.85,
        "Total Revenue": 259,
        "Gross Profit": 125,
        "Operating Income": 59,
        "EBIT": 73,
        "Net Income": 29
    },
    "2010-12-31": {
        "Diluted EPS": 0.72,
        "Total Revenue": 224,
        "Gross Profit": 110,
        "Operating Income": 51,
        "EBIT": 65,
        "Net Income": 25
    },
    "2010-09-30": {
        "Diluted EPS": 0.0,
        "Total Revenue": NaN,
        "Gross Profit": NaN,
        "Operating Income": NaN,
        "EBIT": NaN,
        "Net Income": NaN
    },
    "2009-09-30": {
        "Diluted EPS": 0.0,
        "Total Revenue": NaN,
        "Gross Profit": NaN,
        "Operating Income": NaN,
        "EBIT": NaN,
        "Net Income": NaN
    },
    "2023-09-30": {
        "Tax Effect Of Unusual Items": -1049736.564805,
        "Tax Rate For Calcs": 0.308746,
        "Normalized EBITDA": 288800000.0,
        "Total Unusual Items": -3400000.0,
        "Total Unusual Items Excluding Goodwill": -3400000.0,
        "Net Income From Continuing Operation Net Minority Interest": 65700000.0,
        "Reconciled Depreciation": 113800000.0,
        "Reconciled Cost Of Revenue": 1325500000.0,
        "EBITDA": 285400000.0,
        "EBIT": 171600000.0,
        "Net Interest Income": -76700000.0,
        "Interest Expense": 76700000.0,
        "Normalized Income": 68050263.435195,
        "Net Income From Continuing And Discontinued Operation": 65700000.0,
        "Total Expenses": 1750200000.0,
        "Total Operating Income As Reported": 153000000.0,
        "Diluted Average Shares": 68000000.0,
        "Basic Average Shares": 60900000.0,
        "Diluted EPS": 1.01,
        "Basic EPS": 1.08,
        "Diluted NI Availto Com Stockholders": 46600000.0,
        "Average Dilution Earnings": NaN,
        "Net Income Common Stockholders": 54700000.0,
        "Otherunder Preferred Stock Dividend": NaN,
        "Net Income": 65700000.0,
        "Minority Interests": 200000.0,
        "Net Income Including Noncontrolling Interests": 65500000.0,
        "Net Income Discontinuous Operations": 0.0,
        "Net Income Continuous Operations": 65500000.0,
        "Earnings From Equity Interest Net Of Tax": -100000.0,
        "Tax Provision": 29300000.0,
        "Pretax Income": 94900000.0,
        "Other Income Expense": -23600000.0,
        "Other Non Operating Income Expenses": -20200000.0,
        "Special Income Charges": -22900000.0,
        "Gain On Sale Of Business": 0.0,
        "Other Special Charges": -19300000.0,
        "Restructuring And Mergern Acquisition": NaN,
        "Earnings From Equity Interest": NaN,
        "Gain On Sale Of Security": 19500000.0,
        "Net Non Operating Interest Income Expense": -76700000.0,
        "Interest Expense Non Operating": 76700000.0,
        "Operating Income": 195200000.0,
        "Operating Expense": 356200000.0,
        "Other Operating Expenses": 1400000.0,
        "Depreciation Amortization Depletion Income Statement": 45300000.0,
        "Depreciation And Amortization In Income Statement": 45300000.0,
        "Amortization": 45300000.0,
        "Amortization Of Intangibles Income Statement": 45300000.0,
        "Selling General And Administration": 309500000.0,
        "Gross Profit": 551400000.0,
        "Cost Of Revenue": 1394000000.0,
        "Total Revenue": 1945400000.0,
        "Operating Revenue": 1945400000.0
    },
    "2023-12-31": {
        "Tax Effect Of Unusual Items": -4395886.88946,
        "Tax Rate For Calcs": 0.244216,
        "Normalized EBITDA": 325200000.0,
        "Total Unusual Items": -18000000.0,
        "Total Unusual Items Excluding Goodwill": -18000000.0,
        "Net Income From Continuing Operation Net Minority Interest": 88100000.0,
        "Reconciled Depreciation": 112400000.0,
        "Reconciled Cost Of Revenue": 1326600000.0,
        "EBITDA": 307200000.0,
        "EBIT": 194800000.0,
        "Net Interest Income": -78100000.0,
        "Interest Expense": 78100000.0,
        "Normalized Income": 101704113.11054,
        "Net Income From Continuing And Discontinued Operation": 88100000.0,
        "Total Expenses": 1756600000.0,
        "Total Operating Income As Reported": 209300000.0,
        "Diluted Average Shares": NaN,
        "Basic Average Shares": NaN,
        "Diluted EPS": NaN,
        "Basic EPS": NaN,
        "Diluted NI Availto Com Stockholders": 90800000.0,
        "Average Dilution Earnings": 2700000.0,
        "Net Income Common Stockholders": 88100000.0,
        "Otherunder Preferred Stock Dividend": NaN,
        "Net Income": 88100000.0,
        "Minority Interests": 0.0,
        "Net Income Including Noncontrolling Interests": 88100000.0,
        "Net Income Discontinuous Operations": NaN,
        "Net Income Continuous Operations": 88100000.0,
        "Earnings From Equity Interest Net Of Tax": -100000.0,
        "Tax Provision": 28500000.0,
        "Pretax Income": 116700000.0,
        "Other Income Expense": -14500000.0,
        "Other Non Operating Income Expenses": 3500000.0,
        "Special Income Charges": 3100000.0,
        "Gain On Sale Of Business": NaN,
        "Other Special Charges": -3100000.0,
        "Restructuring And Mergern Acquisition": NaN,
        "Earnings From Equity Interest": NaN,
        "Gain On Sale Of Security": -21100000.0,
        "Net Non Operating Interest Income Expense": -78100000.0,
        "Interest Expense Non Operating": 78100000.0,
        "Operating Income": 209300000.0,
        "Operating Expense": 363300000.0,
        "Other Operating Expenses": -5300000.0,
        "Depreciation Amortization Depletion Income Statement": 45700000.0,
        "Depreciation And Amortization In Income Statement": 45700000.0,
        "Amortization": 45700000.0,
        "Amortization Of Intangibles Income Statement": 45700000.0,
        "Selling General And Administration": 322900000.0,
        "Gross Profit": 572600000.0,
        "Cost Of Revenue": 1393300000.0,
        "Total Revenue": 1965900000.0,
        "Operating Revenue": 1965900000.0
    }
}