{
    "2023-03-31": {
        "Tax Effect Of Unusual Items": 0.0,
        "Tax Rate For Calcs": 0.08,
        "Normalized EBITDA": 15261000.0,
        "Net Income From Continuing Operation Net Minority Interest": 6875000.0,
        "Reconciled Depreciation": 9504000.0,
        "Reconciled Cost Of Revenue": 42836000.0,
        "EBITDA": 15261000.0,
        "EBIT": 5757000.0,
        "Normalized Income": 6875000.0,
        "Net Income From Continuing And Discontinued Operation": 6875000.0,
        "Total Expenses": 100540000.0,
        "Total Operating Income As Reported": 5757000.0,
        "Diluted Average Shares": 57579000.0,
        "Basic Average Shares": 57105000.0,
        "Diluted EPS": 0.12,
        "Basic EPS": 0.12,
        "Diluted NI Availto Com Stockholders": 6875000.0,
        "Net Income Common Stockholders": 6875000.0,
        "Net Income": 6875000.0,
        "Net Income Including Noncontrolling Interests": 6875000.0,
        "Net Income Continuous Operations": 6875000.0,
        "Tax Provision": 596000.0,
        "Pretax Income": 7471000.0,
        "Other Income Expense": 1714000.0,
        "Other Non Operating Income Expenses": 1714000.0,
        "Operating Income": 5757000.0,
        "Operating Expense": 48200000.0,
        "Other Operating Expenses": NaN,
        "Depreciation Amortization Depletion Income Statement": 0.0,
        "Depreciation And Amortization In Income Statement": 0.0,
        "Amortization": 0.0,
        "Amortization Of Intangibles Income Statement": 0.0,
        "Research And Development": 23981000.0,
        "Selling General And Administration": 24219000.0,
        "Selling And Marketing Expense": 15885000.0,
        "General And Administrative Expense": 8334000.0,
        "Other Gand A": 8334000.0,
        "Gross Profit": 53957000.0,
        "Cost Of Revenue": 52340000.0,
        "Total Revenue": 106297000.0,
        "Operating Revenue": 106297000.0
    },
    "2022-12-31": {
        "Tax Effect Of Unusual Items": 0.0,
        "Tax Rate For Calcs": 0.21,
        "Normalized EBITDA": 30311000.0,
        "Net Income From Continuing Operation Net Minority Interest": 22815000.0,
        "Reconciled Depreciation": 9419000.0,
        "Reconciled Cost Of Revenue": 47997000.0,
        "EBITDA": 30311000.0,
        "EBIT": 20892000.0,
        "Normalized Income": 22815000.0,
        "Net Income From Continuing And Discontinued Operation": 22815000.0,
        "Total Expenses": 103878000.0,
        "Total Operating Income As Reported": 20892000.0,
        "Diluted Average Shares": 57535000.0,
        "Basic Average Shares": 57094000.0,
        "Diluted EPS": 0.4,
        "Basic EPS": 0.4,
        "Diluted NI Availto Com Stockholders": 22815000.0,
        "Net Income Common Stockholders": 22815000.0,
        "Net Income": 22815000.0,
        "Net Income Including Noncontrolling Interests": 22815000.0,
        "Net Income Continuous Operations": 22815000.0,
        "Tax Provision": -1138000.0,
        "Pretax Income": 21677000.0,
        "Other Income Expense": 785000.0,
        "Other Non Operating Income Expenses": 785000.0,
        "Operating Income": 20892000.0,
        "Operating Expense": 46462000.0,
        "Other Operating Expenses": 0.0,
        "Depreciation Amortization Depletion Income Statement": 0.0,
        "Depreciation And Amortization In Income Statement": 0.0,
        "Amortization": 0.0,
        "Amortization Of Intangibles Income Statement": 0.0,
        "Research And Development": 23504000.0,
        "Selling General And Administration": 22958000.0,
        "Selling And Marketing Expense": 15493000.0,
        "General And Administrative Expense": 7465000.0,
        "Other Gand A": 7465000.0,
        "Gross Profit": 67354000.0,
        "Cost Of Revenue": 57416000.0,
        "Total Revenue": 124770000.0,
        "Operating Revenue": 124770000.0
    },
    "2022-09-30": {
        "Tax Effect Of Unusual Items": 0.0,
        "Tax Rate For Calcs": 0.069,
        "Normalized EBITDA": 57795000.0,
        "Net Income From Continuing Operation Net Minority Interest": 45964000.0,
        "Reconciled Depreciation": 9424000.0,
        "Reconciled Cost Of Revenue": 68198000.0,
        "EBITDA": 57795000.0,
        "EBIT": 48371000.0,
        "Normalized Income": 45964000.0,
        "Net Income From Continuing And Discontinued Operation": 45964000.0,
        "Total Expenses": 111862000.0,
        "Total Operating Income As Reported": 48371000.0,
        "Diluted Average Shares": 57603000.0,
        "Basic Average Shares": 57172000.0,
        "Diluted EPS": 0.8,
        "Basic EPS": 0.8,
        "Diluted NI Availto Com Stockholders": 45964000.0,
        "Net Income Common Stockholders": 45964000.0,
        "Net Income": 45964000.0,
        "Net Income Including Noncontrolling Interests": 45964000.0,
        "Net Income Continuous Operations": 45964000.0,
        "Tax Provision": 3408000.0,
        "Pretax Income": 49372000.0,
        "Other Income Expense": 1001000.0,
        "Other Non Operating Income Expenses": 1001000.0,
        "Operating Income": 48371000.0,
        "Operating Expense": 43664000.0,
        "Other Operating Expenses": NaN,
        "Depreciation Amortization Depletion Income Statement": NaN,
        "Depreciation And Amortization In Income Statement": NaN,
        "Amortization": NaN,
        "Amortization Of Intangibles Income Statement": NaN,
        "Research And Development": 23205000.0,
        "Selling General And Administration": 20459000.0,
        "Selling And Marketing Expense": 14700000.0,
        "General And Administrative Expense": 5759000.0,
        "Other Gand A": 5759000.0,
        "Gross Profit": 92035000.0,
        "Cost Of Revenue": 68198000.0,
        "Total Revenue": 160233000.0,
        "Operating Revenue": 160233000.0
    },
    "2022-06-30": {
        "Tax Effect Of Unusual Items": 0.0,
        "Tax Rate For Calcs": 0.081,
        "Normalized EBITDA": 69472000.0,
        "Net Income From Continuing Operation Net Minority Interest": 55824000.0,
        "Reconciled Depreciation": 9370000.0,
        "Reconciled Cost Of Revenue": 77143000.0,
        "EBITDA": 69472000.0,
        "EBIT": 60102000.0,
        "Normalized Income": 55824000.0,
        "Net Income From Continuing And Discontinued Operation": 55824000.0,
        "Total Expenses": 123884000.0,
        "Total Operating Income As Reported": 60102000.0,
        "Diluted Average Shares": 58305000.0,
        "Basic Average Shares": 57731000.0,
        "Diluted EPS": 0.96,
        "Basic EPS": 0.97,
        "Diluted NI Availto Com Stockholders": 55824000.0,
        "Net Income Common Stockholders": 55824000.0,
        "Net Income": 55824000.0,
        "Net Income Including Noncontrolling Interests": 55824000.0,
        "Net Income Continuous Operations": 55824000.0,
        "Tax Provision": 4952000.0,
        "Pretax Income": 60776000.0,
        "Other Income Expense": 674000.0,
        "Other Non Operating Income Expenses": 674000.0,
        "Operating Income": 60102000.0,
        "Operating Expense": 46741000.0,
        "Other Operating Expenses": 1130000.0,
        "Depreciation Amortization Depletion Income Statement": NaN,
        "Depreciation And Amortization In Income Statement": NaN,
        "Amortization": NaN,
        "Amortization Of Intangibles Income Statement": NaN,
        "Research And Development": 23507000.0,
        "Selling General And Administration": 22104000.0,
        "Selling And Marketing Expense": 16045000.0,
        "General And Administrative Expense": 6059000.0,
        "Other Gand A": 6059000.0,
        "Gross Profit": 106843000.0,
        "Cost Of Revenue": 77143000.0,
        "Total Revenue": 183986000.0,
        "Operating Revenue": 183986000.0
    },
    "2023-06-30": {
        "Tax Effect Of Unusual Items": 0.0,
        "Tax Rate For Calcs": 0.037,
        "Normalized EBITDA": 21876000.0,
        "Net Income From Continuing Operation Net Minority Interest": 14793000.0,
        "Reconciled Depreciation": 9235000.0,
        "Reconciled Cost Of Revenue": 51142000.0,
        "EBITDA": 21876000.0,
        "EBIT": 12641000.0,
        "Normalized Income": 14793000.0,
        "Net Income From Continuing And Discontinued Operation": 14793000.0,
        "Total Expenses": 110582000.0,
        "Total Operating Income As Reported": 12641000.0,
        "Diluted Average Shares": 57669000.0,
        "Basic Average Shares": 57355000.0,
        "Diluted EPS": 0.26,
        "Basic EPS": 0.26,
        "Diluted NI Availto Com Stockholders": 14793000.0,
        "Net Income Common Stockholders": 14793000.0,
        "Net Income": 14793000.0,
        "Net Income Including Noncontrolling Interests": 14793000.0,
        "Net Income Continuous Operations": 14793000.0,
        "Tax Provision": 562000.0,
        "Pretax Income": 15355000.0,
        "Other Income Expense": 2714000.0,
        "Other Non Operating Income Expenses": 2714000.0,
        "Operating Income": 12641000.0,
        "Operating Expense": 50205000.0,
        "Other Operating Expenses": NaN,
        "Depreciation Amortization Depletion Income Statement": 0.0,
        "Depreciation And Amortization In Income Statement": 0.0,
        "Amortization": 0.0,
        "Amortization Of Intangibles Income Statement": 0.0,
        "Research And Development": 24517000.0,
        "Selling General And Administration": 25688000.0,
        "Selling And Marketing Expense": 17017000.0,
        "General And Administrative Expense": 8671000.0,
        "Other Gand A": 8671000.0,
        "Gross Profit": 62846000.0,
        "Cost Of Revenue": 60377000.0,
        "Total Revenue": 123223000.0,
        "Operating Revenue": 123223000.0
    },
    "2022-03-31": {
        "Diluted EPS": 0.77,
        "Total Revenue": 182,
        "Gross Profit": 101,
        "Operating Income": 51,
        "EBIT": 61,
        "Net Income": 46
    },
    "2021-12-31": {
        "Diluted EPS": 0.65,
        "Total Revenue": 173,
        "Gross Profit": 93,
        "Operating Income": 44,
        "EBIT": 54,
        "Net Income": 41
    },
    "2021-09-30": {
        "Diluted EPS": 0.69,
        "Total Revenue": 177,
        "Gross Profit": 92,
        "Operating Income": 46,
        "EBIT": 55,
        "Net Income": 42
    },
    "2021-06-30": {
        "Diluted EPS": 0.68,
        "Total Revenue": 180,
        "Gross Profit": 91,
        "Operating Income": 45,
        "EBIT": 54,
        "Net Income": 42
    },
    "2021-03-31": {
        "Diluted EPS": 0.65,
        "Total Revenue": 174,
        "Gross Profit": 84,
        "Operating Income": 40,
        "EBIT": 49,
        "Net Income": 40
    },
    "2020-12-31": {
        "Diluted EPS": 0.45,
        "Total Revenue": 151,
        "Gross Profit": 74,
        "Operating Income": 28,
        "EBIT": 36,
        "Net Income": 27
    },
    "2020-09-30": {
        "Diluted EPS": 0.24,
        "Total Revenue": 121,
        "Gross Profit": 60,
        "Operating Income": 15,
        "EBIT": 22,
        "Net Income": 15
    },
    "2020-06-30": {
        "Diluted EPS": 0.22,
        "Total Revenue": 107,
        "Gross Profit": 54,
        "Operating Income": 13,
        "EBIT": 20,
        "Net Income": 13
    },
    "2020-03-31": {
        "Diluted EPS": 0.26,
        "Total Revenue": 110,
        "Gross Profit": 56,
        "Operating Income": 15,
        "EBIT": 22,
        "Net Income": 16
    },
    "2019-12-31": {
        "Diluted EPS": 2.64,
        "Total Revenue": 114,
        "Gross Profit": 58,
        "Operating Income": 184,
        "EBIT": 190,
        "Net Income": 158
    },
    "2019-09-30": {
        "Diluted EPS": 0.29,
        "Total Revenue": 114,
        "Gross Profit": 58,
        "Operating Income": 17,
        "EBIT": 24,
        "Net Income": 17
    },
    "2019-06-30": {
        "Diluted EPS": 0.19,
        "Total Revenue": 103,
        "Gross Profit": 52,
        "Operating Income": 10,
        "EBIT": 16,
        "Net Income": 11
    },
    "2019-03-31": {
        "Diluted EPS": 0.13,
        "Total Revenue": 89,
        "Gross Profit": 45,
        "Operating Income": 6,
        "EBIT": 12,
        "Net Income": 7
    },
    "2018-12-31": {
        "Diluted EPS": 0.38,
        "Total Revenue": 93,
        "Gross Profit": 48,
        "Operating Income": 8,
        "EBIT": 14,
        "Net Income": 23
    },
    "2018-09-30": {
        "Diluted EPS": 0.3,
        "Total Revenue": 110,
        "Gross Profit": 57,
        "Operating Income": 18,
        "EBIT": 24,
        "Net Income": 18
    },
    "2018-06-30": {
        "Diluted EPS": 0.26,
        "Total Revenue": 109,
        "Gross Profit": 56,
        "Operating Income": 16,
        "EBIT": 22,
        "Net Income": 15
    },
    "2018-03-31": {
        "Diluted EPS": 0.23,
        "Total Revenue": 103,
        "Gross Profit": 54,
        "Operating Income": 14,
        "EBIT": 21,
        "Net Income": 14
    },
    "2017-12-31": {
        "Diluted EPS": -0.29,
        "Total Revenue": 108,
        "Gross Profit": 54,
        "Operating Income": 14,
        "EBIT": 21,
        "Net Income": -17
    },
    "2017-09-30": {
        "Diluted EPS": 0.27,
        "Total Revenue": 111,
        "Gross Profit": 56,
        "Operating Income": 16,
        "EBIT": 23,
        "Net Income": 17
    },
    "2017-06-30": {
        "Diluted EPS": 0.23,
        "Total Revenue": 108,
        "Gross Profit": 53,
        "Operating Income": 14,
        "EBIT": 20,
        "Net Income": 14
    },
    "2017-03-31": {
        "Diluted EPS": 0.24,
        "Total Revenue": 105,
        "Gross Profit": 50,
        "Operating Income": 13,
        "EBIT": 19,
        "Net Income": 14
    },
    "2016-12-31": {
        "Diluted EPS": 0.24,
        "Total Revenue": 102,
        "Gross Profit": 50,
        "Operating Income": 14,
        "EBIT": 19,
        "Net Income": 14
    },
    "2016-09-30": {
        "Diluted EPS": 0.22,
        "Total Revenue": 102,
        "Gross Profit": 50,
        "Operating Income": 13,
        "EBIT": 19,
        "Net Income": 13
    },
    "2016-06-30": {
        "Diluted EPS": 0.2,
        "Total Revenue": 98,
        "Gross Profit": 48,
        "Operating Income": 12,
        "EBIT": 18,
        "Net Income": 11
    },
    "2016-03-31": {
        "Diluted EPS": 0.18,
        "Total Revenue": 88,
        "Gross Profit": 44,
        "Operating Income": 10,
        "EBIT": 17,
        "Net Income": 10
    },
    "2015-12-31": {
        "Diluted EPS": 0.22,
        "Total Revenue": 88,
        "Gross Profit": 43,
        "Operating Income": 11,
        "EBIT": 17,
        "Net Income": 13
    },
    "2015-09-30": {
        "Diluted EPS": 0.2,
        "Total Revenue": 89,
        "Gross Profit": 44,
        "Operating Income": 12,
        "EBIT": 18,
        "Net Income": 12
    },
    "2015-06-30": {
        "Diluted EPS": 0.15,
        "Total Revenue": 85,
        "Gross Profit": 44,
        "Operating Income": 9,
        "EBIT": 15,
        "Net Income": 9
    },
    "2015-03-31": {
        "Diluted EPS": 0.11,
        "Total Revenue": 83,
        "Gross Profit": 42,
        "Operating Income": 7,
        "EBIT": 13,
        "Net Income": 6
    },
    "2014-12-31": {
        "Diluted EPS": 0.24,
        "Total Revenue": 87,
        "Gross Profit": 46,
        "Operating Income": 12,
        "EBIT": 18,
        "Net Income": 14
    },
    "2014-09-30": {
        "Diluted EPS": 0.26,
        "Total Revenue": 90,
        "Gross Profit": 49,
        "Operating Income": 17,
        "EBIT": 23,
        "Net Income": 16
    },
    "2014-06-30": {
        "Diluted EPS": 0.27,
        "Total Revenue": 89,
        "Gross Profit": 49,
        "Operating Income": 14,
        "EBIT": 20,
        "Net Income": 17
    },
    "2014-03-31": {
        "Diluted EPS": 0.2,
        "Total Revenue": 83,
        "Gross Profit": 46,
        "Operating Income": 13,
        "EBIT": 19,
        "Net Income": 12
    },
    "2013-12-31": {
        "Diluted EPS": 0.26,
        "Total Revenue": 90,
        "Gross Profit": 48,
        "Operating Income": 15,
        "EBIT": 21,
        "Net Income": 16
    },
    "2013-09-30": {
        "Diluted EPS": 0.27,
        "Total Revenue": 92,
        "Gross Profit": 49,
        "Operating Income": 17,
        "EBIT": 23,
        "Net Income": 17
    },
    "2013-06-30": {
        "Diluted EPS": 0.23,
        "Total Revenue": 88,
        "Gross Profit": 46,
        "Operating Income": 13,
        "EBIT": 19,
        "Net Income": 14
    },
    "2013-03-31": {
        "Diluted EPS": 0.19,
        "Total Revenue": 77,
        "Gross Profit": 40,
        "Operating Income": 9,
        "EBIT": 15,
        "Net Income": 11
    },
    "2012-12-31": {
        "Diluted EPS": 0.17,
        "Total Revenue": 79,
        "Gross Profit": 39,
        "Operating Income": 9,
        "EBIT": 15,
        "Net Income": 10
    },
    "2012-09-30": {
        "Diluted EPS": -0.77,
        "Total Revenue": 78,
        "Gross Profit": 39,
        "Operating Income": -16,
        "EBIT": -10,
        "Net Income": -44
    },
    "2012-06-30": {
        "Diluted EPS": -0.13,
        "Total Revenue": 76,
        "Gross Profit": 38,
        "Operating Income": 9,
        "EBIT": 15,
        "Net Income": -7
    },
    "2012-03-31": {
        "Diluted EPS": 0.13,
        "Total Revenue": 72,
        "Gross Profit": 35,
        "Operating Income": 9,
        "EBIT": 13,
        "Net Income": 7
    },
    "2011-12-31": {
        "Diluted EPS": 0.11,
        "Total Revenue": 67,
        "Gross Profit": 32,
        "Operating Income": 8,
        "EBIT": 12,
        "Net Income": 6
    },
    "2011-09-30": {
        "Diluted EPS": 0.13,
        "Total Revenue": 75,
        "Gross Profit": 35,
        "Operating Income": 11,
        "EBIT": 15,
        "Net Income": 8
    },
    "2011-06-30": {
        "Diluted EPS": 0.18,
        "Total Revenue": 80,
        "Gross Profit": 38,
        "Operating Income": 13,
        "EBIT": 18,
        "Net Income": 11
    },
    "2011-03-31": {
        "Diluted EPS": 0.17,
        "Total Revenue": 77,
        "Gross Profit": 36,
        "Operating Income": 12,
        "EBIT": 16,
        "Net Income": 10
    },
    "2010-12-31": {
        "Diluted EPS": 0.15,
        "Total Revenue": 73,
        "Gross Profit": 36,
        "Operating Income": 11,
        "EBIT": 15,
        "Net Income": 9
    },
    "2010-09-30": {
        "Diluted EPS": 0.22,
        "Total Revenue": 75,
        "Gross Profit": 39,
        "Operating Income": 15,
        "EBIT": 19,
        "Net Income": 13
    },
    "2010-06-30": {
        "Diluted EPS": 0.27,
        "Total Revenue": 80,
        "Gross Profit": 41,
        "Operating Income": 19,
        "EBIT": 23,
        "Net Income": 16
    },
    "2010-03-31": {
        "Diluted EPS": 0.21,
        "Total Revenue": 72,
        "Gross Profit": 36,
        "Operating Income": 15,
        "EBIT": 18,
        "Net Income": 12
    },
    "2009-12-31": {
        "Diluted EPS": 0.17,
        "Total Revenue": 66,
        "Gross Profit": 34,
        "Operating Income": 11,
        "EBIT": 14,
        "Net Income": 9
    },
    "2009-09-30": {
        "Diluted EPS": 0.16,
        "Total Revenue": 60,
        "Gross Profit": 29,
        "Operating Income": 11,
        "EBIT": 14,
        "Net Income": 9
    },
    "2009-06-30": {
        "Diluted EPS": 0.08,
        "Total Revenue": 49,
        "Gross Profit": 24,
        "Operating Income": 5,
        "EBIT": 8,
        "Net Income": 5
    },
    "2009-03-31": {
        "Diluted EPS": 0.01,
        "Total Revenue": 40,
        "Gross Profit": 21,
        "Operating Income": 1,
        "EBIT": 4,
        "Net Income": 0
    },
    "2023-09-30": {
        "Tax Effect Of Unusual Items": 0.0,
        "Tax Rate For Calcs": 0.051,
        "Normalized EBITDA": 26919000.0,
        "Net Income From Continuing Operation Net Minority Interest": 19796000.0,
        "Reconciled Depreciation": 9207000.0,
        "Reconciled Cost Of Revenue": 50359000.0,
        "EBITDA": 26919000.0,
        "EBIT": 17712000.0,
        "Normalized Income": 19796000.0,
        "Net Income From Continuing And Discontinued Operation": 19796000.0,
        "Total Expenses": 107799000.0,
        "Total Operating Income As Reported": 17712000.0,
        "Diluted Average Shares": 57741000.0,
        "Basic Average Shares": 57383000.0,
        "Diluted EPS": 0.34,
        "Basic EPS": 0.34,
        "Diluted NI Availto Com Stockholders": 19796000.0,
        "Net Income Common Stockholders": 19796000.0,
        "Net Income": 19796000.0,
        "Net Income Including Noncontrolling Interests": 19796000.0,
        "Net Income Continuous Operations": 19796000.0,
        "Tax Provision": 1054000.0,
        "Pretax Income": 20850000.0,
        "Other Income Expense": 3138000.0,
        "Other Non Operating Income Expenses": 3138000.0,
        "Operating Income": 17712000.0,
        "Operating Expense": 48233000.0,
        "Other Operating Expenses": NaN,
        "Depreciation Amortization Depletion Income Statement": 0.0,
        "Depreciation And Amortization In Income Statement": 0.0,
        "Amortization": 0.0,
        "Amortization Of Intangibles Income Statement": 0.0,
        "Research And Development": 24064000.0,
        "Selling General And Administration": 24169000.0,
        "Selling And Marketing Expense": 16224000.0,
        "General And Administrative Expense": 7945000.0,
        "Other Gand A": 7945000.0,
        "Gross Profit": 65945000.0,
        "Cost Of Revenue": 59566000.0,
        "Total Revenue": 125511000.0,
        "Operating Revenue": 125511000.0
    }
}