{
    "2023-03-31": {
        "Tax Effect Of Unusual Items": 0.0,
        "Tax Rate For Calcs": 0.23,
        "Normalized EBITDA": 12250000.0,
        "Net Income From Continuing Operation Net Minority Interest": 8473000.0,
        "Reconciled Depreciation": 2176000.0,
        "Reconciled Cost Of Revenue": 138007000.0,
        "EBITDA": 12250000.0,
        "EBIT": 10074000.0,
        "Net Interest Income": 899000.0,
        "Interest Income": 899000.0,
        "Normalized Income": 8473000.0,
        "Net Income From Continuing And Discontinued Operation": 8473000.0,
        "Total Expenses": 161370000.0,
        "Total Operating Income As Reported": 10074000.0,
        "Diluted NI Availto Com Stockholders": 8473000.0,
        "Net Income Common Stockholders": 8473000.0,
        "Net Income": 8473000.0,
        "Net Income Including Noncontrolling Interests": 8473000.0,
        "Net Income Continuous Operations": 8473000.0,
        "Tax Provision": 2500000.0,
        "Pretax Income": 10973000.0,
        "Net Non Operating Interest Income Expense": 899000.0,
        "Total Other Finance Cost": NaN,
        "Interest Income Non Operating": 899000.0,
        "Operating Income": 10074000.0,
        "Operating Expense": 23363000.0,
        "Research And Development": 1543000.0,
        "Selling General And Administration": 21820000.0,
        "Gross Profit": 33437000.0,
        "Cost Of Revenue": 138007000.0,
        "Total Revenue": 171444000.0,
        "Operating Revenue": 171444000.0
    },
    "2022-12-31": {
        "Tax Effect Of Unusual Items": 0.0,
        "Tax Rate For Calcs": 0.28,
        "Normalized EBITDA": 3226000.0,
        "Net Income From Continuing Operation Net Minority Interest": 1162000.0,
        "Reconciled Depreciation": 2136000.0,
        "Reconciled Cost Of Revenue": 107394000.0,
        "EBITDA": 3226000.0,
        "EBIT": 1090000.0,
        "Net Interest Income": 523000.0,
        "Interest Income": 523000.0,
        "Normalized Income": 1162000.0,
        "Net Income From Continuing And Discontinued Operation": 1162000.0,
        "Total Expenses": 125768000.0,
        "Total Operating Income As Reported": 1090000.0,
        "Diluted NI Availto Com Stockholders": 1162000.0,
        "Net Income Common Stockholders": 1162000.0,
        "Net Income": 1162000.0,
        "Net Income Including Noncontrolling Interests": 1162000.0,
        "Net Income Continuous Operations": 1162000.0,
        "Tax Provision": 451000.0,
        "Pretax Income": 1613000.0,
        "Net Non Operating Interest Income Expense": 523000.0,
        "Total Other Finance Cost": NaN,
        "Interest Income Non Operating": 523000.0,
        "Operating Income": 1090000.0,
        "Operating Expense": 18374000.0,
        "Research And Development": 1501000.0,
        "Selling General And Administration": 16873000.0,
        "Gross Profit": 19464000.0,
        "Cost Of Revenue": 107394000.0,
        "Total Revenue": 126858000.0,
        "Operating Revenue": 126858000.0
    },
    "2022-09-30": {
        "Tax Effect Of Unusual Items": 0.0,
        "Tax Rate For Calcs": 0.176886,
        "Normalized EBITDA": 10362000.0,
        "Net Income From Continuing Operation Net Minority Interest": 8739000.0,
        "Reconciled Depreciation": 0.0,
        "Reconciled Cost Of Revenue": 129236000.0,
        "EBITDA": 10362000.0,
        "EBIT": 10362000.0,
        "Net Interest Income": 255000.0,
        "Interest Income": 255000.0,
        "Normalized Income": 8739000.0,
        "Net Income From Continuing And Discontinued Operation": 8739000.0,
        "Total Expenses": 152314000.0,
        "Total Operating Income As Reported": 10362000.0,
        "Diluted Average Shares": 11969000.0,
        "Basic Average Shares": 11811000.0,
        "Diluted EPS": 0.73,
        "Basic EPS": 0.74,
        "Diluted NI Availto Com Stockholders": 8739000.0,
        "Net Income Common Stockholders": 8739000.0,
        "Net Income": 8739000.0,
        "Net Income Including Noncontrolling Interests": 8739000.0,
        "Net Income Continuous Operations": 8739000.0,
        "Tax Provision": 1878000.0,
        "Pretax Income": 10617000.0,
        "Other Income Expense": 0.0,
        "Other Non Operating Income Expenses": 0.0,
        "Net Non Operating Interest Income Expense": 255000.0,
        "Total Other Finance Cost": -255000.0,
        "Interest Income Non Operating": 255000.0,
        "Operating Income": 10362000.0,
        "Operating Expense": 23078000.0,
        "Depreciation Amortization Depletion Income Statement": 0.0,
        "Depreciation And Amortization In Income Statement": 0.0,
        "Amortization": 0.0,
        "Amortization Of Intangibles Income Statement": 0.0,
        "Research And Development": 1620000.0,
        "Selling General And Administration": 21458000.0,
        "Gross Profit": 33440000.0,
        "Cost Of Revenue": 129236000.0,
        "Total Revenue": 162676000.0,
        "Operating Revenue": 162676000.0
    },
    "2022-06-30": {
        "Tax Effect Of Unusual Items": 0.0,
        "Tax Rate For Calcs": 0.4,
        "Normalized EBITDA": 849000.0,
        "Net Income From Continuing Operation Net Minority Interest": 9061000.0,
        "Reconciled Depreciation": 0.0,
        "Reconciled Cost Of Revenue": 116424000.0,
        "EBITDA": 849000.0,
        "EBIT": 849000.0,
        "Net Interest Income": 63000.0,
        "Interest Income": NaN,
        "Normalized Income": 9061000.0,
        "Net Income From Continuing And Discontinued Operation": 9061000.0,
        "Total Expenses": 134634000.0,
        "Total Operating Income As Reported": 849000.0,
        "Diluted Average Shares": 11901000.0,
        "Basic Average Shares": 11810000.0,
        "Diluted EPS": 0.76,
        "Basic EPS": 0.77,
        "Diluted NI Availto Com Stockholders": 9061000.0,
        "Net Income Common Stockholders": 9061000.0,
        "Net Income": 9061000.0,
        "Net Income Including Noncontrolling Interests": 9061000.0,
        "Net Income Continuous Operations": 9061000.0,
        "Tax Provision": -6143000.0,
        "Pretax Income": 2918000.0,
        "Other Income Expense": 2006000.0,
        "Other Non Operating Income Expenses": 2006000.0,
        "Net Non Operating Interest Income Expense": 63000.0,
        "Total Other Finance Cost": -63000.0,
        "Interest Income Non Operating": NaN,
        "Operating Income": 849000.0,
        "Operating Expense": 18210000.0,
        "Depreciation Amortization Depletion Income Statement": 0.0,
        "Depreciation And Amortization In Income Statement": 0.0,
        "Amortization": 0.0,
        "Amortization Of Intangibles Income Statement": 0.0,
        "Research And Development": 1806000.0,
        "Selling General And Administration": 16404000.0,
        "Gross Profit": 19059000.0,
        "Cost Of Revenue": 116424000.0,
        "Total Revenue": 135483000.0,
        "Operating Revenue": 135483000.0
    },
    "2023-06-30": {
        "Tax Effect Of Unusual Items": 0.0,
        "Tax Rate For Calcs": 0.22,
        "Normalized EBITDA": 23740000.0,
        "Net Income From Continuing Operation Net Minority Interest": 18454000.0,
        "Reconciled Depreciation": 2188000.0,
        "Reconciled Cost Of Revenue": 149695000.0,
        "EBITDA": 23740000.0,
        "EBIT": 21552000.0,
        "Net Interest Income": 2093000.0,
        "Interest Income": NaN,
        "Normalized Income": 18454000.0,
        "Net Income From Continuing And Discontinued Operation": 18454000.0,
        "Total Expenses": 170813000.0,
        "Total Operating Income As Reported": 21552000.0,
        "Diluted NI Availto Com Stockholders": 18454000.0,
        "Net Income Common Stockholders": 18454000.0,
        "Net Income": 18454000.0,
        "Net Income Including Noncontrolling Interests": 18454000.0,
        "Net Income Continuous Operations": 18454000.0,
        "Tax Provision": 5191000.0,
        "Pretax Income": 23645000.0,
        "Net Non Operating Interest Income Expense": 2093000.0,
        "Total Other Finance Cost": -2093000.0,
        "Interest Income Non Operating": NaN,
        "Operating Income": 21552000.0,
        "Operating Expense": 21118000.0,
        "Research And Development": 1427000.0,
        "Selling General And Administration": 19691000.0,
        "Gross Profit": 42670000.0,
        "Cost Of Revenue": 149695000.0,
        "Total Revenue": 192365000.0,
        "Operating Revenue": 192365000.0
    },
    "2022-03-31": {
        "Diluted EPS": -0.1,
        "Total Revenue": 128,
        "Gross Profit": 19,
        "Operating Income": 0,
        "EBIT": 3,
        "Net Income": -1
    },
    "2021-12-31": {
        "Diluted EPS": -0.24,
        "Total Revenue": 107,
        "Gross Profit": 13,
        "Operating Income": -4,
        "EBIT": -2,
        "Net Income": -3
    },
    "2021-09-30": {
        "Diluted EPS": 0.27,
        "Total Revenue": 129,
        "Gross Profit": 22,
        "Operating Income": 4,
        "EBIT": 6,
        "Net Income": 3
    },
    "2021-06-30": {
        "Diluted EPS": -0.17,
        "Total Revenue": 116,
        "Gross Profit": 17,
        "Operating Income": -1,
        "EBIT": 1,
        "Net Income": -2
    },
    "2021-03-31": {
        "Diluted EPS": -0.02,
        "Total Revenue": 119,
        "Gross Profit": 17,
        "Operating Income": -1,
        "EBIT": 1,
        "Net Income": 0
    },
    "2020-12-31": {
        "Diluted EPS": -0.03,
        "Total Revenue": 107,
        "Gross Profit": 18,
        "Operating Income": 0,
        "EBIT": 2,
        "Net Income": 0
    },
    "2020-09-30": {
        "Diluted EPS": 0.24,
        "Total Revenue": 115,
        "Gross Profit": 22,
        "Operating Income": 4,
        "EBIT": 7,
        "Net Income": 3
    },
    "2020-06-30": {
        "Diluted EPS": 0.3,
        "Total Revenue": 118,
        "Gross Profit": 21,
        "Operating Income": 3,
        "EBIT": 5,
        "Net Income": 3
    },
    "2020-03-31": {
        "Diluted EPS": 0.64,
        "Total Revenue": 152,
        "Gross Profit": 30,
        "Operating Income": 9,
        "EBIT": 12,
        "Net Income": 7
    },
    "2019-12-31": {
        "Diluted EPS": 0.24,
        "Total Revenue": 134,
        "Gross Profit": 22,
        "Operating Income": 3,
        "EBIT": 6,
        "Net Income": 3
    },
    "2019-09-30": {
        "Diluted EPS": 0.56,
        "Total Revenue": 149,
        "Gross Profit": 29,
        "Operating Income": 8,
        "EBIT": 10,
        "Net Income": 7
    },
    "2019-06-30": {
        "Diluted EPS": 0.44,
        "Total Revenue": 136,
        "Gross Profit": 24,
        "Operating Income": 6,
        "EBIT": 9,
        "Net Income": 5
    },
    "2019-03-31": {
        "Diluted EPS": 0.08,
        "Total Revenue": 124,
        "Gross Profit": 20,
        "Operating Income": 1,
        "EBIT": 4,
        "Net Income": 1
    },
    "2018-12-31": {
        "Diluted EPS": -0.23,
        "Total Revenue": 109,
        "Gross Profit": 15,
        "Operating Income": -3,
        "EBIT": 0,
        "Net Income": -3
    },
    "2018-09-30": {
        "Diluted EPS": 0.13,
        "Total Revenue": 135,
        "Gross Profit": 24,
        "Operating Income": 3,
        "EBIT": 6,
        "Net Income": 2
    },
    "2018-06-30": {
        "Diluted EPS": 0.03,
        "Total Revenue": 122,
        "Gross Profit": 18,
        "Operating Income": 1,
        "EBIT": 4,
        "Net Income": 0
    },
    "2018-03-31": {
        "Diluted EPS": -0.29,
        "Total Revenue": 102,
        "Gross Profit": 12,
        "Operating Income": -5,
        "EBIT": -2,
        "Net Income": -3
    },
    "2017-12-31": {
        "Diluted EPS": -0.49,
        "Total Revenue": 90,
        "Gross Profit": 11,
        "Operating Income": -7,
        "EBIT": -4,
        "Net Income": -6
    },
    "2017-09-30": {
        "Diluted EPS": -0.45,
        "Total Revenue": 95,
        "Gross Profit": 11,
        "Operating Income": -7,
        "EBIT": -4,
        "Net Income": -5
    },
    "2017-06-30": {
        "Diluted EPS": -0.28,
        "Total Revenue": 86,
        "Gross Profit": 9,
        "Operating Income": -8,
        "EBIT": -4,
        "Net Income": -3
    },
    "2017-03-31": {
        "Diluted EPS": -0.07,
        "Total Revenue": 105,
        "Gross Profit": 16,
        "Operating Income": -3,
        "EBIT": 0,
        "Net Income": -1
    },
    "2016-12-31": {
        "Diluted EPS": -0.03,
        "Total Revenue": 110,
        "Gross Profit": 15,
        "Operating Income": -2,
        "EBIT": 1,
        "Net Income": 0
    },
    "2016-09-30": {
        "Diluted EPS": 0.48,
        "Total Revenue": 130,
        "Gross Profit": 26,
        "Operating Income": 6,
        "EBIT": 10,
        "Net Income": 6
    },
    "2016-06-30": {
        "Diluted EPS": 0.43,
        "Total Revenue": 133,
        "Gross Profit": 27,
        "Operating Income": 6,
        "EBIT": 9,
        "Net Income": 5
    },
    "2016-03-31": {
        "Diluted EPS": 0.49,
        "Total Revenue": 152,
        "Gross Profit": 30,
        "Operating Income": 6,
        "EBIT": 9,
        "Net Income": 6
    },
    "2015-12-31": {
        "Diluted EPS": -0.04,
        "Total Revenue": 150,
        "Gross Profit": 23,
        "Operating Income": -2,
        "EBIT": 1,
        "Net Income": 0
    },
    "2015-09-30": {
        "Diluted EPS": 0.52,
        "Total Revenue": 162,
        "Gross Profit": 30,
        "Operating Income": 9,
        "EBIT": 12,
        "Net Income": 6
    },
    "2015-06-30": {
        "Diluted EPS": 0.6,
        "Total Revenue": 177,
        "Gross Profit": 33,
        "Operating Income": 12,
        "EBIT": 15,
        "Net Income": 7
    },
    "2015-03-31": {
        "Diluted EPS": -0.31,
        "Total Revenue": 170,
        "Gross Profit": 24,
        "Operating Income": 2,
        "EBIT": 5,
        "Net Income": -4
    },
    "2014-12-31": {
        "Diluted EPS": -0.02,
        "Total Revenue": 153,
        "Gross Profit": 21,
        "Operating Income": -2,
        "EBIT": 2,
        "Net Income": 0
    },
    "2014-09-30": {
        "Diluted EPS": 0.21,
        "Total Revenue": 163,
        "Gross Profit": 26,
        "Operating Income": 3,
        "EBIT": 7,
        "Net Income": 2
    },
    "2014-06-30": {
        "Diluted EPS": 0.24,
        "Total Revenue": 151,
        "Gross Profit": 30,
        "Operating Income": 5,
        "EBIT": 8,
        "Net Income": 3
    },
    "2014-03-31": {
        "Diluted EPS": 1.29,
        "Total Revenue": 162,
        "Gross Profit": 35,
        "Operating Income": 11,
        "EBIT": 13,
        "Net Income": 16
    },
    "2013-12-31": {
        "Diluted EPS": 0.68,
        "Total Revenue": 172,
        "Gross Profit": 35,
        "Operating Income": 11,
        "EBIT": 14,
        "Net Income": 8
    },
    "2013-09-30": {
        "Diluted EPS": 1.54,
        "Total Revenue": 176,
        "Gross Profit": 40,
        "Operating Income": 17,
        "EBIT": 19,
        "Net Income": 19
    },
    "2013-06-30": {
        "Diluted EPS": 0.78,
        "Total Revenue": 172,
        "Gross Profit": 37,
        "Operating Income": 12,
        "EBIT": 14,
        "Net Income": 9
    },
    "2013-03-31": {
        "Diluted EPS": 0.57,
        "Total Revenue": 146,
        "Gross Profit": 30,
        "Operating Income": 6,
        "EBIT": 9,
        "Net Income": 7
    },
    "2012-12-31": {
        "Diluted EPS": 0.62,
        "Total Revenue": 147,
        "Gross Profit": 32,
        "Operating Income": 11,
        "EBIT": 14,
        "Net Income": 7
    },
    "2012-09-30": {
        "Diluted EPS": 0.99,
        "Total Revenue": 158,
        "Gross Profit": 34,
        "Operating Income": 17,
        "EBIT": 20,
        "Net Income": 12
    },
    "2012-06-30": {
        "Diluted EPS": 1.02,
        "Total Revenue": 194,
        "Gross Profit": 44,
        "Operating Income": 18,
        "EBIT": 22,
        "Net Income": 12
    },
    "2012-03-31": {
        "Diluted EPS": 0.63,
        "Total Revenue": 181,
        "Gross Profit": 34,
        "Operating Income": 12,
        "EBIT": 15,
        "Net Income": 7
    },
    "2011-12-31": {
        "Diluted EPS": -0.15,
        "Total Revenue": 157,
        "Gross Profit": 20,
        "Operating Income": 0,
        "EBIT": 3,
        "Net Income": -2
    },
    "2011-09-30": {
        "Diluted EPS": -0.6,
        "Total Revenue": 171,
        "Gross Profit": 27,
        "Operating Income": -4,
        "EBIT": 7,
        "Net Income": -7
    },
    "2011-06-30": {
        "Diluted EPS": 0.01,
        "Total Revenue": 141,
        "Gross Profit": 22,
        "Operating Income": 1,
        "EBIT": 5,
        "Net Income": 0
    },
    "2011-03-31": {
        "Diluted EPS": 0.15,
        "Total Revenue": 125,
        "Gross Profit": 25,
        "Operating Income": 2,
        "EBIT": 6,
        "Net Income": 2
    },
    "2010-12-31": {
        "Diluted EPS": 0.21,
        "Total Revenue": 125,
        "Gross Profit": 26,
        "Operating Income": 4,
        "EBIT": 7,
        "Net Income": 2
    },
    "2010-09-30": {
        "Diluted EPS": -0.42,
        "Total Revenue": 134,
        "Gross Profit": 29,
        "Operating Income": -1,
        "EBIT": 10,
        "Net Income": -5
    },
    "2010-06-30": {
        "Diluted EPS": 0.88,
        "Total Revenue": 139,
        "Gross Profit": 38,
        "Operating Income": 16,
        "EBIT": 20,
        "Net Income": 10
    },
    "2010-03-31": {
        "Diluted EPS": 0.85,
        "Total Revenue": 142,
        "Gross Profit": 37,
        "Operating Income": 15,
        "EBIT": 19,
        "Net Income": 10
    },
    "2009-12-31": {
        "Diluted EPS": 0.83,
        "Total Revenue": 136,
        "Gross Profit": 38,
        "Operating Income": 15,
        "EBIT": 18,
        "Net Income": 10
    },
    "2009-09-30": {
        "Diluted EPS": 0.84,
        "Total Revenue": 165,
        "Gross Profit": 36,
        "Operating Income": 14,
        "EBIT": 17,
        "Net Income": 10
    },
    "2009-06-30": {
        "Diluted EPS": 1.14,
        "Total Revenue": 166,
        "Gross Profit": 41,
        "Operating Income": 21,
        "EBIT": 23,
        "Net Income": 13
    },
    "2009-03-31": {
        "Diluted EPS": 0.77,
        "Total Revenue": 164,
        "Gross Profit": 34,
        "Operating Income": 14,
        "EBIT": 16,
        "Net Income": 9
    },
    "2023-09-30": {
        "Tax Effect Of Unusual Items": 0.0,
        "Tax Rate For Calcs": 0.192035,
        "Normalized EBITDA": 31910000.0,
        "Net Income From Continuing Operation Net Minority Interest": 26435000.0,
        "Reconciled Depreciation": 2106000.0,
        "Reconciled Cost Of Revenue": 156659000.0,
        "EBITDA": 31910000.0,
        "EBIT": 29804000.0,
        "Net Interest Income": 2914000.0,
        "Interest Income": NaN,
        "Normalized Income": 26435000.0,
        "Net Income From Continuing And Discontinued Operation": 26435000.0,
        "Total Expenses": 178837000.0,
        "Total Operating Income As Reported": 29804000.0,
        "Diluted NI Availto Com Stockholders": 26435000.0,
        "Net Income Common Stockholders": 26435000.0,
        "Net Income": 26435000.0,
        "Net Income Including Noncontrolling Interests": 26435000.0,
        "Net Income Continuous Operations": 26435000.0,
        "Tax Provision": 6283000.0,
        "Pretax Income": 32718000.0,
        "Net Non Operating Interest Income Expense": 2914000.0,
        "Total Other Finance Cost": NaN,
        "Interest Income Non Operating": NaN,
        "Operating Income": 29804000.0,
        "Operating Expense": 22178000.0,
        "Research And Development": 1749000.0,
        "Selling General And Administration": 20429000.0,
        "Gross Profit": 51982000.0,
        "Cost Of Revenue": 156659000.0,
        "Total Revenue": 208641000.0,
        "Operating Revenue": 208641000.0
    }
}