{
    "2023-03-31": {
        "Tax Effect Of Unusual Items": 0.0,
        "Tax Rate For Calcs": 0.178457,
        "Normalized EBITDA": 1081093.0,
        "Net Income From Continuing Operation Net Minority Interest": -2942566.0,
        "Reconciled Depreciation": 4568977.0,
        "Reconciled Cost Of Revenue": 30532708.0,
        "EBIT": -3487884.0,
        "Net Interest Income": -93871.0,
        "Interest Expense": 93871.0,
        "Normalized Income": -2942566.0,
        "Net Income From Continuing And Discontinued Operation": -2942566.0,
        "Total Expenses": 47168594.0,
        "Total Operating Income As Reported": -3484872.0,
        "Diluted Average Shares": NaN,
        "Basic Average Shares": NaN,
        "Diluted EPS": NaN,
        "Basic EPS": NaN,
        "Diluted NI Availto Com Stockholders": -3708191.0,
        "Net Income Common Stockholders": -3708191.0,
        "Preferred Stock Dividends": 765625.0,
        "Net Income": -2942566.0,
        "Net Income Including Noncontrolling Interests": -2942566.0,
        "Net Income Continuous Operations": -2942566.0,
        "Tax Provision": -639189.0,
        "Pretax Income": -3581755.0,
        "Other Income Expense": -3012.0,
        "Other Non Operating Income Expenses": -3012.0,
        "Net Non Operating Interest Income Expense": -93871.0,
        "Total Other Finance Cost": NaN,
        "Interest Expense Non Operating": 93871.0,
        "Operating Income": -3484872.0,
        "Operating Expense": 15394919.0,
        "Depreciation Amortization Depletion Income Statement": 3328010.0,
        "Depreciation And Amortization In Income Statement": 3328010.0,
        "Selling General And Administration": 12066909.0,
        "Selling And Marketing Expense": 742326.0,
        "General And Administrative Expense": 11324583.0,
        "Other Gand A": 7059882.0,
        "Salaries And Wages": 4264701.0,
        "Gross Profit": 11910047.0,
        "Cost Of Revenue": 31773675.0,
        "Total Revenue": 43683722.0,
        "Operating Revenue": 43683722.0
    },
    "2022-12-31": {
        "Tax Effect Of Unusual Items": 0.0,
        "Tax Rate For Calcs": 0.149483,
        "Normalized EBITDA": -1194604.0,
        "Net Income From Continuing Operation Net Minority Interest": -4102992.0,
        "Reconciled Depreciation": 3309074.0,
        "Reconciled Cost Of Revenue": 26184315.0,
        "EBIT": -4503678.0,
        "Net Interest Income": -320439.0,
        "Interest Expense": 320439.0,
        "Normalized Income": -4102992.0,
        "Net Income From Continuing And Discontinued Operation": -4102992.0,
        "Total Expenses": 43044769.0,
        "Total Operating Income As Reported": -4333275.0,
        "Diluted Average Shares": 117348511.0,
        "Basic Average Shares": 117348511.0,
        "Diluted EPS": -0.04,
        "Basic EPS": -0.04,
        "Diluted NI Availto Com Stockholders": -4885631.0,
        "Net Income Common Stockholders": -4885631.0,
        "Preferred Stock Dividends": 782639.0,
        "Net Income": -4102992.0,
        "Net Income Including Noncontrolling Interests": -4102992.0,
        "Net Income Continuous Operations": -4102992.0,
        "Tax Provision": -721125.0,
        "Pretax Income": -4824117.0,
        "Other Income Expense": -170403.0,
        "Other Non Operating Income Expenses": -170403.0,
        "Net Non Operating Interest Income Expense": -320439.0,
        "Total Other Finance Cost": NaN,
        "Interest Expense Non Operating": 320439.0,
        "Operating Income": -4333275.0,
        "Operating Expense": 16860454.0,
        "Depreciation Amortization Depletion Income Statement": 3309074.0,
        "Depreciation And Amortization In Income Statement": 3309074.0,
        "Selling General And Administration": 13551380.0,
        "Selling And Marketing Expense": 1010543.0,
        "General And Administrative Expense": 12540837.0,
        "Other Gand A": 7835201.0,
        "Salaries And Wages": 4705636.0,
        "Gross Profit": 12527179.0,
        "Cost Of Revenue": 26184315.0,
        "Total Revenue": 38711494.0,
        "Operating Revenue": 38711494.0
    },
    "2022-09-30": {
        "Tax Effect Of Unusual Items": 0.0,
        "Tax Rate For Calcs": 0.35,
        "Normalized EBITDA": 3796430.0,
        "Net Income From Continuing Operation Net Minority Interest": -803507.0,
        "Reconciled Depreciation": 4294845.0,
        "Reconciled Cost Of Revenue": 34449327.0,
        "EBIT": -498415.0,
        "Net Interest Income": -97265.0,
        "Interest Expense": 97265.0,
        "Normalized Income": -803507.0,
        "Net Income From Continuing And Discontinued Operation": -803507.0,
        "Total Expenses": 48792072.0,
        "Total Operating Income As Reported": -503513.0,
        "Diluted Average Shares": 116927607.0,
        "Basic Average Shares": 116927607.0,
        "Diluted EPS": -0.01,
        "Basic EPS": -0.01,
        "Diluted NI Availto Com Stockholders": -1586146.0,
        "Net Income Common Stockholders": -1586146.0,
        "Preferred Stock Dividends": 782639.0,
        "Net Income": -803507.0,
        "Net Income Including Noncontrolling Interests": -803507.0,
        "Net Income Continuous Operations": -803507.0,
        "Tax Provision": 207827.0,
        "Pretax Income": -595680.0,
        "Other Income Expense": 5098.0,
        "Other Non Operating Income Expenses": 5098.0,
        "Net Non Operating Interest Income Expense": -97265.0,
        "Total Other Finance Cost": NaN,
        "Interest Expense Non Operating": 97265.0,
        "Operating Income": -503513.0,
        "Operating Expense": 13339222.0,
        "Depreciation Amortization Depletion Income Statement": 3291322.0,
        "Depreciation And Amortization In Income Statement": 3291322.0,
        "Selling General And Administration": 10047900.0,
        "Selling And Marketing Expense": 1068501.0,
        "General And Administrative Expense": 8979399.0,
        "Other Gand A": 5055699.0,
        "Salaries And Wages": 3923700.0,
        "Gross Profit": 12835709.0,
        "Cost Of Revenue": 35452850.0,
        "Total Revenue": 48288559.0,
        "Operating Revenue": 48288559.0
    },
    "2022-06-30": {
        "Tax Effect Of Unusual Items": 0.0,
        "Tax Rate For Calcs": 0.37,
        "Normalized EBITDA": 9556362.0,
        "Net Income From Continuing Operation Net Minority Interest": 3253027.0,
        "Reconciled Depreciation": 4300123.0,
        "Reconciled Cost Of Revenue": 41670597.0,
        "EBIT": 5256239.0,
        "Net Interest Income": -120487.0,
        "Interest Expense": 120487.0,
        "Normalized Income": 3253027.0,
        "Net Income From Continuing And Discontinued Operation": 3253027.0,
        "Total Expenses": 55693285.0,
        "Total Operating Income As Reported": 5062741.0,
        "Diluted Average Shares": 117879639.0,
        "Basic Average Shares": 116560372.0,
        "Diluted EPS": 0.02,
        "Basic EPS": 0.02,
        "Diluted NI Availto Com Stockholders": 2478895.0,
        "Net Income Common Stockholders": 2478895.0,
        "Preferred Stock Dividends": 774132.0,
        "Net Income": 3253027.0,
        "Net Income Including Noncontrolling Interests": 3253027.0,
        "Net Income Continuous Operations": 3253027.0,
        "Tax Provision": 1882725.0,
        "Pretax Income": 5135752.0,
        "Other Income Expense": 193498.0,
        "Other Non Operating Income Expenses": 193498.0,
        "Net Non Operating Interest Income Expense": -120487.0,
        "Total Other Finance Cost": 120487.0,
        "Interest Expense Non Operating": 120487.0,
        "Operating Income": 5062741.0,
        "Operating Expense": 13072921.0,
        "Depreciation Amortization Depletion Income Statement": 3350356.0,
        "Depreciation And Amortization In Income Statement": 3350356.0,
        "Selling General And Administration": 9722565.0,
        "Selling And Marketing Expense": 1908170.0,
        "General And Administrative Expense": 7814395.0,
        "Other Gand A": 5029297.0,
        "Salaries And Wages": 2785098.0,
        "Gross Profit": 18135662.0,
        "Cost Of Revenue": 42620364.0,
        "Total Revenue": 60756026.0,
        "Operating Revenue": 60756026.0
    },
    "2022-03-31": {
        "Diluted EPS": 0.01,
        "Total Revenue": 70,
        "Gross Profit": 21,
        "Operating Income": 3,
        "EBIT": 7,
        "Net Income": 0
    },
    "2021-12-31": {
        "Diluted EPS": 0.07,
        "Total Revenue": 65,
        "Gross Profit": 23,
        "Operating Income": 11,
        "EBIT": 15,
        "Net Income": 8
    },
    "2021-09-30": {
        "Diluted EPS": 0.11,
        "Total Revenue": 61,
        "Gross Profit": 26,
        "Operating Income": 14,
        "EBIT": 19,
        "Net Income": 13
    },
    "2021-06-30": {
        "Diluted EPS": 0.08,
        "Total Revenue": 44,
        "Gross Profit": 19,
        "Operating Income": 10,
        "EBIT": 13,
        "Net Income": 9
    },
    "2021-03-31": {
        "Diluted EPS": 0.02,
        "Total Revenue": 24,
        "Gross Profit": 6,
        "Operating Income": 0,
        "EBIT": 1,
        "Net Income": 0
    },
    "2020-12-31": {
        "Diluted EPS": -0.04,
        "Total Revenue": 17,
        "Gross Profit": 3,
        "Operating Income": 0,
        "EBIT": 1,
        "Net Income": -2
    },
    "2020-09-30": {
        "Diluted EPS": -0.05,
        "Total Revenue": 12,
        "Gross Profit": 1,
        "Operating Income": -2,
        "EBIT": 0,
        "Net Income": -2
    },
    "2020-06-30": {
        "Diluted EPS": -0.07,
        "Total Revenue": 10,
        "Gross Profit": 1,
        "Operating Income": -3,
        "EBIT": -2,
        "Net Income": -3
    },
    "2020-03-31": {
        "Diluted EPS": -0.09,
        "Total Revenue": 5,
        "Gross Profit": -1,
        "Operating Income": -4,
        "EBIT": -3,
        "Net Income": -4
    },
    "2019-12-31": {
        "Diluted EPS": -0.06,
        "Total Revenue": 3,
        "Gross Profit": -1,
        "Operating Income": -3,
        "EBIT": -2,
        "Net Income": -3
    },
    "2019-09-30": {
        "Diluted EPS": -0.08,
        "Total Revenue": 3,
        "Gross Profit": -1,
        "Operating Income": -3,
        "EBIT": -2,
        "Net Income": -3
    },
    "2019-06-30": {
        "Diluted EPS": -0.09,
        "Total Revenue": 4,
        "Gross Profit": -1,
        "Operating Income": -4,
        "EBIT": -3,
        "Net Income": -4
    },
    "2019-03-31": {
        "Diluted EPS": -0.22,
        "Total Revenue": 1,
        "Gross Profit": 0,
        "Operating Income": -3,
        "EBIT": -3,
        "Net Income": -8
    },
    "2018-12-31": {
        "Diluted EPS": -0.02,
        "Total Revenue": 0,
        "Gross Profit": 0,
        "Operating Income": -2,
        "EBIT": -2,
        "Net Income": -1
    },
    "2018-09-30": {
        "Diluted EPS": -0.05,
        "Total Revenue": 1,
        "Gross Profit": 0,
        "Operating Income": -2,
        "EBIT": -1,
        "Net Income": -2
    },
    "2018-06-30": {
        "Diluted EPS": -0.06,
        "Total Revenue": 1,
        "Gross Profit": 0,
        "Operating Income": -2,
        "EBIT": -2,
        "Net Income": -2
    },
    "2018-03-31": {
        "Diluted EPS": 0.09,
        "Total Revenue": 1,
        "Gross Profit": 0,
        "Operating Income": 1,
        "EBIT": 1,
        "Net Income": 1
    },
    "2017-12-31": {
        "Diluted EPS": 0.0,
        "Total Revenue": NaN,
        "Gross Profit": NaN,
        "Operating Income": NaN,
        "EBIT": NaN,
        "Net Income": NaN
    },
    "2017-09-30": {
        "Diluted EPS": -0.03,
        "Total Revenue": 0,
        "Gross Profit": 0,
        "Operating Income": -1,
        "EBIT": -1,
        "Net Income": -1
    },
    "2017-06-30": {
        "Diluted EPS": -0.04,
        "Total Revenue": 0,
        "Gross Profit": 0,
        "Operating Income": -1,
        "EBIT": -1,
        "Net Income": -1
    },
    "2017-03-31": {
        "Diluted EPS": -0.06,
        "Total Revenue": 1,
        "Gross Profit": 0,
        "Operating Income": 1,
        "EBIT": 1,
        "Net Income": -1
    },
    "2016-12-31": {
        "Diluted EPS": 0.0,
        "Total Revenue": NaN,
        "Gross Profit": NaN,
        "Operating Income": NaN,
        "EBIT": NaN,
        "Net Income": NaN
    },
    "2016-09-30": {
        "Diluted EPS": 0.0,
        "Total Revenue": NaN,
        "Gross Profit": NaN,
        "Operating Income": NaN,
        "EBIT": NaN,
        "Net Income": 0
    },
    "2016-06-30": {
        "Diluted EPS": 0.0,
        "Total Revenue": NaN,
        "Gross Profit": NaN,
        "Operating Income": NaN,
        "EBIT": NaN,
        "Net Income": 0
    },
    "2015-09-30": {
        "Diluted EPS": 0.0,
        "Total Revenue": NaN,
        "Gross Profit": NaN,
        "Operating Income": NaN,
        "EBIT": NaN,
        "Net Income": 0
    },
    "2015-06-30": {
        "Diluted EPS": 0.0,
        "Total Revenue": NaN,
        "Gross Profit": NaN,
        "Operating Income": NaN,
        "EBIT": NaN,
        "Net Income": 0
    }
}