{
    "2023-04-30": {
        "Tax Effect Of Unusual Items": NaN,
        "Tax Rate For Calcs": NaN,
        "Normalized EBITDA": NaN,
        "Net Income From Continuing Operation Net Minority Interest": NaN,
        "Reconciled Depreciation": NaN,
        "Reconciled Cost Of Revenue": NaN,
        "EBITDA": NaN,
        "EBIT": NaN,
        "Net Interest Income": NaN,
        "Interest Expense": NaN,
        "Normalized Income": NaN,
        "Net Income From Continuing And Discontinued Operation": NaN,
        "Total Expenses": NaN,
        "Total Operating Income As Reported": NaN,
        "Diluted Average Shares": 8004000.0,
        "Basic Average Shares": 8004000.0,
        "Diluted EPS": -0.14,
        "Basic EPS": -0.14,
        "Diluted NI Availto Com Stockholders": NaN,
        "Net Income Common Stockholders": NaN,
        "Net Income": NaN,
        "Minority Interests": NaN,
        "Net Income Including Noncontrolling Interests": NaN,
        "Net Income Continuous Operations": NaN,
        "Tax Provision": NaN,
        "Pretax Income": NaN,
        "Other Income Expense": NaN,
        "Other Non Operating Income Expenses": NaN,
        "Net Non Operating Interest Income Expense": NaN,
        "Interest Expense Non Operating": NaN,
        "Operating Income": NaN,
        "Operating Expense": NaN,
        "Selling General And Administration": NaN,
        "Selling And Marketing Expense": NaN,
        "General And Administrative Expense": NaN,
        "Other Gand A": NaN,
        "Gross Profit": NaN,
        "Cost Of Revenue": NaN,
        "Total Revenue": NaN,
        "Operating Revenue": NaN
    },
    "2023-01-31": {
        "Tax Effect Of Unusual Items": NaN,
        "Tax Rate For Calcs": NaN,
        "Normalized EBITDA": NaN,
        "Net Income From Continuing Operation Net Minority Interest": NaN,
        "Reconciled Depreciation": NaN,
        "Reconciled Cost Of Revenue": NaN,
        "EBITDA": NaN,
        "EBIT": NaN,
        "Net Interest Income": NaN,
        "Interest Expense": NaN,
        "Normalized Income": NaN,
        "Net Income From Continuing And Discontinued Operation": NaN,
        "Total Expenses": NaN,
        "Total Operating Income As Reported": NaN,
        "Diluted Average Shares": 8214000.0,
        "Basic Average Shares": 8004000.0,
        "Diluted EPS": 0.39,
        "Basic EPS": 0.4,
        "Diluted NI Availto Com Stockholders": NaN,
        "Net Income Common Stockholders": NaN,
        "Net Income": NaN,
        "Minority Interests": NaN,
        "Net Income Including Noncontrolling Interests": NaN,
        "Net Income Continuous Operations": NaN,
        "Tax Provision": NaN,
        "Pretax Income": NaN,
        "Other Income Expense": NaN,
        "Other Non Operating Income Expenses": NaN,
        "Net Non Operating Interest Income Expense": NaN,
        "Interest Expense Non Operating": NaN,
        "Operating Income": NaN,
        "Operating Expense": NaN,
        "Selling General And Administration": NaN,
        "Selling And Marketing Expense": NaN,
        "General And Administrative Expense": NaN,
        "Other Gand A": NaN,
        "Gross Profit": NaN,
        "Cost Of Revenue": NaN,
        "Total Revenue": NaN,
        "Operating Revenue": NaN
    },
    "2022-10-31": {
        "Tax Effect Of Unusual Items": NaN,
        "Tax Rate For Calcs": NaN,
        "Normalized EBITDA": NaN,
        "Net Income From Continuing Operation Net Minority Interest": NaN,
        "Reconciled Depreciation": NaN,
        "Reconciled Cost Of Revenue": NaN,
        "EBITDA": NaN,
        "EBIT": NaN,
        "Net Interest Income": NaN,
        "Interest Expense": NaN,
        "Normalized Income": NaN,
        "Net Income From Continuing And Discontinued Operation": NaN,
        "Total Expenses": NaN,
        "Total Operating Income As Reported": NaN,
        "Diluted Average Shares": 8146000.0,
        "Basic Average Shares": 8004000.0,
        "Diluted EPS": 0.21,
        "Basic EPS": 0.22,
        "Diluted NI Availto Com Stockholders": NaN,
        "Net Income Common Stockholders": NaN,
        "Net Income": NaN,
        "Minority Interests": 0.0,
        "Net Income Including Noncontrolling Interests": NaN,
        "Net Income Continuous Operations": NaN,
        "Tax Provision": NaN,
        "Pretax Income": NaN,
        "Other Income Expense": NaN,
        "Other Non Operating Income Expenses": NaN,
        "Net Non Operating Interest Income Expense": NaN,
        "Interest Expense Non Operating": NaN,
        "Operating Income": NaN,
        "Operating Expense": NaN,
        "Selling General And Administration": NaN,
        "Selling And Marketing Expense": NaN,
        "General And Administrative Expense": NaN,
        "Other Gand A": NaN,
        "Gross Profit": NaN,
        "Cost Of Revenue": NaN,
        "Total Revenue": NaN,
        "Operating Revenue": NaN
    },
    "2022-07-31": {
        "Tax Effect Of Unusual Items": 0.0,
        "Tax Rate For Calcs": 0.32,
        "Normalized EBITDA": 4192000.0,
        "Net Income From Continuing Operation Net Minority Interest": 1868000.0,
        "Reconciled Depreciation": 931000.0,
        "Reconciled Cost Of Revenue": 27117000.0,
        "EBITDA": 4192000.0,
        "EBIT": 3261000.0,
        "Net Interest Income": -500000.0,
        "Interest Expense": 500000.0,
        "Normalized Income": 1868000.0,
        "Net Income From Continuing And Discontinued Operation": 1868000.0,
        "Total Expenses": 33678000.0,
        "Total Operating Income As Reported": 3325000.0,
        "Diluted Average Shares": 8186000.0,
        "Basic Average Shares": 7975000.0,
        "Diluted EPS": 0.23,
        "Basic EPS": 0.23,
        "Diluted NI Availto Com Stockholders": 1868000.0,
        "Net Income Common Stockholders": 1868000.0,
        "Net Income": 1868000.0,
        "Minority Interests": NaN,
        "Net Income Including Noncontrolling Interests": 1868000.0,
        "Net Income Continuous Operations": 1868000.0,
        "Tax Provision": 893000.0,
        "Pretax Income": 2761000.0,
        "Other Income Expense": -64000.0,
        "Other Non Operating Income Expenses": -64000.0,
        "Net Non Operating Interest Income Expense": -500000.0,
        "Interest Expense Non Operating": 500000.0,
        "Operating Income": 3325000.0,
        "Operating Expense": 6561000.0,
        "Other Operating Expenses": NaN,
        "Selling General And Administration": 6561000.0,
        "Selling And Marketing Expense": 1315000.0,
        "General And Administrative Expense": 5246000.0,
        "Other Gand A": 5246000.0,
        "Gross Profit": 9886000.0,
        "Cost Of Revenue": 27117000.0,
        "Total Revenue": 37003000.0,
        "Operating Revenue": 37003000.0
    },
    "2022-04-30": {
        "Diluted EPS": -0.11,
        "Total Revenue": 31,
        "Gross Profit": 7,
        "Operating Income": 0,
        "EBIT": 1,
        "Net Income": -1
    },
    "2022-01-31": {
        "Diluted EPS": 0.35,
        "Total Revenue": 39,
        "Gross Profit": 10,
        "Operating Income": 3,
        "EBIT": 4,
        "Net Income": 3
    },
    "2021-10-31": {
        "Diluted EPS": 0.06,
        "Total Revenue": 35,
        "Gross Profit": 8,
        "Operating Income": 2,
        "EBIT": 3,
        "Net Income": 0
    },
    "2021-07-31": {
        "Diluted EPS": 0.41,
        "Total Revenue": 40,
        "Gross Profit": 11,
        "Operating Income": 4,
        "EBIT": 5,
        "Net Income": 3
    },
    "2021-04-30": {
        "Diluted EPS": -0.1,
        "Total Revenue": 24,
        "Gross Profit": 5,
        "Operating Income": -1,
        "EBIT": 0,
        "Net Income": -1
    },
    "2021-01-31": {
        "Diluted EPS": -0.31,
        "Total Revenue": 21,
        "Gross Profit": 2,
        "Operating Income": -3,
        "EBIT": -2,
        "Net Income": -3
    },
    "2020-10-31": {
        "Diluted EPS": -0.35,
        "Total Revenue": 20,
        "Gross Profit": 3,
        "Operating Income": -3,
        "EBIT": -1,
        "Net Income": -3
    },
    "2020-07-31": {
        "Diluted EPS": 0.03,
        "Total Revenue": 20,
        "Gross Profit": 2,
        "Operating Income": -3,
        "EBIT": -2,
        "Net Income": 0
    },
    "2020-04-30": {
        "Diluted EPS": -0.31,
        "Total Revenue": 23,
        "Gross Profit": 3,
        "Operating Income": -2,
        "EBIT": -1,
        "Net Income": -3
    },
    "2020-01-31": {
        "Diluted EPS": 0.18,
        "Total Revenue": 32,
        "Gross Profit": 7,
        "Operating Income": 1,
        "EBIT": 2,
        "Net Income": 2
    },
    "2019-10-31": {
        "Diluted EPS": -0.02,
        "Total Revenue": 34,
        "Gross Profit": 8,
        "Operating Income": 2,
        "EBIT": 3,
        "Net Income": 0
    },
    "2019-07-31": {
        "Diluted EPS": 0.45,
        "Total Revenue": 37,
        "Gross Profit": 10,
        "Operating Income": 3,
        "EBIT": 5,
        "Net Income": 4
    },
    "2019-04-30": {
        "Diluted EPS": -0.19,
        "Total Revenue": 24,
        "Gross Profit": 5,
        "Operating Income": -1,
        "EBIT": 0,
        "Net Income": -2
    },
    "2019-01-31": {
        "Diluted EPS": 0.13,
        "Total Revenue": 35,
        "Gross Profit": 6,
        "Operating Income": 2,
        "EBIT": 3,
        "Net Income": 1
    },
    "2018-10-31": {
        "Diluted EPS": -0.02,
        "Total Revenue": 33,
        "Gross Profit": 7,
        "Operating Income": 1,
        "EBIT": 2,
        "Net Income": 0
    },
    "2018-07-31": {
        "Diluted EPS": -0.04,
        "Total Revenue": 32,
        "Gross Profit": 6,
        "Operating Income": 1,
        "EBIT": 2,
        "Net Income": 0
    },
    "2018-04-30": {
        "Diluted EPS": -0.14,
        "Total Revenue": 29,
        "Gross Profit": 4,
        "Operating Income": -1,
        "EBIT": 0,
        "Net Income": -1
    },
    "2018-01-31": {
        "Diluted EPS": -0.19,
        "Total Revenue": 27,
        "Gross Profit": 4,
        "Operating Income": -1,
        "EBIT": 0,
        "Net Income": -1
    },
    "2017-10-31": {
        "Diluted EPS": -0.43,
        "Total Revenue": 27,
        "Gross Profit": 3,
        "Operating Income": -2,
        "EBIT": -1,
        "Net Income": -3
    },
    "2017-07-31": {
        "Diluted EPS": -0.22,
        "Total Revenue": 27,
        "Gross Profit": 3,
        "Operating Income": -2,
        "EBIT": -1,
        "Net Income": -2
    },
    "2017-04-30": {
        "Diluted EPS": -0.46,
        "Total Revenue": 24,
        "Gross Profit": 2,
        "Operating Income": -4,
        "EBIT": -3,
        "Net Income": -3
    },
    "2017-01-31": {
        "Diluted EPS": -0.3,
        "Total Revenue": 28,
        "Gross Profit": 3,
        "Operating Income": -4,
        "EBIT": -2,
        "Net Income": -2
    },
    "2016-10-31": {
        "Diluted EPS": -0.52,
        "Total Revenue": 25,
        "Gross Profit": 4,
        "Operating Income": -1,
        "EBIT": 0,
        "Net Income": -4
    },
    "2016-07-31": {
        "Diluted EPS": 0.01,
        "Total Revenue": 23,
        "Gross Profit": 3,
        "Operating Income": -2,
        "EBIT": -1,
        "Net Income": 0
    },
    "2016-04-30": {
        "Diluted EPS": -0.86,
        "Total Revenue": 23,
        "Gross Profit": 2,
        "Operating Income": -5,
        "EBIT": -3,
        "Net Income": -6
    },
    "2016-01-31": {
        "Diluted EPS": -0.47,
        "Total Revenue": 30,
        "Gross Profit": 7,
        "Operating Income": 1,
        "EBIT": 3,
        "Net Income": -3
    },
    "2015-10-31": {
        "Diluted EPS": 0.83,
        "Total Revenue": 47,
        "Gross Profit": 14,
        "Operating Income": 8,
        "EBIT": 9,
        "Net Income": 6
    },
    "2015-07-31": {
        "Diluted EPS": -0.33,
        "Total Revenue": 25,
        "Gross Profit": 3,
        "Operating Income": -3,
        "EBIT": -1,
        "Net Income": -2
    },
    "2015-04-30": {
        "Diluted EPS": -0.64,
        "Total Revenue": 20,
        "Gross Profit": 2,
        "Operating Income": -4,
        "EBIT": -2,
        "Net Income": -5
    },
    "2015-01-31": {
        "Diluted EPS": -0.67,
        "Total Revenue": -30,
        "Gross Profit": -2,
        "Operating Income": 0,
        "EBIT": 1,
        "Net Income": -5
    },
    "2014-10-31": {
        "Diluted EPS": -0.05,
        "Total Revenue": 44,
        "Gross Profit": 7,
        "Operating Income": -1,
        "EBIT": 0,
        "Net Income": 0
    },
    "2014-07-31": {
        "Diluted EPS": 0.18,
        "Total Revenue": 53,
        "Gross Profit": 11,
        "Operating Income": 2,
        "EBIT": 3,
        "Net Income": 1
    },
    "2014-04-30": {
        "Diluted EPS": 0.52,
        "Total Revenue": 60,
        "Gross Profit": 16,
        "Operating Income": 6,
        "EBIT": 7,
        "Net Income": 4
    },
    "2014-01-31": {
        "Diluted EPS": -0.29,
        "Total Revenue": 53,
        "Gross Profit": 9,
        "Operating Income": -1,
        "EBIT": 0,
        "Net Income": -2
    },
    "2013-10-31": {
        "Diluted EPS": 1.03,
        "Total Revenue": 58,
        "Gross Profit": 17,
        "Operating Income": 7,
        "EBIT": 8,
        "Net Income": 7
    },
    "2013-07-31": {
        "Diluted EPS": 0.62,
        "Total Revenue": 61,
        "Gross Profit": 13,
        "Operating Income": 5,
        "EBIT": 6,
        "Net Income": 4
    },
    "2013-04-30": {
        "Diluted EPS": 1.6,
        "Total Revenue": 55,
        "Gross Profit": 13,
        "Operating Income": 3,
        "EBIT": 4,
        "Net Income": 11
    },
    "2013-01-31": {
        "Diluted EPS": -2.24,
        "Total Revenue": 34,
        "Gross Profit": 4,
        "Operating Income": -6,
        "EBIT": -5,
        "Net Income": -16
    },
    "2012-10-31": {
        "Diluted EPS": 0.07,
        "Total Revenue": 47,
        "Gross Profit": 9,
        "Operating Income": 0,
        "EBIT": 2,
        "Net Income": 0
    },
    "2012-07-31": {
        "Diluted EPS": -0.2,
        "Total Revenue": 43,
        "Gross Profit": 8,
        "Operating Income": -1,
        "EBIT": 1,
        "Net Income": -1
    },
    "2012-04-30": {
        "Diluted EPS": -0.3,
        "Total Revenue": 44,
        "Gross Profit": 7,
        "Operating Income": -2,
        "EBIT": -1,
        "Net Income": -2
    },
    "2012-01-31": {
        "Diluted EPS": -0.33,
        "Total Revenue": 45,
        "Gross Profit": 5,
        "Operating Income": -6,
        "EBIT": -4,
        "Net Income": -2
    },
    "2011-10-31": {
        "Diluted EPS": 0.1,
        "Total Revenue": 71,
        "Gross Profit": 12,
        "Operating Income": 2,
        "EBIT": 4,
        "Net Income": 1
    },
    "2011-07-31": {
        "Diluted EPS": -0.27,
        "Total Revenue": 64,
        "Gross Profit": 11,
        "Operating Income": 0,
        "EBIT": 2,
        "Net Income": -2
    },
    "2011-04-30": {
        "Diluted EPS": -0.22,
        "Total Revenue": 53,
        "Gross Profit": 8,
        "Operating Income": -2,
        "EBIT": 0,
        "Net Income": -1
    },
    "2011-01-31": {
        "Diluted EPS": -0.21,
        "Total Revenue": 48,
        "Gross Profit": 6,
        "Operating Income": -3,
        "EBIT": -1,
        "Net Income": -1
    },
    "2010-10-31": {
        "Diluted EPS": 0.52,
        "Total Revenue": 59,
        "Gross Profit": 14,
        "Operating Income": 3,
        "EBIT": 5,
        "Net Income": 4
    },
    "2010-07-31": {
        "Diluted EPS": 0.42,
        "Total Revenue": 62,
        "Gross Profit": 14,
        "Operating Income": 3,
        "EBIT": 4,
        "Net Income": 3
    },
    "2010-04-30": {
        "Diluted EPS": -0.07,
        "Total Revenue": 50,
        "Gross Profit": 11,
        "Operating Income": 0,
        "EBIT": 1,
        "Net Income": 0
    },
    "2010-01-31": {
        "Diluted EPS": -0.85,
        "Total Revenue": 49,
        "Gross Profit": 6,
        "Operating Income": -4,
        "EBIT": -3,
        "Net Income": -6
    },
    "2009-10-31": {
        "Diluted EPS": 0.1,
        "Total Revenue": 53,
        "Gross Profit": 12,
        "Operating Income": 2,
        "EBIT": 3,
        "Net Income": 1
    },
    "2009-07-31": {
        "Diluted EPS": 0.55,
        "Total Revenue": 61,
        "Gross Profit": 15,
        "Operating Income": 3,
        "EBIT": 5,
        "Net Income": 4
    },
    "2009-04-30": {
        "Diluted EPS": 0.88,
        "Total Revenue": 68,
        "Gross Profit": 19,
        "Operating Income": 7,
        "EBIT": 9,
        "Net Income": 6
    },
    "2009-01-31": {
        "Diluted EPS": -0.12,
        "Total Revenue": 83,
        "Gross Profit": 15,
        "Operating Income": 3,
        "EBIT": 5,
        "Net Income": -1
    },
    "2023-07-31": {
        "Tax Effect Of Unusual Items": NaN,
        "Tax Rate For Calcs": NaN,
        "Normalized EBITDA": NaN,
        "Net Income From Continuing Operation Net Minority Interest": NaN,
        "Reconciled Depreciation": NaN,
        "Reconciled Cost Of Revenue": NaN,
        "EBITDA": NaN,
        "EBIT": NaN,
        "Net Interest Income": NaN,
        "Interest Expense": NaN,
        "Normalized Income": NaN,
        "Net Income From Continuing And Discontinued Operation": NaN,
        "Total Expenses": NaN,
        "Total Operating Income As Reported": NaN,
        "Diluted Average Shares": 8139000.0,
        "Basic Average Shares": 8029000.0,
        "Diluted EPS": 0.13,
        "Basic EPS": 0.13,
        "Diluted NI Availto Com Stockholders": NaN,
        "Net Income Common Stockholders": NaN,
        "Net Income": NaN,
        "Minority Interests": NaN,
        "Net Income Including Noncontrolling Interests": NaN,
        "Net Income Continuous Operations": NaN,
        "Tax Provision": NaN,
        "Pretax Income": NaN,
        "Other Income Expense": NaN,
        "Other Non Operating Income Expenses": NaN,
        "Net Non Operating Interest Income Expense": NaN,
        "Interest Expense Non Operating": NaN,
        "Operating Income": NaN,
        "Operating Expense": NaN,
        "Selling General And Administration": NaN,
        "Selling And Marketing Expense": NaN,
        "General And Administrative Expense": NaN,
        "Other Gand A": NaN,
        "Gross Profit": NaN,
        "Cost Of Revenue": NaN,
        "Total Revenue": NaN,
        "Operating Revenue": NaN
    },
    "2023-10-31": {
        "Tax Effect Of Unusual Items": 0.0,
        "Tax Rate For Calcs": 0.31,
        "Normalized EBITDA": 6520000.0,
        "Net Income From Continuing Operation Net Minority Interest": 1935000.0,
        "Reconciled Depreciation": 983000.0,
        "Reconciled Cost Of Revenue": 32506000.0,
        "EBITDA": 6520000.0,
        "EBIT": 5537000.0,
        "Net Interest Income": -640000.0,
        "Interest Expense": 640000.0,
        "Normalized Income": 1935000.0,
        "Net Income From Continuing And Discontinued Operation": 1935000.0,
        "Total Expenses": 39651000.0,
        "Total Operating Income As Reported": 6039000.0,
        "Diluted Average Shares": 8021000.0,
        "Basic Average Shares": 7955000.0,
        "Diluted EPS": 0.24,
        "Basic EPS": 0.24,
        "Diluted NI Availto Com Stockholders": 1935000.0,
        "Net Income Common Stockholders": 1935000.0,
        "Net Income": 1935000.0,
        "Minority Interests": -1429000.0,
        "Net Income Including Noncontrolling Interests": 3364000.0,
        "Net Income Continuous Operations": 3364000.0,
        "Tax Provision": 1533000.0,
        "Pretax Income": 4897000.0,
        "Other Income Expense": -502000.0,
        "Other Non Operating Income Expenses": -502000.0,
        "Net Non Operating Interest Income Expense": -640000.0,
        "Interest Expense Non Operating": 640000.0,
        "Operating Income": 6039000.0,
        "Operating Expense": 7145000.0,
        "Selling General And Administration": 7145000.0,
        "Selling And Marketing Expense": 1471000.0,
        "General And Administrative Expense": 5674000.0,
        "Other Gand A": 5674000.0,
        "Gross Profit": 13184000.0,
        "Cost Of Revenue": 32506000.0,
        "Total Revenue": 45690000.0,
        "Operating Revenue": 45690000.0
    },
    "2024-01-31": {
        "Tax Effect Of Unusual Items": 0.0,
        "Tax Rate For Calcs": 0.21,
        "Normalized EBITDA": 4920000.0,
        "Net Income From Continuing Operation Net Minority Interest": 8637000.0,
        "Reconciled Depreciation": 1056000.0,
        "Reconciled Cost Of Revenue": 28145000.0,
        "EBITDA": 4920000.0,
        "EBIT": 3864000.0,
        "Net Interest Income": -478000.0,
        "Interest Expense": 641000.0,
        "Normalized Income": 8637000.0,
        "Net Income From Continuing And Discontinued Operation": 8637000.0,
        "Total Expenses": 35626000.0,
        "Total Operating Income As Reported": 4553000.0,
        "Diluted Average Shares": NaN,
        "Basic Average Shares": NaN,
        "Diluted EPS": NaN,
        "Basic EPS": NaN,
        "Diluted NI Availto Com Stockholders": 8637000.0,
        "Net Income Common Stockholders": 8637000.0,
        "Net Income": 8637000.0,
        "Minority Interests": -1163000.0,
        "Net Income Including Noncontrolling Interests": 9800000.0,
        "Net Income Continuous Operations": 9800000.0,
        "Tax Provision": -6577000.0,
        "Pretax Income": 3223000.0,
        "Other Income Expense": -852000.0,
        "Other Non Operating Income Expenses": -852000.0,
        "Net Non Operating Interest Income Expense": -478000.0,
        "Interest Expense Non Operating": 641000.0,
        "Operating Income": 4553000.0,
        "Operating Expense": 7481000.0,
        "Selling General And Administration": 7481000.0,
        "Selling And Marketing Expense": 1307000.0,
        "General And Administrative Expense": 6174000.0,
        "Other Gand A": 6174000.0,
        "Gross Profit": 12034000.0,
        "Cost Of Revenue": 28145000.0,
        "Total Revenue": 40179000.0,
        "Operating Revenue": 40179000.0
    },
    "2024-04-30": {
        "Tax Effect Of Unusual Items": 0.0,
        "Tax Rate For Calcs": 0.3,
        "Normalized EBITDA": 3896000.0,
        "Net Income From Continuing Operation Net Minority Interest": 1443000.0,
        "Reconciled Depreciation": 829000.0,
        "Reconciled Cost Of Revenue": 23804000.0,
        "EBITDA": 3896000.0,
        "EBIT": 3067000.0,
        "Net Interest Income": -507000.0,
        "Interest Expense": 507000.0,
        "Normalized Income": 1443000.0,
        "Net Income From Continuing And Discontinued Operation": 1443000.0,
        "Total Expenses": 31187000.0,
        "Total Operating Income As Reported": 3134000.0,
        "Diluted Average Shares": 8056000.0,
        "Basic Average Shares": 7906000.0,
        "Diluted EPS": 0.18,
        "Basic EPS": 0.18,
        "Diluted NI Availto Com Stockholders": 1443000.0,
        "Net Income Common Stockholders": 1443000.0,
        "Net Income": 1443000.0,
        "Minority Interests": -347000.0,
        "Net Income Including Noncontrolling Interests": 1790000.0,
        "Net Income Continuous Operations": 1790000.0,
        "Tax Provision": 770000.0,
        "Pretax Income": 2560000.0,
        "Other Income Expense": -67000.0,
        "Other Non Operating Income Expenses": -67000.0,
        "Net Non Operating Interest Income Expense": -507000.0,
        "Interest Expense Non Operating": 507000.0,
        "Operating Income": 3134000.0,
        "Operating Expense": 7383000.0,
        "Selling General And Administration": 7383000.0,
        "Selling And Marketing Expense": 1235000.0,
        "General And Administrative Expense": 6148000.0,
        "Other Gand A": 6148000.0,
        "Gross Profit": 10517000.0,
        "Cost Of Revenue": 23804000.0,
        "Total Revenue": 34321000.0,
        "Operating Revenue": 34321000.0
    },
    "2024-07-31": {
        "Tax Effect Of Unusual Items": 0.0,
        "Tax Rate For Calcs": 0.233631,
        "Normalized EBITDA": 6992000.0,
        "Net Income From Continuing Operation Net Minority Interest": 3289000.0,
        "Reconciled Depreciation": 888000.0,
        "Reconciled Cost Of Revenue": 24039000.0,
        "EBITDA": 6992000.0,
        "EBIT": 6104000.0,
        "Net Interest Income": -514000.0,
        "Interest Expense": 514000.0,
        "Normalized Income": 3289000.0,
        "Net Income From Continuing And Discontinued Operation": 3289000.0,
        "Total Expenses": 31371000.0,
        "Total Operating Income As Reported": 6142000.0,
        "Diluted Average Shares": 8125000.0,
        "Basic Average Shares": 7954000.0,
        "Diluted EPS": 0.4,
        "Basic EPS": 0.41,
        "Diluted NI Availto Com Stockholders": 3289000.0,
        "Net Income Common Stockholders": 3289000.0,
        "Net Income": 3289000.0,
        "Minority Interests": -995000.0,
        "Net Income Including Noncontrolling Interests": 4284000.0,
        "Net Income Continuous Operations": 4284000.0,
        "Tax Provision": 1306000.0,
        "Pretax Income": 5590000.0,
        "Other Income Expense": -38000.0,
        "Other Non Operating Income Expenses": -38000.0,
        "Net Non Operating Interest Income Expense": -514000.0,
        "Interest Expense Non Operating": 514000.0,
        "Operating Income": 6142000.0,
        "Operating Expense": 7332000.0,
        "Selling General And Administration": 7332000.0,
        "Selling And Marketing Expense": 1353000.0,
        "General And Administrative Expense": 5979000.0,
        "Other Gand A": 5979000.0,
        "Gross Profit": 13474000.0,
        "Cost Of Revenue": 24039000.0,
        "Total Revenue": 37513000.0,
        "Operating Revenue": 37513000.0
    },
    "2024-10-31": {
        "Tax Effect Of Unusual Items": 0.0,
        "Tax Rate For Calcs": 0.32,
        "Normalized EBITDA": 6506000.0,
        "Net Income From Continuing Operation Net Minority Interest": 2491000.0,
        "Reconciled Depreciation": 970000.0,
        "Reconciled Cost Of Revenue": 27477000.0,
        "EBITDA": 6506000.0,
        "EBIT": 5536000.0,
        "Net Interest Income": -468000.0,
        "Interest Expense": 468000.0,
        "Normalized Income": 2491000.0,
        "Net Income From Continuing And Discontinued Operation": 2491000.0,
        "Total Expenses": 35977000.0,
        "Total Operating Income As Reported": 5586000.0,
        "Diluted Average Shares": 8027000.0,
        "Basic Average Shares": 7981000.0,
        "Diluted EPS": 0.31,
        "Basic EPS": 0.31,
        "Diluted NI Availto Com Stockholders": 2491000.0,
        "Net Income Common Stockholders": 2491000.0,
        "Net Income": 2491000.0,
        "Minority Interests": -962000.0,
        "Net Income Including Noncontrolling Interests": 3453000.0,
        "Net Income Continuous Operations": 3453000.0,
        "Tax Provision": 1615000.0,
        "Pretax Income": 5068000.0,
        "Other Income Expense": -50000.0,
        "Other Non Operating Income Expenses": -50000.0,
        "Net Non Operating Interest Income Expense": -468000.0,
        "Interest Expense Non Operating": 468000.0,
        "Operating Income": 5586000.0,
        "Operating Expense": 8500000.0,
        "Selling General And Administration": 8500000.0,
        "Selling And Marketing Expense": 1170000.0,
        "General And Administrative Expense": 7330000.0,
        "Other Gand A": 7330000.0,
        "Gross Profit": 14086000.0,
        "Cost Of Revenue": 27477000.0,
        "Total Revenue": 41563000.0,
        "Operating Revenue": 41563000.0
    }
}