{
    "2023-03-31": {
        "Tax Effect Of Unusual Items": NaN,
        "Tax Rate For Calcs": NaN,
        "Normalized EBITDA": NaN,
        "Net Income From Continuing Operation Net Minority Interest": NaN,
        "Reconciled Depreciation": NaN,
        "Reconciled Cost Of Revenue": NaN,
        "EBITDA": NaN,
        "EBIT": NaN,
        "Net Interest Income": NaN,
        "Interest Income": NaN,
        "Normalized Income": NaN,
        "Net Income From Continuing And Discontinued Operation": NaN,
        "Total Expenses": NaN,
        "Total Operating Income As Reported": NaN,
        "Diluted Average Shares": 9769565.0,
        "Basic Average Shares": 9769545.0,
        "Diluted EPS": 0.07,
        "Basic EPS": 0.07,
        "Diluted NI Availto Com Stockholders": NaN,
        "Net Income Common Stockholders": NaN,
        "Net Income": NaN,
        "Net Income Including Noncontrolling Interests": NaN,
        "Net Income Continuous Operations": NaN,
        "Tax Provision": NaN,
        "Pretax Income": NaN,
        "Other Income Expense": 13000.0,
        "Other Non Operating Income Expenses": 13000.0,
        "Net Non Operating Interest Income Expense": NaN,
        "Interest Income Non Operating": NaN,
        "Operating Income": NaN,
        "Operating Expense": NaN,
        "Depreciation Amortization Depletion Income Statement": NaN,
        "Depreciation And Amortization In Income Statement": NaN,
        "Research And Development": 0.0,
        "Selling General And Administration": NaN,
        "Gross Profit": NaN,
        "Cost Of Revenue": NaN,
        "Total Revenue": NaN,
        "Operating Revenue": NaN
    },
    "2022-12-31": {
        "Tax Effect Of Unusual Items": NaN,
        "Tax Rate For Calcs": NaN,
        "Normalized EBITDA": NaN,
        "Net Income From Continuing Operation Net Minority Interest": NaN,
        "Reconciled Depreciation": NaN,
        "Reconciled Cost Of Revenue": NaN,
        "EBITDA": NaN,
        "EBIT": NaN,
        "Net Interest Income": NaN,
        "Interest Income": NaN,
        "Normalized Income": NaN,
        "Net Income From Continuing And Discontinued Operation": NaN,
        "Total Expenses": NaN,
        "Total Operating Income As Reported": NaN,
        "Diluted Average Shares": 9791000.0,
        "Basic Average Shares": 9770000.0,
        "Diluted EPS": 0.1,
        "Basic EPS": 0.1,
        "Diluted NI Availto Com Stockholders": NaN,
        "Net Income Common Stockholders": NaN,
        "Net Income": NaN,
        "Net Income Including Noncontrolling Interests": NaN,
        "Net Income Continuous Operations": NaN,
        "Tax Provision": NaN,
        "Pretax Income": NaN,
        "Other Income Expense": NaN,
        "Other Non Operating Income Expenses": NaN,
        "Net Non Operating Interest Income Expense": NaN,
        "Interest Income Non Operating": NaN,
        "Operating Income": NaN,
        "Operating Expense": NaN,
        "Depreciation Amortization Depletion Income Statement": NaN,
        "Depreciation And Amortization In Income Statement": NaN,
        "Research And Development": NaN,
        "Selling General And Administration": NaN,
        "Gross Profit": NaN,
        "Cost Of Revenue": NaN,
        "Total Revenue": NaN,
        "Operating Revenue": NaN
    },
    "2022-09-30": {
        "Tax Effect Of Unusual Items": 0.0,
        "Tax Rate For Calcs": 0.0,
        "Normalized EBITDA": -1060000.0,
        "Net Income From Continuing Operation Net Minority Interest": -1311000.0,
        "Reconciled Depreciation": 384000.0,
        "Reconciled Cost Of Revenue": 5038000.0,
        "EBITDA": -1060000.0,
        "EBIT": -1444000.0,
        "Net Interest Income": 116000.0,
        "Interest Income": 116000.0,
        "Normalized Income": -1311000.0,
        "Net Income From Continuing And Discontinued Operation": -1311000.0,
        "Total Expenses": 7695000.0,
        "Total Operating Income As Reported": -1444000.0,
        "Diluted Average Shares": 9769545.0,
        "Basic Average Shares": 9769545.0,
        "Diluted EPS": -0.13,
        "Basic EPS": -0.13,
        "Diluted NI Availto Com Stockholders": -1311000.0,
        "Net Income Common Stockholders": -1311000.0,
        "Net Income": -1311000.0,
        "Net Income Including Noncontrolling Interests": -1311000.0,
        "Net Income Continuous Operations": -1311000.0,
        "Tax Provision": 0.0,
        "Pretax Income": -1311000.0,
        "Other Income Expense": 17000.0,
        "Other Non Operating Income Expenses": 17000.0,
        "Net Non Operating Interest Income Expense": 116000.0,
        "Interest Income Non Operating": 116000.0,
        "Operating Income": -1444000.0,
        "Operating Expense": 2305000.0,
        "Depreciation Amortization Depletion Income Statement": 32000.0,
        "Depreciation And Amortization In Income Statement": 32000.0,
        "Selling General And Administration": 2273000.0,
        "Gross Profit": 861000.0,
        "Cost Of Revenue": 5390000.0,
        "Total Revenue": 6251000.0,
        "Operating Revenue": 6251000.0
    },
    "2022-06-30": {
        "Tax Effect Of Unusual Items": 0.0,
        "Tax Rate For Calcs": 0.0,
        "Normalized EBITDA": -2229000.0,
        "Net Income From Continuing Operation Net Minority Interest": -2517000.0,
        "Reconciled Depreciation": 275000.0,
        "Reconciled Cost Of Revenue": 3961000.0,
        "EBITDA": -2229000.0,
        "EBIT": -2504000.0,
        "Net Interest Income": 104000.0,
        "Interest Income": 104000.0,
        "Normalized Income": -2517000.0,
        "Net Income From Continuing And Discontinued Operation": -2517000.0,
        "Total Expenses": 6793000.0,
        "Total Operating Income As Reported": -2504000.0,
        "Diluted Average Shares": 9727878.0,
        "Basic Average Shares": 9727878.0,
        "Diluted EPS": -0.26,
        "Basic EPS": -0.26,
        "Diluted NI Availto Com Stockholders": -2517000.0,
        "Net Income Common Stockholders": -2517000.0,
        "Net Income": -2517000.0,
        "Net Income Including Noncontrolling Interests": -2517000.0,
        "Net Income Continuous Operations": -2517000.0,
        "Tax Provision": 0.0,
        "Pretax Income": -2517000.0,
        "Other Income Expense": -117000.0,
        "Other Non Operating Income Expenses": -117000.0,
        "Net Non Operating Interest Income Expense": 104000.0,
        "Interest Income Non Operating": 104000.0,
        "Operating Income": -2504000.0,
        "Operating Expense": 2585000.0,
        "Depreciation Amortization Depletion Income Statement": 28000.0,
        "Depreciation And Amortization In Income Statement": 28000.0,
        "Selling General And Administration": 2557000.0,
        "Gross Profit": 81000.0,
        "Cost Of Revenue": 4208000.0,
        "Total Revenue": 4289000.0,
        "Operating Revenue": 4289000.0
    },
    "2022-03-31": {
        "Diluted EPS": -0.08,
        "Total Revenue": 6,
        "Gross Profit": 1,
        "Operating Income": -1,
        "EBIT": -1,
        "Net Income": -1
    },
    "2021-12-31": {
        "Diluted EPS": -0.15,
        "Total Revenue": 3,
        "Gross Profit": 0,
        "Operating Income": -1,
        "EBIT": -1,
        "Net Income": -1
    },
    "2021-09-30": {
        "Diluted EPS": -0.05,
        "Total Revenue": 6,
        "Gross Profit": 1,
        "Operating Income": -1,
        "EBIT": -1,
        "Net Income": 0
    },
    "2021-06-30": {
        "Diluted EPS": -0.08,
        "Total Revenue": 6,
        "Gross Profit": 0,
        "Operating Income": -1,
        "EBIT": -1,
        "Net Income": -1
    },
    "2021-03-31": {
        "Diluted EPS": 0.04,
        "Total Revenue": 4,
        "Gross Profit": 0,
        "Operating Income": -1,
        "EBIT": -1,
        "Net Income": 0
    },
    "2020-12-31": {
        "Diluted EPS": -0.08,
        "Total Revenue": 5,
        "Gross Profit": 0,
        "Operating Income": -1,
        "EBIT": -1,
        "Net Income": -1
    },
    "2020-09-30": {
        "Diluted EPS": 0.15,
        "Total Revenue": 4,
        "Gross Profit": 1,
        "Operating Income": 0,
        "EBIT": 0,
        "Net Income": 1
    },
    "2020-06-30": {
        "Diluted EPS": -0.08,
        "Total Revenue": 5,
        "Gross Profit": 0,
        "Operating Income": -1,
        "EBIT": -1,
        "Net Income": -1
    },
    "2020-03-31": {
        "Diluted EPS": -0.33,
        "Total Revenue": 5,
        "Gross Profit": 0,
        "Operating Income": -2,
        "EBIT": -2,
        "Net Income": -3
    },
    "2019-12-31": {
        "Diluted EPS": -1.11,
        "Total Revenue": 7,
        "Gross Profit": 0,
        "Operating Income": -5,
        "EBIT": -2,
        "Net Income": -10
    },
    "2019-09-30": {
        "Diluted EPS": 0.8,
        "Total Revenue": 6,
        "Gross Profit": 0,
        "Operating Income": -4,
        "EBIT": -3,
        "Net Income": 7
    },
    "2019-06-30": {
        "Diluted EPS": -0.46,
        "Total Revenue": 5,
        "Gross Profit": 1,
        "Operating Income": -2,
        "EBIT": -1,
        "Net Income": -4
    },
    "2019-03-31": {
        "Diluted EPS": 0.65,
        "Total Revenue": 3,
        "Gross Profit": 0,
        "Operating Income": -1,
        "EBIT": -1,
        "Net Income": 6
    },
    "2018-12-31": {
        "Diluted EPS": -0.5,
        "Total Revenue": -15,
        "Gross Profit": -4,
        "Operating Income": -7,
        "EBIT": -6,
        "Net Income": -4
    },
    "2018-09-30": {
        "Diluted EPS": 0.01,
        "Total Revenue": 5,
        "Gross Profit": 1,
        "Operating Income": -1,
        "EBIT": 0,
        "Net Income": 0
    },
    "2018-06-30": {
        "Diluted EPS": -0.09,
        "Total Revenue": 4,
        "Gross Profit": 0,
        "Operating Income": -2,
        "EBIT": -1,
        "Net Income": -1
    },
    "2018-03-31": {
        "Diluted EPS": -0.07,
        "Total Revenue": 27,
        "Gross Profit": 5,
        "Operating Income": 0,
        "EBIT": 1,
        "Net Income": -1
    },
    "2017-12-31": {
        "Diluted EPS": -1.13,
        "Total Revenue": 37,
        "Gross Profit": 1,
        "Operating Income": -7,
        "EBIT": -5,
        "Net Income": -10
    },
    "2017-09-30": {
        "Diluted EPS": -0.09,
        "Total Revenue": 25,
        "Gross Profit": 5,
        "Operating Income": 1,
        "EBIT": 2,
        "Net Income": -1
    },
    "2017-06-30": {
        "Diluted EPS": 0.15,
        "Total Revenue": 27,
        "Gross Profit": 6,
        "Operating Income": 2,
        "EBIT": 3,
        "Net Income": 1
    },
    "2017-03-31": {
        "Diluted EPS": 0.01,
        "Total Revenue": 25,
        "Gross Profit": 6,
        "Operating Income": 1,
        "EBIT": 2,
        "Net Income": 0
    },
    "2016-12-31": {
        "Diluted EPS": -0.25,
        "Total Revenue": 14,
        "Gross Profit": 4,
        "Operating Income": 0,
        "EBIT": 1,
        "Net Income": -2
    },
    "2016-09-30": {
        "Diluted EPS": 0.04,
        "Total Revenue": 29,
        "Gross Profit": 7,
        "Operating Income": 1,
        "EBIT": 2,
        "Net Income": 0
    },
    "2016-06-30": {
        "Diluted EPS": 0.02,
        "Total Revenue": 30,
        "Gross Profit": 6,
        "Operating Income": 1,
        "EBIT": 2,
        "Net Income": 0
    },
    "2016-03-31": {
        "Diluted EPS": 0.07,
        "Total Revenue": 27,
        "Gross Profit": 6,
        "Operating Income": 1,
        "EBIT": 2,
        "Net Income": 1
    },
    "2015-12-31": {
        "Diluted EPS": -0.14,
        "Total Revenue": 26,
        "Gross Profit": 6,
        "Operating Income": -1,
        "EBIT": 0,
        "Net Income": -1
    },
    "2015-09-30": {
        "Diluted EPS": -0.48,
        "Total Revenue": 25,
        "Gross Profit": 5,
        "Operating Income": -3,
        "EBIT": -3,
        "Net Income": -4
    },
    "2015-06-30": {
        "Diluted EPS": -0.11,
        "Total Revenue": 26,
        "Gross Profit": 5,
        "Operating Income": -1,
        "EBIT": 0,
        "Net Income": -1
    },
    "2015-03-31": {
        "Diluted EPS": -0.03,
        "Total Revenue": 29,
        "Gross Profit": 6,
        "Operating Income": 0,
        "EBIT": 1,
        "Net Income": 0
    },
    "2014-12-31": {
        "Diluted EPS": -0.41,
        "Total Revenue": 24,
        "Gross Profit": 2,
        "Operating Income": -3,
        "EBIT": -1,
        "Net Income": -3
    },
    "2014-09-30": {
        "Diluted EPS": 0.25,
        "Total Revenue": 26,
        "Gross Profit": 7,
        "Operating Income": 3,
        "EBIT": 3,
        "Net Income": 2
    },
    "2014-06-30": {
        "Diluted EPS": 0.04,
        "Total Revenue": 21,
        "Gross Profit": 4,
        "Operating Income": 1,
        "EBIT": 1,
        "Net Income": 0
    },
    "2014-03-31": {
        "Diluted EPS": 0.08,
        "Total Revenue": 21,
        "Gross Profit": 5,
        "Operating Income": 1,
        "EBIT": 1,
        "Net Income": 1
    },
    "2013-12-31": {
        "Diluted EPS": 0.31,
        "Total Revenue": 21,
        "Gross Profit": 5,
        "Operating Income": 1,
        "EBIT": 2,
        "Net Income": 2
    },
    "2013-09-30": {
        "Diluted EPS": 0.17,
        "Total Revenue": 22,
        "Gross Profit": 6,
        "Operating Income": 2,
        "EBIT": 3,
        "Net Income": 1
    },
    "2013-06-30": {
        "Diluted EPS": 0.21,
        "Total Revenue": 22,
        "Gross Profit": 6,
        "Operating Income": 2,
        "EBIT": 2,
        "Net Income": 1
    },
    "2013-03-31": {
        "Diluted EPS": 0.15,
        "Total Revenue": 23,
        "Gross Profit": 5,
        "Operating Income": 1,
        "EBIT": 2,
        "Net Income": 1
    },
    "2012-12-31": {
        "Diluted EPS": 0.2,
        "Total Revenue": 23,
        "Gross Profit": 5,
        "Operating Income": 2,
        "EBIT": 2,
        "Net Income": 1
    },
    "2012-09-30": {
        "Diluted EPS": 0.04,
        "Total Revenue": 19,
        "Gross Profit": 4,
        "Operating Income": 1,
        "EBIT": 2,
        "Net Income": 0
    },
    "2012-06-30": {
        "Diluted EPS": 0.14,
        "Total Revenue": 22,
        "Gross Profit": 5,
        "Operating Income": 1,
        "EBIT": 2,
        "Net Income": 1
    },
    "2012-03-31": {
        "Diluted EPS": 0.13,
        "Total Revenue": 20,
        "Gross Profit": 5,
        "Operating Income": 1,
        "EBIT": 2,
        "Net Income": 1
    },
    "2011-12-31": {
        "Diluted EPS": 0.08,
        "Total Revenue": 19,
        "Gross Profit": 4,
        "Operating Income": 1,
        "EBIT": 1,
        "Net Income": 0
    },
    "2011-09-30": {
        "Diluted EPS": -0.29,
        "Total Revenue": 18,
        "Gross Profit": 4,
        "Operating Income": 1,
        "EBIT": 1,
        "Net Income": -2
    },
    "2011-06-30": {
        "Diluted EPS": 0.04,
        "Total Revenue": 16,
        "Gross Profit": 4,
        "Operating Income": 1,
        "EBIT": 1,
        "Net Income": 0
    },
    "2011-03-31": {
        "Diluted EPS": 0.16,
        "Total Revenue": 16,
        "Gross Profit": 4,
        "Operating Income": 2,
        "EBIT": 2,
        "Net Income": 1
    },
    "2010-12-31": {
        "Diluted EPS": 0.2,
        "Total Revenue": 13,
        "Gross Profit": 4,
        "Operating Income": 1,
        "EBIT": 2,
        "Net Income": 1
    },
    "2010-09-30": {
        "Diluted EPS": 0.06,
        "Total Revenue": 14,
        "Gross Profit": 3,
        "Operating Income": 1,
        "EBIT": 1,
        "Net Income": 0
    },
    "2010-06-30": {
        "Diluted EPS": 0.23,
        "Total Revenue": 12,
        "Gross Profit": 3,
        "Operating Income": 1,
        "EBIT": 1,
        "Net Income": 1
    },
    "2010-03-31": {
        "Diluted EPS": 0.01,
        "Total Revenue": 8,
        "Gross Profit": 2,
        "Operating Income": 1,
        "EBIT": 1,
        "Net Income": 0
    },
    "2009-12-31": {
        "Diluted EPS": 0.06,
        "Total Revenue": 10,
        "Gross Profit": 4,
        "Operating Income": 3,
        "EBIT": 3,
        "Net Income": 2
    },
    "2009-09-30": {
        "Diluted EPS": 0.09,
        "Total Revenue": 12,
        "Gross Profit": 4,
        "Operating Income": 3,
        "EBIT": 3,
        "Net Income": 2
    },
    "2009-06-30": {
        "Diluted EPS": 0.05,
        "Total Revenue": 11,
        "Gross Profit": 3,
        "Operating Income": 2,
        "EBIT": 2,
        "Net Income": 1
    },
    "2009-03-31": {
        "Diluted EPS": 0.02,
        "Total Revenue": 7,
        "Gross Profit": 1,
        "Operating Income": 1,
        "EBIT": 1,
        "Net Income": 0
    },
    "2023-06-30": {
        "Tax Effect Of Unusual Items": NaN,
        "Tax Rate For Calcs": NaN,
        "Normalized EBITDA": NaN,
        "Net Income From Continuing Operation Net Minority Interest": NaN,
        "Reconciled Depreciation": NaN,
        "Reconciled Cost Of Revenue": NaN,
        "EBITDA": NaN,
        "EBIT": NaN,
        "Net Interest Income": NaN,
        "Interest Expense": NaN,
        "Interest Income": 79000.0,
        "Normalized Income": NaN,
        "Net Income From Continuing And Discontinued Operation": NaN,
        "Total Expenses": NaN,
        "Total Operating Income As Reported": NaN,
        "Diluted Average Shares": 10746601.0,
        "Basic Average Shares": 9908434.0,
        "Diluted EPS": 0.08,
        "Basic EPS": 0.09,
        "Diluted NI Availto Com Stockholders": NaN,
        "Net Income Common Stockholders": NaN,
        "Net Income": NaN,
        "Net Income Including Noncontrolling Interests": NaN,
        "Net Income Continuous Operations": NaN,
        "Tax Provision": NaN,
        "Pretax Income": NaN,
        "Other Income Expense": -20000.0,
        "Other Non Operating Income Expenses": -20000.0,
        "Net Non Operating Interest Income Expense": NaN,
        "Interest Expense Non Operating": NaN,
        "Interest Income Non Operating": 79000.0,
        "Operating Income": NaN,
        "Operating Expense": NaN,
        "Depreciation Amortization Depletion Income Statement": 30000.0,
        "Depreciation And Amortization In Income Statement": 30000.0,
        "Research And Development": 0.0,
        "Selling General And Administration": NaN,
        "Gross Profit": NaN,
        "Cost Of Revenue": NaN,
        "Total Revenue": NaN,
        "Operating Revenue": NaN
    },
    "2023-09-30": {
        "Tax Effect Of Unusual Items": 0.0,
        "Tax Rate For Calcs": 0.0,
        "Normalized EBITDA": 1321000.0,
        "Net Income From Continuing Operation Net Minority Interest": 1011000.0,
        "Reconciled Depreciation": 381000.0,
        "Reconciled Cost Of Revenue": 7406000.0,
        "EBITDA": 1321000.0,
        "EBIT": 940000.0,
        "Net Interest Income": 60000.0,
        "Interest Expense": NaN,
        "Interest Income": 60000.0,
        "Normalized Income": 1011000.0,
        "Net Income From Continuing And Discontinued Operation": 1011000.0,
        "Total Expenses": 10513000.0,
        "Total Operating Income As Reported": 940000.0,
        "Diluted Average Shares": 10250099.0,
        "Basic Average Shares": 10010226.0,
        "Diluted EPS": 0.1,
        "Basic EPS": 0.1,
        "Diluted NI Availto Com Stockholders": 1011000.0,
        "Net Income Common Stockholders": 1011000.0,
        "Net Income": 1011000.0,
        "Net Income Including Noncontrolling Interests": 1011000.0,
        "Net Income Continuous Operations": 1011000.0,
        "Tax Provision": 0.0,
        "Pretax Income": 1011000.0,
        "Other Income Expense": 11000.0,
        "Other Non Operating Income Expenses": 11000.0,
        "Net Non Operating Interest Income Expense": 60000.0,
        "Interest Expense Non Operating": NaN,
        "Interest Income Non Operating": 60000.0,
        "Operating Income": 940000.0,
        "Operating Expense": 2758000.0,
        "Depreciation Amortization Depletion Income Statement": 32000.0,
        "Depreciation And Amortization In Income Statement": 32000.0,
        "Research And Development": 0.0,
        "Selling General And Administration": 2726000.0,
        "Gross Profit": 3698000.0,
        "Cost Of Revenue": 7755000.0,
        "Total Revenue": 11453000.0,
        "Operating Revenue": 11453000.0
    },
    "2023-12-31": {
        "Tax Effect Of Unusual Items": 0.0,
        "Tax Rate For Calcs": 0.0,
        "Normalized EBITDA": -3027000.0,
        "Net Income From Continuing Operation Net Minority Interest": -2725000.0,
        "Reconciled Depreciation": 258000.0,
        "Reconciled Cost Of Revenue": 8698000.0,
        "EBITDA": -3027000.0,
        "EBIT": -3285000.0,
        "Net Interest Income": 40000.0,
        "Interest Expense": NaN,
        "Interest Income": 40000.0,
        "Normalized Income": -2725000.0,
        "Net Income From Continuing And Discontinued Operation": -2725000.0,
        "Total Expenses": 11698000.0,
        "Total Operating Income As Reported": -3285000.0,
        "Diluted Average Shares": NaN,
        "Basic Average Shares": NaN,
        "Diluted EPS": NaN,
        "Basic EPS": NaN,
        "Diluted NI Availto Com Stockholders": -2725000.0,
        "Net Income Common Stockholders": -2725000.0,
        "Net Income": -2725000.0,
        "Net Income Including Noncontrolling Interests": -2725000.0,
        "Net Income Continuous Operations": -2725000.0,
        "Tax Provision": 0.0,
        "Pretax Income": -2725000.0,
        "Other Income Expense": 520000.0,
        "Other Non Operating Income Expenses": 520000.0,
        "Net Non Operating Interest Income Expense": 40000.0,
        "Interest Expense Non Operating": NaN,
        "Interest Income Non Operating": 40000.0,
        "Operating Income": -3285000.0,
        "Operating Expense": 3000000.0,
        "Depreciation Amortization Depletion Income Statement": NaN,
        "Depreciation And Amortization In Income Statement": NaN,
        "Research And Development": NaN,
        "Selling General And Administration": 2303000.0,
        "Gross Profit": -285000.0,
        "Cost Of Revenue": 8698000.0,
        "Total Revenue": 8413000.0,
        "Operating Revenue": 8413000.0
    },
    "2024-03-31": {
        "Tax Effect Of Unusual Items": 0.0,
        "Tax Rate For Calcs": 0.0,
        "Normalized EBITDA": -773000.0,
        "Net Income From Continuing Operation Net Minority Interest": -1035000.0,
        "Reconciled Depreciation": 333000.0,
        "Reconciled Cost Of Revenue": 6862000.0,
        "EBITDA": -773000.0,
        "EBIT": -1106000.0,
        "Net Interest Income": 31000.0,
        "Interest Expense": NaN,
        "Interest Income": 31000.0,
        "Normalized Income": -1035000.0,
        "Net Income From Continuing And Discontinued Operation": -1035000.0,
        "Total Expenses": 9696000.0,
        "Total Operating Income As Reported": -1106000.0,
        "Diluted Average Shares": 10112310.0,
        "Basic Average Shares": 10112310.0,
        "Diluted EPS": -0.1,
        "Basic EPS": -0.1,
        "Diluted NI Availto Com Stockholders": -1035000.0,
        "Net Income Common Stockholders": -1035000.0,
        "Net Income": -1035000.0,
        "Net Income Including Noncontrolling Interests": -1035000.0,
        "Net Income Continuous Operations": -1035000.0,
        "Tax Provision": 0.0,
        "Pretax Income": -1035000.0,
        "Other Income Expense": 40000.0,
        "Other Non Operating Income Expenses": 40000.0,
        "Net Non Operating Interest Income Expense": 31000.0,
        "Interest Expense Non Operating": NaN,
        "Interest Income Non Operating": 31000.0,
        "Operating Income": -1106000.0,
        "Operating Expense": 2834000.0,
        "Depreciation Amortization Depletion Income Statement": NaN,
        "Depreciation And Amortization In Income Statement": NaN,
        "Research And Development": 211000.0,
        "Selling General And Administration": 2623000.0,
        "Gross Profit": 1728000.0,
        "Cost Of Revenue": 6862000.0,
        "Total Revenue": 8590000.0,
        "Operating Revenue": 8590000.0
    },
    "2024-06-30": {
        "Tax Effect Of Unusual Items": 0.0,
        "Tax Rate For Calcs": 0.0,
        "Normalized EBITDA": -1923000.0,
        "Net Income From Continuing Operation Net Minority Interest": -2283000.0,
        "Reconciled Depreciation": 377000.0,
        "Reconciled Cost Of Revenue": 5687000.0,
        "EBITDA": -1923000.0,
        "EBIT": -2300000.0,
        "Net Interest Income": 17000.0,
        "Interest Expense": NaN,
        "Interest Income": 17000.0,
        "Normalized Income": -2283000.0,
        "Net Income From Continuing And Discontinued Operation": -2283000.0,
        "Total Expenses": 8640000.0,
        "Total Operating Income As Reported": -2300000.0,
        "Diluted Average Shares": 10920125.0,
        "Basic Average Shares": 10920125.0,
        "Diluted EPS": -0.21,
        "Basic EPS": -0.21,
        "Diluted NI Availto Com Stockholders": -2283000.0,
        "Net Income Common Stockholders": -2283000.0,
        "Net Income": -2283000.0,
        "Net Income Including Noncontrolling Interests": -2283000.0,
        "Net Income Continuous Operations": -2283000.0,
        "Tax Provision": 0.0,
        "Pretax Income": -2283000.0,
        "Other Income Expense": NaN,
        "Other Non Operating Income Expenses": NaN,
        "Net Non Operating Interest Income Expense": 17000.0,
        "Interest Expense Non Operating": NaN,
        "Interest Income Non Operating": 17000.0,
        "Operating Income": -2300000.0,
        "Operating Expense": 2953000.0,
        "Depreciation Amortization Depletion Income Statement": NaN,
        "Depreciation And Amortization In Income Statement": NaN,
        "Research And Development": 238000.0,
        "Selling General And Administration": 2715000.0,
        "Gross Profit": 653000.0,
        "Cost Of Revenue": 5687000.0,
        "Total Revenue": 6340000.0,
        "Operating Revenue": 6340000.0
    },
    "2024-09-30": {
        "Tax Effect Of Unusual Items": 0.0,
        "Tax Rate For Calcs": 0.0,
        "Normalized EBITDA": -693000.0,
        "Net Income From Continuing Operation Net Minority Interest": -1121000.0,
        "Reconciled Depreciation": 405000.0,
        "Reconciled Cost Of Revenue": 8466000.0,
        "EBITDA": -693000.0,
        "EBIT": -1098000.0,
        "Net Interest Income": -23000.0,
        "Interest Expense": 23000.0,
        "Interest Income": NaN,
        "Normalized Income": -1121000.0,
        "Net Income From Continuing And Discontinued Operation": -1121000.0,
        "Total Expenses": 12008000.0,
        "Total Operating Income As Reported": -1097000.0,
        "Diluted Average Shares": 10917038.0,
        "Basic Average Shares": 10917038.0,
        "Diluted EPS": -0.1,
        "Basic EPS": -0.1,
        "Diluted NI Availto Com Stockholders": -1121000.0,
        "Net Income Common Stockholders": -1121000.0,
        "Net Income": -1121000.0,
        "Net Income Including Noncontrolling Interests": -1121000.0,
        "Net Income Continuous Operations": -1121000.0,
        "Tax Provision": 0.0,
        "Pretax Income": -1121000.0,
        "Other Income Expense": -1000.0,
        "Other Non Operating Income Expenses": -1000.0,
        "Net Non Operating Interest Income Expense": -23000.0,
        "Interest Expense Non Operating": 23000.0,
        "Interest Income Non Operating": NaN,
        "Operating Income": -1097000.0,
        "Operating Expense": 3163000.0,
        "Depreciation Amortization Depletion Income Statement": 26000.0,
        "Depreciation And Amortization In Income Statement": 26000.0,
        "Research And Development": 256000.0,
        "Selling General And Administration": 2881000.0,
        "Gross Profit": 2066000.0,
        "Cost Of Revenue": 8845000.0,
        "Total Revenue": 10911000.0,
        "Operating Revenue": 10911000.0
    }
}