{
    "2023-03-31": {
        "Tax Effect Of Unusual Items": 0.0,
        "Tax Rate For Calcs": 0.26,
        "Total Unusual Items": NaN,
        "Total Unusual Items Excluding Goodwill": NaN,
        "Net Income From Continuing Operation Net Minority Interest": -6174000.0,
        "Reconciled Depreciation": 7677000.0,
        "EBIT": -2883000.0,
        "Net Interest Income": -5463000.0,
        "Interest Expense": 5463000.0,
        "Normalized Income": -6174000.0,
        "Net Income From Continuing And Discontinued Operation": -6174000.0,
        "Total Expenses": 282142000.0,
        "Diluted Average Shares": 54117000.0,
        "Basic Average Shares": 53987000.0,
        "Diluted EPS": -0.11,
        "Basic EPS": -0.11,
        "Diluted NI Availto Com Stockholders": -6174000.0,
        "Net Income Common Stockholders": -6174000.0,
        "Net Income": -6174000.0,
        "Net Income Including Noncontrolling Interests": -6174000.0,
        "Net Income Continuous Operations": -6174000.0,
        "Tax Provision": -2172000.0,
        "Pretax Income": -8346000.0,
        "Other Income Expense": 787000.0,
        "Special Income Charges": NaN,
        "Impairment Of Capital Assets": NaN,
        "Restructuring And Mergern Acquisition": NaN,
        "Net Non Operating Interest Income Expense": -5463000.0,
        "Interest Expense Non Operating": 5463000.0,
        "Other Operating Expenses": 35616000.0,
        "Total Revenue": 273796000.0,
        "Operating Revenue": 273796000.0
    },
    "2022-12-31": {
        "Tax Effect Of Unusual Items": 0.0,
        "Tax Rate For Calcs": 0.054844,
        "Total Unusual Items": 0.0,
        "Total Unusual Items Excluding Goodwill": 0.0,
        "Net Income From Continuing Operation Net Minority Interest": 13942000.0,
        "Reconciled Depreciation": 8017000.0,
        "EBIT": 20251000.0,
        "Net Interest Income": -5500000.0,
        "Interest Expense": 5500000.0,
        "Normalized Income": 13942000.0,
        "Net Income From Continuing And Discontinued Operation": 13942000.0,
        "Total Expenses": 281017000.0,
        "Diluted Average Shares": 54108000.0,
        "Basic Average Shares": 53963000.0,
        "Diluted EPS": 0.258362,
        "Basic EPS": 0.258362,
        "Diluted NI Availto Com Stockholders": 13942000.0,
        "Net Income Common Stockholders": 13942000.0,
        "Net Income": 13942000.0,
        "Net Income Including Noncontrolling Interests": 13942000.0,
        "Net Income Continuous Operations": 13942000.0,
        "Tax Provision": 809000.0,
        "Pretax Income": 14751000.0,
        "Other Income Expense": -3811000.0,
        "Special Income Charges": 0.0,
        "Impairment Of Capital Assets": NaN,
        "Restructuring And Mergern Acquisition": 0.0,
        "Net Non Operating Interest Income Expense": -5500000.0,
        "Interest Expense Non Operating": 5500000.0,
        "Other Operating Expenses": 46903000.0,
        "Total Revenue": 295768000.0,
        "Operating Revenue": 295768000.0
    },
    "2022-09-30": {
        "Tax Effect Of Unusual Items": 0.0,
        "Tax Rate For Calcs": 0.227,
        "Total Unusual Items": 0.0,
        "Total Unusual Items Excluding Goodwill": 0.0,
        "Net Income From Continuing Operation Net Minority Interest": -9125000.0,
        "Reconciled Depreciation": 9637000.0,
        "EBIT": -6285000.0,
        "Net Interest Income": -5513000.0,
        "Interest Expense": 5513000.0,
        "Normalized Income": -9125000.0,
        "Net Income From Continuing And Discontinued Operation": -9125000.0,
        "Total Expenses": 291733000.0,
        "Diluted Average Shares": 54124000.0,
        "Basic Average Shares": 53990000.0,
        "Diluted EPS": -0.17,
        "Basic EPS": -0.17,
        "Diluted NI Availto Com Stockholders": -9125000.0,
        "Net Income Common Stockholders": -9125000.0,
        "Net Income": -9125000.0,
        "Net Income Including Noncontrolling Interests": -9125000.0,
        "Net Income Continuous Operations": -9125000.0,
        "Tax Provision": -2673000.0,
        "Pretax Income": -11798000.0,
        "Other Income Expense": 5097000.0,
        "Special Income Charges": 0.0,
        "Impairment Of Capital Assets": NaN,
        "Restructuring And Mergern Acquisition": 0.0,
        "Net Non Operating Interest Income Expense": -5513000.0,
        "Interest Expense Non Operating": 5513000.0,
        "Other Operating Expenses": 46280000.0,
        "Total Revenue": 279935000.0,
        "Operating Revenue": 279935000.0
    },
    "2022-06-30": {
        "Tax Effect Of Unusual Items": 0.0,
        "Tax Rate For Calcs": 0.4,
        "Total Unusual Items": 0.0,
        "Total Unusual Items Excluding Goodwill": 0.0,
        "Net Income From Continuing Operation Net Minority Interest": -1659000.0,
        "Reconciled Depreciation": 10059000.0,
        "EBIT": 1327000.0,
        "Net Interest Income": -4919000.0,
        "Interest Expense": 4919000.0,
        "Normalized Income": -1659000.0,
        "Net Income From Continuing And Discontinued Operation": -1659000.0,
        "Total Expenses": 254237000.0,
        "Diluted Average Shares": 54186000.0,
        "Basic Average Shares": 54068000.0,
        "Diluted EPS": -0.03,
        "Basic EPS": -0.03,
        "Diluted NI Availto Com Stockholders": -1659000.0,
        "Net Income Common Stockholders": -1659000.0,
        "Net Income": -1659000.0,
        "Net Income Including Noncontrolling Interests": -1659000.0,
        "Net Income Continuous Operations": -1659000.0,
        "Tax Provision": -1933000.0,
        "Pretax Income": -3592000.0,
        "Other Income Expense": 5314000.0,
        "Special Income Charges": 0.0,
        "Restructuring And Mergern Acquisition": 0.0,
        "Net Non Operating Interest Income Expense": -4919000.0,
        "Interest Expense Non Operating": 4919000.0,
        "Other Operating Expenses": 43287000.0,
        "Total Revenue": 250645000.0,
        "Operating Revenue": 250645000.0
    },
    "2022-03-31": {
        "Diluted EPS": -0.07,
        "Total Revenue": 283,
        "Gross Profit": 74,
        "Operating Income": 2,
        "EBIT": 12,
        "Net Income": -4
    },
    "2021-12-31": {
        "Diluted EPS": 0.6,
        "Total Revenue": 313,
        "Gross Profit": 116,
        "Operating Income": 48,
        "EBIT": 59,
        "Net Income": 32
    },
    "2021-09-30": {
        "Diluted EPS": 0.23,
        "Total Revenue": 310,
        "Gross Profit": 86,
        "Operating Income": 19,
        "EBIT": 30,
        "Net Income": 12
    },
    "2021-06-30": {
        "Diluted EPS": 1.7,
        "Total Revenue": 282,
        "Gross Profit": 100,
        "Operating Income": 23,
        "EBIT": 32,
        "Net Income": 92
    },
    "2021-03-31": {
        "Diluted EPS": 0.14,
        "Total Revenue": 220,
        "Gross Profit": 70,
        "Operating Income": 14,
        "EBIT": 21,
        "Net Income": 8
    },
    "2020-12-31": {
        "Diluted EPS": 0.27,
        "Total Revenue": 230,
        "Gross Profit": 90,
        "Operating Income": 32,
        "EBIT": 37,
        "Net Income": 14
    },
    "2020-09-30": {
        "Diluted EPS": -2.78,
        "Total Revenue": 227,
        "Gross Profit": 81,
        "Operating Income": -139,
        "EBIT": 28,
        "Net Income": -150
    },
    "2020-06-30": {
        "Diluted EPS": -0.34,
        "Total Revenue": 222,
        "Gross Profit": 11,
        "Operating Income": -48,
        "EBIT": -43,
        "Net Income": -18
    },
    "2020-03-31": {
        "Diluted EPS": -0.41,
        "Total Revenue": 197,
        "Gross Profit": 32,
        "Operating Income": -30,
        "EBIT": -25,
        "Net Income": -22
    },
    "2019-12-31": {
        "Diluted EPS": -1.1,
        "Total Revenue": 249,
        "Gross Profit": -15,
        "Operating Income": -81,
        "EBIT": -77,
        "Net Income": -59
    },
    "2019-09-30": {
        "Diluted EPS": 0.32,
        "Total Revenue": 242,
        "Gross Profit": 80,
        "Operating Income": 18,
        "EBIT": 23,
        "Net Income": 17
    },
    "2019-06-30": {
        "Diluted EPS": 0.21,
        "Total Revenue": 240,
        "Gross Profit": 71,
        "Operating Income": 8,
        "EBIT": 13,
        "Net Income": 12
    },
    "2019-03-31": {
        "Diluted EPS": 0.59,
        "Total Revenue": 269,
        "Gross Profit": 109,
        "Operating Income": 48,
        "EBIT": 53,
        "Net Income": 32
    },
    "2018-12-31": {
        "Diluted EPS": -0.45,
        "Total Revenue": 179,
        "Gross Profit": 25,
        "Operating Income": -34,
        "EBIT": -29,
        "Net Income": -24
    },
    "2018-09-30": {
        "Diluted EPS": 0.58,
        "Total Revenue": 249,
        "Gross Profit": 102,
        "Operating Income": 40,
        "EBIT": 45,
        "Net Income": 31
    },
    "2018-06-30": {
        "Diluted EPS": 0.53,
        "Total Revenue": 256,
        "Gross Profit": 94,
        "Operating Income": 35,
        "EBIT": 40,
        "Net Income": 28
    },
    "2018-03-31": {
        "Diluted EPS": 0.22,
        "Total Revenue": 201,
        "Gross Profit": 71,
        "Operating Income": 14,
        "EBIT": 20,
        "Net Income": 12
    },
    "2017-12-31": {
        "Diluted EPS": 0.33,
        "Total Revenue": 209,
        "Gross Profit": 104,
        "Operating Income": 40,
        "EBIT": 48,
        "Net Income": 17
    },
    "2017-09-30": {
        "Diluted EPS": 0.54,
        "Total Revenue": 228,
        "Gross Profit": 99,
        "Operating Income": 42,
        "EBIT": 49,
        "Net Income": 29
    },
    "2017-06-30": {
        "Diluted EPS": 0.36,
        "Total Revenue": 206,
        "Gross Profit": 90,
        "Operating Income": 32,
        "EBIT": 38,
        "Net Income": 20
    },
    "2017-03-31": {
        "Diluted EPS": 0.77,
        "Total Revenue": 223,
        "Gross Profit": 104,
        "Operating Income": 47,
        "EBIT": 55,
        "Net Income": 41
    },
    "2016-12-31": {
        "Diluted EPS": 1.03,
        "Total Revenue": 238,
        "Gross Profit": 130,
        "Operating Income": 70,
        "EBIT": 77,
        "Net Income": 55
    },
    "2016-09-30": {
        "Diluted EPS": 0.63,
        "Total Revenue": 224,
        "Gross Profit": 106,
        "Operating Income": 50,
        "EBIT": 59,
        "Net Income": 34
    },
    "2016-06-30": {
        "Diluted EPS": 0.81,
        "Total Revenue": 215,
        "Gross Profit": 108,
        "Operating Income": 54,
        "EBIT": 62,
        "Net Income": 43
    },
    "2016-03-31": {
        "Diluted EPS": 0.36,
        "Total Revenue": 193,
        "Gross Profit": 26,
        "Operating Income": 26,
        "EBIT": 34,
        "Net Income": 19
    },
    "2015-12-31": {
        "Diluted EPS": 0.65,
        "Total Revenue": 186,
        "Gross Profit": 93,
        "Operating Income": 34,
        "EBIT": 43,
        "Net Income": 35
    },
    "2015-09-30": {
        "Diluted EPS": 0.19,
        "Total Revenue": 175,
        "Gross Profit": 13,
        "Operating Income": 13,
        "EBIT": 22,
        "Net Income": 10
    },
    "2015-06-30": {
        "Diluted EPS": 0.6,
        "Total Revenue": 203,
        "Gross Profit": 46,
        "Operating Income": 46,
        "EBIT": 55,
        "Net Income": 33
    },
    "2015-03-31": {
        "Diluted EPS": 0.67,
        "Total Revenue": 208,
        "Gross Profit": 51,
        "Operating Income": 51,
        "EBIT": 61,
        "Net Income": 38
    },
    "2014-12-31": {
        "Diluted EPS": 1.11,
        "Total Revenue": 218,
        "Gross Profit": 90,
        "Operating Income": 90,
        "EBIT": 100,
        "Net Income": 65
    },
    "2014-09-30": {
        "Diluted EPS": 0.59,
        "Total Revenue": 204,
        "Gross Profit": 50,
        "Operating Income": 50,
        "EBIT": 56,
        "Net Income": 35
    },
    "2014-06-30": {
        "Diluted EPS": 0.84,
        "Total Revenue": 222,
        "Gross Profit": 71,
        "Operating Income": 71,
        "EBIT": 84,
        "Net Income": 50
    },
    "2014-03-31": {
        "Diluted EPS": 0.76,
        "Total Revenue": 208,
        "Gross Profit": 66,
        "Operating Income": 66,
        "EBIT": 78,
        "Net Income": 47
    },
    "2013-12-31": {
        "Diluted EPS": 1.15,
        "Total Revenue": 193,
        "Gross Profit": 116,
        "Operating Income": 116,
        "EBIT": 117,
        "Net Income": 71
    },
    "2013-09-30": {
        "Diluted EPS": 1.02,
        "Total Revenue": 181,
        "Gross Profit": 87,
        "Operating Income": 87,
        "EBIT": 96,
        "Net Income": 63
    },
    "2013-06-30": {
        "Diluted EPS": 0.81,
        "Total Revenue": 171,
        "Gross Profit": 65,
        "Operating Income": 65,
        "EBIT": 77,
        "Net Income": 50
    },
    "2013-03-31": {
        "Diluted EPS": 1.82,
        "Total Revenue": 195,
        "Gross Profit": 100,
        "Operating Income": 100,
        "EBIT": 112,
        "Net Income": 113
    },
    "2012-12-31": {
        "Diluted EPS": 1.64,
        "Total Revenue": 195,
        "Gross Profit": 158,
        "Operating Income": 158,
        "EBIT": 167,
        "Net Income": 101
    },
    "2012-09-30": {
        "Diluted EPS": 0.97,
        "Total Revenue": 176,
        "Gross Profit": 86,
        "Operating Income": 86,
        "EBIT": 94,
        "Net Income": 60
    },
    "2012-06-30": {
        "Diluted EPS": 0.95,
        "Total Revenue": 164,
        "Gross Profit": 80,
        "Operating Income": 80,
        "EBIT": 90,
        "Net Income": 58
    },
    "2012-03-31": {
        "Diluted EPS": 0.9,
        "Total Revenue": 181,
        "Gross Profit": 76,
        "Operating Income": 76,
        "EBIT": 86,
        "Net Income": 56
    },
    "2011-12-31": {
        "Diluted EPS": 2.27,
        "Total Revenue": 206,
        "Gross Profit": 209,
        "Operating Income": 209,
        "EBIT": 218,
        "Net Income": 141
    },
    "2011-09-30": {
        "Diluted EPS": 0.71,
        "Total Revenue": 162,
        "Gross Profit": 64,
        "Operating Income": 64,
        "EBIT": 73,
        "Net Income": 44
    },
    "2011-06-30": {
        "Diluted EPS": 0.9,
        "Total Revenue": 175,
        "Gross Profit": 78,
        "Operating Income": 78,
        "EBIT": 86,
        "Net Income": 55
    },
    "2011-03-31": {
        "Diluted EPS": 0.78,
        "Total Revenue": 174,
        "Gross Profit": 67,
        "Operating Income": 67,
        "EBIT": 77,
        "Net Income": 48
    },
    "2010-12-31": {
        "Diluted EPS": 1.61,
        "Total Revenue": 185,
        "Gross Profit": 151,
        "Operating Income": 151,
        "EBIT": 158,
        "Net Income": 102
    },
    "2010-09-30": {
        "Diluted EPS": 0.8,
        "Total Revenue": 181,
        "Gross Profit": 69,
        "Operating Income": 69,
        "EBIT": 76,
        "Net Income": 51
    },
    "2010-06-30": {
        "Diluted EPS": 0.62,
        "Total Revenue": 162,
        "Gross Profit": 61,
        "Operating Income": 61,
        "EBIT": 68,
        "Net Income": 40
    },
    "2010-03-31": {
        "Diluted EPS": 0.58,
        "Total Revenue": 164,
        "Gross Profit": 54,
        "Operating Income": 54,
        "EBIT": 60,
        "Net Income": 38
    },
    "2009-12-31": {
        "Diluted EPS": 1.29,
        "Total Revenue": 184,
        "Gross Profit": 126,
        "Operating Income": 126,
        "EBIT": 131,
        "Net Income": 85
    },
    "2009-09-30": {
        "Diluted EPS": 0.84,
        "Total Revenue": 183,
        "Gross Profit": 83,
        "Operating Income": 83,
        "EBIT": 88,
        "Net Income": 55
    },
    "2009-06-30": {
        "Diluted EPS": 0.81,
        "Total Revenue": 175,
        "Gross Profit": 78,
        "Operating Income": 78,
        "EBIT": 83,
        "Net Income": 54
    },
    "2009-03-31": {
        "Diluted EPS": 0.42,
        "Total Revenue": 131,
        "Gross Profit": 38,
        "Operating Income": 38,
        "EBIT": 42,
        "Net Income": 28
    },
    "2023-06-30": {
        "Tax Effect Of Unusual Items": 0.0,
        "Tax Rate For Calcs": 0.216,
        "Total Unusual Items": NaN,
        "Total Unusual Items Excluding Goodwill": NaN,
        "Net Income From Continuing Operation Net Minority Interest": 10627000.0,
        "Reconciled Depreciation": 5954000.0,
        "EBIT": 19056000.0,
        "Net Interest Income": -5502000.0,
        "Interest Expense": 5502000.0,
        "Normalized Income": 10627000.0,
        "Net Income From Continuing And Discontinued Operation": 10627000.0,
        "Total Expenses": 271645000.0,
        "Diluted Average Shares": 53918000.0,
        "Basic Average Shares": 53815000.0,
        "Diluted EPS": 0.2,
        "Basic EPS": 0.2,
        "Diluted NI Availto Com Stockholders": 10627000.0,
        "Net Income Common Stockholders": 10627000.0,
        "Net Income": 10627000.0,
        "Net Income Including Noncontrolling Interests": 10627000.0,
        "Net Income Continuous Operations": 10627000.0,
        "Tax Provision": 2927000.0,
        "Pretax Income": 13554000.0,
        "Other Income Expense": 2741000.0,
        "Special Income Charges": NaN,
        "Impairment Of Capital Assets": NaN,
        "Restructuring And Mergern Acquisition": NaN,
        "Net Non Operating Interest Income Expense": -5502000.0,
        "Interest Expense Non Operating": 5502000.0,
        "Other Operating Expenses": 43171000.0,
        "Total Revenue": 285199000.0,
        "Operating Revenue": 285199000.0
    },
    "2023-09-30": {
        "Tax Effect Of Unusual Items": -3793460.0,
        "Tax Rate For Calcs": 0.086,
        "Total Unusual Items": -44110000.0,
        "Total Unusual Items Excluding Goodwill": -44110000.0,
        "Net Income From Continuing Operation Net Minority Interest": -49434000.0,
        "Reconciled Depreciation": 6454000.0,
        "EBIT": -48575000.0,
        "Net Interest Income": -5514000.0,
        "Interest Expense": 5514000.0,
        "Normalized Income": -9117460.0,
        "Net Income From Continuing And Discontinued Operation": -49434000.0,
        "Total Expenses": 329897000.0,
        "Diluted Average Shares": 52006000.0,
        "Basic Average Shares": 51837000.0,
        "Diluted EPS": -0.95,
        "Basic EPS": -0.95,
        "Diluted NI Availto Com Stockholders": -49434000.0,
        "Net Income Common Stockholders": -49434000.0,
        "Net Income": -49434000.0,
        "Net Income Including Noncontrolling Interests": -49434000.0,
        "Net Income Continuous Operations": -49434000.0,
        "Tax Provision": -4655000.0,
        "Pretax Income": -54089000.0,
        "Other Income Expense": 3336000.0,
        "Special Income Charges": -44110000.0,
        "Impairment Of Capital Assets": 44110000.0,
        "Restructuring And Mergern Acquisition": NaN,
        "Net Non Operating Interest Income Expense": -5514000.0,
        "Interest Expense Non Operating": 5514000.0,
        "Other Operating Expenses": 40957000.0,
        "Total Revenue": 275808000.0,
        "Operating Revenue": 275808000.0
    },
    "2023-12-31": {
        "Tax Effect Of Unusual Items": 0.0,
        "Tax Rate For Calcs": 0.344806,
        "Total Unusual Items": 0.0,
        "Total Unusual Items Excluding Goodwill": 0.0,
        "Net Income From Continuing Operation Net Minority Interest": 6377000.0,
        "Reconciled Depreciation": 5930000.0,
        "EBIT": 16405000.0,
        "Net Interest Income": -6672000.0,
        "Interest Expense": 6672000.0,
        "Normalized Income": 6377000.0,
        "Net Income From Continuing And Discontinued Operation": 6377000.0,
        "Total Expenses": 285886000.0,
        "Diluted Average Shares": NaN,
        "Basic Average Shares": NaN,
        "Diluted EPS": NaN,
        "Basic EPS": NaN,
        "Diluted NI Availto Com Stockholders": 6377000.0,
        "Net Income Common Stockholders": 6377000.0,
        "Net Income": 6377000.0,
        "Net Income Including Noncontrolling Interests": 6377000.0,
        "Net Income Continuous Operations": 6377000.0,
        "Tax Provision": 3356000.0,
        "Pretax Income": 9733000.0,
        "Other Income Expense": 3913000.0,
        "Special Income Charges": 0.0,
        "Impairment Of Capital Assets": 0.0,
        "Restructuring And Mergern Acquisition": NaN,
        "Net Non Operating Interest Income Expense": -6672000.0,
        "Interest Expense Non Operating": 6672000.0,
        "Other Operating Expenses": 47815000.0,
        "Total Revenue": 295619000.0,
        "Operating Revenue": 295619000.0
    }
}