{
    "2023-03-31": {
        "Tax Effect Of Unusual Items": -2313.0,
        "Tax Rate For Calcs": 0.257,
        "Normalized EBITDA": -50896000.0,
        "Total Unusual Items": -9000.0,
        "Total Unusual Items Excluding Goodwill": -9000.0,
        "Net Income From Continuing Operation Net Minority Interest": -58629000.0,
        "Reconciled Depreciation": 3589000.0,
        "Reconciled Cost Of Revenue": 104227000.0,
        "EBITDA": -50905000.0,
        "EBIT": -54494000.0,
        "Net Interest Income": -20533000.0,
        "Interest Expense": 18092000.0,
        "Interest Income": 4074000.0,
        "Normalized Income": -58622313.0,
        "Net Income From Continuing And Discontinued Operation": -58629000.0,
        "Total Expenses": 210938000.0,
        "Rent Expense Supplemental": 4448000.0,
        "Total Operating Income As Reported": -33644000.0,
        "Diluted Average Shares": 39033000.0,
        "Basic Average Shares": 39033000.0,
        "Diluted EPS": -1.5,
        "Basic EPS": -1.5,
        "Diluted NI Availto Com Stockholders": -58629000.0,
        "Net Income Common Stockholders": -58629000.0,
        "Net Income": -58629000.0,
        "Minority Interests": -4726000.0,
        "Net Income Including Noncontrolling Interests": -53903000.0,
        "Net Income Continuous Operations": -53903000.0,
        "Tax Provision": -18683000.0,
        "Pretax Income": -72586000.0,
        "Other Income Expense": -659000.0,
        "Other Non Operating Income Expenses": -650000.0,
        "Special Income Charges": NaN,
        "Impairment Of Capital Assets": NaN,
        "Gain On Sale Of Security": -9000.0,
        "Net Non Operating Interest Income Expense": -20533000.0,
        "Total Other Finance Cost": 2441000.0,
        "Interest Expense Non Operating": 18092000.0,
        "Interest Income Non Operating": 4074000.0,
        "Operating Income": -51394000.0,
        "Operating Expense": 106711000.0,
        "Other Operating Expenses": 55364000.0,
        "Depreciation Amortization Depletion Income Statement": 3589000.0,
        "Depreciation And Amortization In Income Statement": 3589000.0,
        "Selling General And Administration": 47758000.0,
        "General And Administrative Expense": 47758000.0,
        "Other Gand A": 43310000.0,
        "Rent And Landing Fees": 4448000.0,
        "Gross Profit": 55317000.0,
        "Cost Of Revenue": 104227000.0,
        "Total Revenue": 159544000.0,
        "Operating Revenue": 192316000.0
    },
    "2022-12-31": {
        "Tax Effect Of Unusual Items": NaN,
        "Tax Rate For Calcs": NaN,
        "Normalized EBITDA": NaN,
        "Total Unusual Items": NaN,
        "Total Unusual Items Excluding Goodwill": NaN,
        "Net Income From Continuing Operation Net Minority Interest": NaN,
        "Reconciled Depreciation": NaN,
        "Reconciled Cost Of Revenue": NaN,
        "EBITDA": NaN,
        "EBIT": NaN,
        "Net Interest Income": NaN,
        "Interest Expense": NaN,
        "Interest Income": 414000.0,
        "Normalized Income": NaN,
        "Net Income From Continuing And Discontinued Operation": NaN,
        "Total Expenses": NaN,
        "Rent Expense Supplemental": NaN,
        "Total Operating Income As Reported": NaN,
        "Diluted Average Shares": NaN,
        "Basic Average Shares": NaN,
        "Diluted EPS": NaN,
        "Basic EPS": NaN,
        "Diluted NI Availto Com Stockholders": NaN,
        "Net Income Common Stockholders": NaN,
        "Net Income": NaN,
        "Minority Interests": NaN,
        "Net Income Including Noncontrolling Interests": NaN,
        "Net Income Continuous Operations": NaN,
        "Tax Provision": NaN,
        "Pretax Income": NaN,
        "Other Income Expense": NaN,
        "Other Non Operating Income Expenses": NaN,
        "Special Income Charges": NaN,
        "Impairment Of Capital Assets": NaN,
        "Gain On Sale Of Security": NaN,
        "Net Non Operating Interest Income Expense": NaN,
        "Total Other Finance Cost": NaN,
        "Interest Expense Non Operating": NaN,
        "Interest Income Non Operating": 414000.0,
        "Operating Income": NaN,
        "Operating Expense": NaN,
        "Other Operating Expenses": NaN,
        "Depreciation Amortization Depletion Income Statement": NaN,
        "Depreciation And Amortization In Income Statement": NaN,
        "Selling General And Administration": NaN,
        "General And Administrative Expense": NaN,
        "Other Gand A": NaN,
        "Rent And Landing Fees": NaN,
        "Gross Profit": NaN,
        "Cost Of Revenue": NaN,
        "Total Revenue": NaN,
        "Operating Revenue": NaN
    },
    "2022-09-30": {
        "Tax Effect Of Unusual Items": NaN,
        "Tax Rate For Calcs": NaN,
        "Normalized EBITDA": NaN,
        "Total Unusual Items": NaN,
        "Total Unusual Items Excluding Goodwill": NaN,
        "Net Income From Continuing Operation Net Minority Interest": NaN,
        "Reconciled Depreciation": NaN,
        "Reconciled Cost Of Revenue": NaN,
        "EBITDA": NaN,
        "EBIT": NaN,
        "Net Interest Income": NaN,
        "Interest Expense": NaN,
        "Interest Income": 660000.0,
        "Normalized Income": NaN,
        "Net Income From Continuing And Discontinued Operation": NaN,
        "Total Expenses": NaN,
        "Rent Expense Supplemental": NaN,
        "Total Operating Income As Reported": NaN,
        "Diluted Average Shares": NaN,
        "Basic Average Shares": NaN,
        "Diluted EPS": NaN,
        "Basic EPS": NaN,
        "Diluted NI Availto Com Stockholders": NaN,
        "Net Income Common Stockholders": NaN,
        "Net Income": NaN,
        "Minority Interests": NaN,
        "Net Income Including Noncontrolling Interests": NaN,
        "Net Income Continuous Operations": NaN,
        "Tax Provision": NaN,
        "Pretax Income": NaN,
        "Other Income Expense": NaN,
        "Other Non Operating Income Expenses": NaN,
        "Special Income Charges": 0.0,
        "Impairment Of Capital Assets": 0.0,
        "Gain On Sale Of Security": NaN,
        "Net Non Operating Interest Income Expense": NaN,
        "Total Other Finance Cost": NaN,
        "Interest Expense Non Operating": NaN,
        "Interest Income Non Operating": 660000.0,
        "Operating Income": NaN,
        "Operating Expense": NaN,
        "Other Operating Expenses": NaN,
        "Depreciation Amortization Depletion Income Statement": NaN,
        "Depreciation And Amortization In Income Statement": NaN,
        "Selling General And Administration": NaN,
        "General And Administrative Expense": NaN,
        "Other Gand A": NaN,
        "Rent And Landing Fees": NaN,
        "Gross Profit": NaN,
        "Cost Of Revenue": NaN,
        "Total Revenue": NaN,
        "Operating Revenue": NaN
    },
    "2022-06-30": {
        "Tax Effect Of Unusual Items": 350748.654174,
        "Tax Rate For Calcs": 0.26592,
        "Normalized EBITDA": 54721000.0,
        "Total Unusual Items": 1319000.0,
        "Total Unusual Items Excluding Goodwill": 1319000.0,
        "Net Income From Continuing Operation Net Minority Interest": 36484000.0,
        "Reconciled Depreciation": 3865000.0,
        "Reconciled Cost Of Revenue": 105699000.0,
        "EBITDA": 56040000.0,
        "EBIT": 52175000.0,
        "Net Interest Income": -31562000.0,
        "Interest Expense": 31562000.0,
        "Interest Income": 554000.0,
        "Normalized Income": 35515748.654174,
        "Net Income From Continuing And Discontinued Operation": 36484000.0,
        "Total Expenses": 206087000.0,
        "Rent Expense Supplemental": 4633000.0,
        "Total Operating Income As Reported": 83737000.0,
        "Diluted Average Shares": 39900000.0,
        "Basic Average Shares": 39779000.0,
        "Diluted EPS": 0.91,
        "Basic EPS": 0.92,
        "Diluted NI Availto Com Stockholders": 36484000.0,
        "Net Income Common Stockholders": 36484000.0,
        "Net Income": 36484000.0,
        "Minority Interests": -2652000.0,
        "Net Income Including Noncontrolling Interests": 39136000.0,
        "Net Income Continuous Operations": 39136000.0,
        "Tax Provision": 14177000.0,
        "Pretax Income": 53313000.0,
        "Other Income Expense": 1138000.0,
        "Other Non Operating Income Expenses": -181000.0,
        "Gain On Sale Of Security": 1319000.0,
        "Net Non Operating Interest Income Expense": -31562000.0,
        "Total Other Finance Cost": 2471000.0,
        "Interest Expense Non Operating": 31562000.0,
        "Interest Income Non Operating": 554000.0,
        "Operating Income": 52175000.0,
        "Operating Expense": 100388000.0,
        "Other Operating Expenses": 55062000.0,
        "Depreciation Amortization Depletion Income Statement": 3865000.0,
        "Depreciation And Amortization In Income Statement": 3865000.0,
        "Selling General And Administration": 41461000.0,
        "General And Administrative Expense": 41461000.0,
        "Other Gand A": 36828000.0,
        "Rent And Landing Fees": 4633000.0,
        "Gross Profit": 152563000.0,
        "Cost Of Revenue": 105699000.0,
        "Total Revenue": 258262000.0,
        "Operating Revenue": 200476000.0
    },
    "2022-03-31": {
        "Diluted EPS": 0.97,
        "Total Revenue": 241,
        "Gross Profit": 241,
        "Operating Income": 72,
        "EBIT": 78,
        "Net Income": 40
    },
    "2021-12-31": {
        "Diluted EPS": 0.79,
        "Total Revenue": 257,
        "Gross Profit": 257,
        "Operating Income": 82,
        "EBIT": 89,
        "Net Income": 34
    },
    "2021-09-30": {
        "Diluted EPS": 0.76,
        "Total Revenue": 264,
        "Gross Profit": 264,
        "Operating Income": 78,
        "EBIT": 84,
        "Net Income": 34
    },
    "2021-06-30": {
        "Diluted EPS": 1.22,
        "Total Revenue": 286,
        "Gross Profit": 286,
        "Operating Income": 104,
        "EBIT": 110,
        "Net Income": 56
    },
    "2021-03-31": {
        "Diluted EPS": 1.27,
        "Total Revenue": 289,
        "Gross Profit": 289,
        "Operating Income": 111,
        "EBIT": 117,
        "Net Income": 58
    },
    "2020-12-31": {
        "Diluted EPS": 0.66,
        "Total Revenue": 274,
        "Gross Profit": 274,
        "Operating Income": 89,
        "EBIT": 100,
        "Net Income": 30
    },
    "2020-09-30": {
        "Diluted EPS": 0.92,
        "Total Revenue": 268,
        "Gross Profit": 268,
        "Operating Income": 89,
        "EBIT": 98,
        "Net Income": 42
    },
    "2020-06-30": {
        "Diluted EPS": 1.26,
        "Total Revenue": 272,
        "Gross Profit": 272,
        "Operating Income": 111,
        "EBIT": 121,
        "Net Income": 58
    },
    "2020-03-31": {
        "Diluted EPS": 0.42,
        "Total Revenue": 252,
        "Gross Profit": 252,
        "Operating Income": 61,
        "EBIT": 70,
        "Net Income": 19
    },
    "2019-12-31": {
        "Diluted EPS": 0.59,
        "Total Revenue": 269,
        "Gross Profit": 269,
        "Operating Income": 71,
        "EBIT": 81,
        "Net Income": 27
    },
    "2019-09-30": {
        "Diluted EPS": 0.55,
        "Total Revenue": 250,
        "Gross Profit": 250,
        "Operating Income": 65,
        "EBIT": 75,
        "Net Income": 25
    },
    "2019-06-30": {
        "Diluted EPS": 0.41,
        "Total Revenue": 252,
        "Gross Profit": 252,
        "Operating Income": 63,
        "EBIT": 74,
        "Net Income": 19
    },
    "2019-03-31": {
        "Diluted EPS": 0.34,
        "Total Revenue": 246,
        "Gross Profit": 246,
        "Operating Income": 49,
        "EBIT": 59,
        "Net Income": 15
    },
    "2018-12-31": {
        "Diluted EPS": 0.32,
        "Total Revenue": 237,
        "Gross Profit": 237,
        "Operating Income": 32,
        "EBIT": 43,
        "Net Income": 15
    },
    "2018-09-30": {
        "Diluted EPS": 0.22,
        "Total Revenue": 226,
        "Gross Profit": 226,
        "Operating Income": 44,
        "EBIT": 54,
        "Net Income": 10
    },
    "2018-06-30": {
        "Diluted EPS": 0.43,
        "Total Revenue": 222,
        "Gross Profit": 222,
        "Operating Income": 55,
        "EBIT": 65,
        "Net Income": 20
    },
    "2018-03-31": {
        "Diluted EPS": 0.47,
        "Total Revenue": 224,
        "Gross Profit": 224,
        "Operating Income": 54,
        "EBIT": 64,
        "Net Income": 21
    },
    "2017-12-31": {
        "Diluted EPS": 1.97,
        "Total Revenue": 214,
        "Gross Profit": 214,
        "Operating Income": 58,
        "EBIT": 68,
        "Net Income": 89
    },
    "2017-09-30": {
        "Diluted EPS": 0.34,
        "Total Revenue": 204,
        "Gross Profit": 204,
        "Operating Income": 54,
        "EBIT": 64,
        "Net Income": 16
    },
    "2017-06-30": {
        "Diluted EPS": 0.25,
        "Total Revenue": 204,
        "Gross Profit": 204,
        "Operating Income": 48,
        "EBIT": 58,
        "Net Income": 12
    },
    "2017-03-31": {
        "Diluted EPS": 1.03,
        "Total Revenue": 207,
        "Gross Profit": 207,
        "Operating Income": 53,
        "EBIT": 62,
        "Net Income": 48
    },
    "2016-12-31": {
        "Diluted EPS": -0.36,
        "Total Revenue": 255,
        "Gross Profit": 255,
        "Operating Income": 9,
        "EBIT": 8,
        "Net Income": -16
    },
    "2016-09-30": {
        "Diluted EPS": 0.74,
        "Total Revenue": 222,
        "Gross Profit": 222,
        "Operating Income": 67,
        "EBIT": 79,
        "Net Income": 34
    },
    "2016-06-30": {
        "Diluted EPS": 0.79,
        "Total Revenue": 228,
        "Gross Profit": 228,
        "Operating Income": 73,
        "EBIT": 84,
        "Net Income": 36
    },
    "2016-03-31": {
        "Diluted EPS": 0.69,
        "Total Revenue": 225,
        "Gross Profit": 225,
        "Operating Income": 71,
        "EBIT": 83,
        "Net Income": 32
    },
    "2015-12-31": {
        "Diluted EPS": 0.86,
        "Total Revenue": 230,
        "Gross Profit": 230,
        "Operating Income": 71,
        "EBIT": 82,
        "Net Income": 41
    },
    "2015-09-30": {
        "Diluted EPS": 0.36,
        "Total Revenue": 229,
        "Gross Profit": 229,
        "Operating Income": 54,
        "EBIT": 64,
        "Net Income": 17
    },
    "2015-06-30": {
        "Diluted EPS": 1.06,
        "Total Revenue": 237,
        "Gross Profit": 237,
        "Operating Income": 89,
        "EBIT": 99,
        "Net Income": 51
    },
    "2015-03-31": {
        "Diluted EPS": 1.19,
        "Total Revenue": 245,
        "Gross Profit": 245,
        "Operating Income": 96,
        "EBIT": 105,
        "Net Income": 58
    },
    "2014-12-31": {
        "Diluted EPS": 0.94,
        "Total Revenue": 251,
        "Gross Profit": 251,
        "Operating Income": 110,
        "EBIT": 120,
        "Net Income": 47
    },
    "2014-09-30": {
        "Diluted EPS": 1.01,
        "Total Revenue": 239,
        "Gross Profit": 239,
        "Operating Income": 88,
        "EBIT": 95,
        "Net Income": 51
    },
    "2014-06-30": {
        "Diluted EPS": 0.74,
        "Total Revenue": 197,
        "Gross Profit": 197,
        "Operating Income": 72,
        "EBIT": 80,
        "Net Income": 38
    },
    "2014-03-31": {
        "Diluted EPS": 0.81,
        "Total Revenue": 194,
        "Gross Profit": 194,
        "Operating Income": 72,
        "EBIT": 79,
        "Net Income": 41
    },
    "2013-12-31": {
        "Diluted EPS": 0.92,
        "Total Revenue": 185,
        "Gross Profit": 185,
        "Operating Income": 78,
        "EBIT": 85,
        "Net Income": 46
    },
    "2013-09-30": {
        "Diluted EPS": 0.93,
        "Total Revenue": 198,
        "Gross Profit": 198,
        "Operating Income": 79,
        "EBIT": 87,
        "Net Income": 47
    },
    "2013-06-30": {
        "Diluted EPS": 0.85,
        "Total Revenue": 183,
        "Gross Profit": 183,
        "Operating Income": 74,
        "EBIT": 81,
        "Net Income": 44
    },
    "2013-03-31": {
        "Diluted EPS": 0.75,
        "Total Revenue": 170,
        "Gross Profit": 170,
        "Operating Income": 66,
        "EBIT": 72,
        "Net Income": 39
    },
    "2012-12-31": {
        "Diluted EPS": 1.11,
        "Total Revenue": 154,
        "Gross Profit": 154,
        "Operating Income": 60,
        "EBIT": 67,
        "Net Income": 36
    },
    "2012-09-30": {
        "Diluted EPS": 0.65,
        "Total Revenue": 151,
        "Gross Profit": 151,
        "Operating Income": 57,
        "EBIT": 63,
        "Net Income": 33
    },
    "2012-06-30": {
        "Diluted EPS": 0.21,
        "Total Revenue": 148,
        "Gross Profit": 148,
        "Operating Income": 55,
        "EBIT": 61,
        "Net Income": 32
    },
    "2012-03-31": {
        "Diluted EPS": 0.49,
        "Total Revenue": 140,
        "Gross Profit": 140,
        "Operating Income": 44,
        "EBIT": 50,
        "Net Income": 25
    },
    "2011-12-31": {
        "Diluted EPS": 0.52,
        "Total Revenue": 118,
        "Gross Profit": 118,
        "Operating Income": 47,
        "EBIT": 52,
        "Net Income": 27
    },
    "2011-09-30": {
        "Diluted EPS": 0.49,
        "Total Revenue": 114,
        "Gross Profit": 114,
        "Operating Income": 44,
        "EBIT": 49,
        "Net Income": 26
    },
    "2011-06-30": {
        "Diluted EPS": 0.49,
        "Total Revenue": 115,
        "Gross Profit": 115,
        "Operating Income": 44,
        "EBIT": 50,
        "Net Income": 26
    },
    "2011-03-31": {
        "Diluted EPS": 0.45,
        "Total Revenue": 112,
        "Gross Profit": 112,
        "Operating Income": 43,
        "EBIT": 49,
        "Net Income": 23
    },
    "2010-12-31": {
        "Diluted EPS": 0.41,
        "Total Revenue": 101,
        "Gross Profit": 101,
        "Operating Income": 36,
        "EBIT": 41,
        "Net Income": 21
    },
    "2010-09-30": {
        "Diluted EPS": 0.36,
        "Total Revenue": 96,
        "Gross Profit": 96,
        "Operating Income": 33,
        "EBIT": 37,
        "Net Income": 18
    },
    "2010-06-30": {
        "Diluted EPS": 0.38,
        "Total Revenue": 93,
        "Gross Profit": 93,
        "Operating Income": 34,
        "EBIT": 39,
        "Net Income": 20
    },
    "2010-03-31": {
        "Diluted EPS": 0.3,
        "Total Revenue": 83,
        "Gross Profit": 83,
        "Operating Income": 26,
        "EBIT": 30,
        "Net Income": 15
    },
    "2009-12-31": {
        "Diluted EPS": 0.27,
        "Total Revenue": 73,
        "Gross Profit": 73,
        "Operating Income": 22,
        "EBIT": 25,
        "Net Income": 12
    },
    "2009-09-30": {
        "Diluted EPS": 0.22,
        "Total Revenue": 69,
        "Gross Profit": 69,
        "Operating Income": 19,
        "EBIT": 22,
        "Net Income": 10
    },
    "2009-06-30": {
        "Diluted EPS": 0.25,
        "Total Revenue": 71,
        "Gross Profit": 71,
        "Operating Income": 21,
        "EBIT": 24,
        "Net Income": 12
    },
    "2009-03-31": {
        "Diluted EPS": 0.22,
        "Total Revenue": 68,
        "Gross Profit": 68,
        "Operating Income": 18,
        "EBIT": 23,
        "Net Income": 10
    },
    "2023-06-30": {
        "Tax Effect Of Unusual Items": 90090.0,
        "Tax Rate For Calcs": 0.21,
        "Normalized EBITDA": 25969000.0,
        "Total Unusual Items": 429000.0,
        "Total Unusual Items Excluding Goodwill": 429000.0,
        "Net Income From Continuing Operation Net Minority Interest": -3804000.0,
        "Reconciled Depreciation": 3482000.0,
        "Reconciled Cost Of Revenue": 90942000.0,
        "EBITDA": 26398000.0,
        "EBIT": 22916000.0,
        "Net Interest Income": -22562000.0,
        "Interest Expense": 20178000.0,
        "Interest Income": NaN,
        "Normalized Income": -4142910.0,
        "Net Income From Continuing And Discontinued Operation": -3804000.0,
        "Total Expenses": 188829000.0,
        "Rent Expense Supplemental": 4319000.0,
        "Total Operating Income As Reported": 45561000.0,
        "Diluted Average Shares": 39190000.0,
        "Basic Average Shares": 39190000.0,
        "Diluted EPS": -0.1,
        "Basic EPS": -0.1,
        "Diluted NI Availto Com Stockholders": -3804000.0,
        "Net Income Common Stockholders": -3804000.0,
        "Net Income": -3804000.0,
        "Minority Interests": -4964000.0,
        "Net Income Including Noncontrolling Interests": 1160000.0,
        "Net Income Continuous Operations": 1160000.0,
        "Tax Provision": 1578000.0,
        "Pretax Income": 2738000.0,
        "Other Income Expense": 199000.0,
        "Other Non Operating Income Expenses": -230000.0,
        "Special Income Charges": NaN,
        "Impairment Of Capital Assets": NaN,
        "Gain On Sale Of Security": 429000.0,
        "Net Non Operating Interest Income Expense": -22562000.0,
        "Total Other Finance Cost": 2384000.0,
        "Interest Expense Non Operating": 20178000.0,
        "Interest Income Non Operating": NaN,
        "Operating Income": 25101000.0,
        "Operating Expense": 97887000.0,
        "Other Operating Expenses": 48896000.0,
        "Depreciation Amortization Depletion Income Statement": 3482000.0,
        "Depreciation And Amortization In Income Statement": 3482000.0,
        "Selling General And Administration": 45509000.0,
        "General And Administrative Expense": 45509000.0,
        "Other Gand A": 41190000.0,
        "Rent And Landing Fees": 4319000.0,
        "Gross Profit": 122988000.0,
        "Cost Of Revenue": 90942000.0,
        "Total Revenue": 213930000.0,
        "Operating Revenue": 188984000.0
    },
    "2023-09-30": {
        "Tax Effect Of Unusual Items": -1256913.0,
        "Tax Rate For Calcs": 0.281,
        "Normalized EBITDA": 24853000.0,
        "Total Unusual Items": -4473000.0,
        "Total Unusual Items Excluding Goodwill": -4473000.0,
        "Net Income From Continuing Operation Net Minority Interest": -12262000.0,
        "Reconciled Depreciation": 8310000.0,
        "Reconciled Cost Of Revenue": 95641000.0,
        "EBITDA": 20380000.0,
        "EBIT": 12070000.0,
        "Net Interest Income": -20653000.0,
        "Interest Expense": 18433000.0,
        "Interest Income": NaN,
        "Normalized Income": -9045913.0,
        "Net Income From Continuing And Discontinued Operation": -12262000.0,
        "Total Expenses": 199508000.0,
        "Rent Expense Supplemental": 4426000.0,
        "Total Operating Income As Reported": 43046000.0,
        "Diluted Average Shares": 39242000.0,
        "Basic Average Shares": 39242000.0,
        "Diluted EPS": -0.31,
        "Basic EPS": -0.31,
        "Diluted NI Availto Com Stockholders": -12262000.0,
        "Net Income Common Stockholders": -12262000.0,
        "Net Income": -12262000.0,
        "Minority Interests": -4111000.0,
        "Net Income Including Noncontrolling Interests": -8151000.0,
        "Net Income Continuous Operations": -8151000.0,
        "Tax Provision": 1788000.0,
        "Pretax Income": -6363000.0,
        "Other Income Expense": -4973000.0,
        "Other Non Operating Income Expenses": -500000.0,
        "Special Income Charges": -5037000.0,
        "Impairment Of Capital Assets": 5037000.0,
        "Gain On Sale Of Security": 564000.0,
        "Net Non Operating Interest Income Expense": -20653000.0,
        "Total Other Finance Cost": 2220000.0,
        "Interest Expense Non Operating": 18433000.0,
        "Interest Income Non Operating": NaN,
        "Operating Income": 19263000.0,
        "Operating Expense": 98830000.0,
        "Other Operating Expenses": 50650000.0,
        "Depreciation Amortization Depletion Income Statement": 3273000.0,
        "Depreciation And Amortization In Income Statement": 3273000.0,
        "Selling General And Administration": 44907000.0,
        "General And Administrative Expense": 44907000.0,
        "Other Gand A": 40481000.0,
        "Rent And Landing Fees": 4426000.0,
        "Gross Profit": 118093000.0,
        "Cost Of Revenue": 100678000.0,
        "Total Revenue": 218771000.0,
        "Operating Revenue": 192301000.0
    },
    "2023-12-31": {
        "Tax Effect Of Unusual Items": -109639.304973,
        "Tax Rate For Calcs": 0.122229,
        "Normalized EBITDA": 15512000.0,
        "Total Unusual Items": -897000.0,
        "Total Unusual Items Excluding Goodwill": -897000.0,
        "Net Income From Continuing Operation Net Minority Interest": -8782000.0,
        "Reconciled Depreciation": 3234000.0,
        "Reconciled Cost Of Revenue": 103413000.0,
        "EBITDA": 14615000.0,
        "EBIT": 11381000.0,
        "Net Interest Income": -20235000.0,
        "Interest Expense": 18057000.0,
        "Interest Income": NaN,
        "Normalized Income": -7994639.304973,
        "Net Income From Continuing And Discontinued Operation": -8782000.0,
        "Total Expenses": 208232000.0,
        "Rent Expense Supplemental": 4126000.0,
        "Total Operating Income As Reported": 45529000.0,
        "Diluted Average Shares": 39245000.0,
        "Basic Average Shares": 39245000.0,
        "Diluted EPS": -0.22,
        "Basic EPS": -0.22,
        "Diluted NI Availto Com Stockholders": -8782000.0,
        "Net Income Common Stockholders": -8782000.0,
        "Net Income": -8782000.0,
        "Minority Interests": -2922000.0,
        "Net Income Including Noncontrolling Interests": -5860000.0,
        "Net Income Continuous Operations": -5860000.0,
        "Tax Provision": -816000.0,
        "Pretax Income": -6676000.0,
        "Other Income Expense": -1461000.0,
        "Other Non Operating Income Expenses": -564000.0,
        "Special Income Charges": -202000.0,
        "Impairment Of Capital Assets": 202000.0,
        "Gain On Sale Of Security": -695000.0,
        "Net Non Operating Interest Income Expense": -20235000.0,
        "Total Other Finance Cost": 2178000.0,
        "Interest Expense Non Operating": 18057000.0,
        "Interest Income Non Operating": NaN,
        "Operating Income": 15020000.0,
        "Operating Expense": 104617000.0,
        "Other Operating Expenses": 54807000.0,
        "Depreciation Amortization Depletion Income Statement": 3032000.0,
        "Depreciation And Amortization In Income Statement": 3032000.0,
        "Selling General And Administration": 46778000.0,
        "General And Administrative Expense": 46778000.0,
        "Other Gand A": 42652000.0,
        "Rent And Landing Fees": 4126000.0,
        "Gross Profit": 119637000.0,
        "Cost Of Revenue": 103615000.0,
        "Total Revenue": 223252000.0,
        "Operating Revenue": 196470000.0
    },
    "2024-03-31": {
        "Tax Effect Of Unusual Items": 38363.0,
        "Tax Rate For Calcs": 0.169,
        "Normalized EBITDA": 34835000.0,
        "Total Unusual Items": 227000.0,
        "Total Unusual Items Excluding Goodwill": 227000.0,
        "Net Income From Continuing Operation Net Minority Interest": 3475000.0,
        "Reconciled Depreciation": 2720000.0,
        "Reconciled Cost Of Revenue": 107553000.0,
        "EBITDA": 35062000.0,
        "EBIT": 32342000.0,
        "Net Interest Income": -20403000.0,
        "Interest Expense": 18203000.0,
        "Interest Income": NaN,
        "Normalized Income": 3286363.0,
        "Net Income From Continuing And Discontinued Operation": 3475000.0,
        "Total Expenses": 223146000.0,
        "Rent Expense Supplemental": 4144000.0,
        "Total Operating Income As Reported": 66396000.0,
        "Diluted Average Shares": 39448000.0,
        "Basic Average Shares": 39274000.0,
        "Diluted EPS": 0.09,
        "Basic EPS": 0.09,
        "Diluted NI Availto Com Stockholders": 3475000.0,
        "Net Income Common Stockholders": 3475000.0,
        "Net Income": 3475000.0,
        "Minority Interests": -8278000.0,
        "Net Income Including Noncontrolling Interests": 11753000.0,
        "Net Income Continuous Operations": 11753000.0,
        "Tax Provision": 2386000.0,
        "Pretax Income": 14139000.0,
        "Other Income Expense": 21000.0,
        "Other Non Operating Income Expenses": -206000.0,
        "Special Income Charges": NaN,
        "Impairment Of Capital Assets": NaN,
        "Gain On Sale Of Security": 227000.0,
        "Net Non Operating Interest Income Expense": -20403000.0,
        "Total Other Finance Cost": 2200000.0,
        "Interest Expense Non Operating": 18203000.0,
        "Interest Income Non Operating": NaN,
        "Operating Income": 34521000.0,
        "Operating Expense": 115593000.0,
        "Other Operating Expenses": 57348000.0,
        "Depreciation Amortization Depletion Income Statement": 2720000.0,
        "Depreciation And Amortization In Income Statement": 2720000.0,
        "Selling General And Administration": 55525000.0,
        "General And Administrative Expense": 55525000.0,
        "Other Gand A": 51381000.0,
        "Rent And Landing Fees": 4144000.0,
        "Gross Profit": 150114000.0,
        "Cost Of Revenue": 107553000.0,
        "Total Revenue": 257667000.0,
        "Operating Revenue": 204137000.0
    }
}