{
    "2023-03-31": {
        "Tax Effect Of Unusual Items": 0.0,
        "Tax Rate For Calcs": 0.0,
        "Normalized EBITDA": -37985000.0,
        "Net Income From Continuing Operation Net Minority Interest": -37455000.0,
        "Reconciled Depreciation": 106000.0,
        "EBITDA": -37985000.0,
        "EBIT": -38091000.0,
        "Normalized Income": -37455000.0,
        "Net Income From Continuing And Discontinued Operation": -37455000.0,
        "Total Expenses": 38774000.0,
        "Total Operating Income As Reported": -38091000.0,
        "Diluted Average Shares": 3540185.0,
        "Basic Average Shares": 3540185.0,
        "Diluted EPS": -10.58,
        "Basic EPS": -10.58,
        "Diluted NI Availto Com Stockholders": -37455000.0,
        "Net Income Common Stockholders": -37455000.0,
        "Net Income": -37455000.0,
        "Net Income Including Noncontrolling Interests": -37455000.0,
        "Net Income Continuous Operations": -37455000.0,
        "Pretax Income": -37455000.0,
        "Other Income Expense": 636000.0,
        "Other Non Operating Income Expenses": 636000.0,
        "Operating Income": -38091000.0,
        "Operating Expense": 38774000.0,
        "Research And Development": 25504000.0,
        "Selling General And Administration": 13270000.0,
        "General And Administrative Expense": 13270000.0,
        "Other Gand A": 13270000.0,
        "Total Revenue": 683000.0,
        "Operating Revenue": 683000.0
    },
    "2022-12-31": {
        "Tax Effect Of Unusual Items": NaN,
        "Tax Rate For Calcs": NaN,
        "Normalized EBITDA": NaN,
        "Net Income From Continuing Operation Net Minority Interest": NaN,
        "Reconciled Depreciation": NaN,
        "EBITDA": NaN,
        "EBIT": NaN,
        "Normalized Income": NaN,
        "Net Income From Continuing And Discontinued Operation": NaN,
        "Total Expenses": NaN,
        "Total Operating Income As Reported": NaN,
        "Diluted Average Shares": 3172988.0,
        "Basic Average Shares": 3172988.0,
        "Diluted EPS": -13.05,
        "Basic EPS": -13.05,
        "Diluted NI Availto Com Stockholders": NaN,
        "Net Income Common Stockholders": NaN,
        "Net Income": NaN,
        "Net Income Including Noncontrolling Interests": NaN,
        "Net Income Continuous Operations": NaN,
        "Pretax Income": NaN,
        "Other Income Expense": NaN,
        "Other Non Operating Income Expenses": NaN,
        "Operating Income": NaN,
        "Operating Expense": NaN,
        "Research And Development": NaN,
        "Selling General And Administration": NaN,
        "General And Administrative Expense": NaN,
        "Other Gand A": NaN,
        "Total Revenue": NaN,
        "Operating Revenue": NaN
    },
    "2022-09-30": {
        "Tax Effect Of Unusual Items": NaN,
        "Tax Rate For Calcs": NaN,
        "Normalized EBITDA": NaN,
        "Net Income From Continuing Operation Net Minority Interest": NaN,
        "Reconciled Depreciation": NaN,
        "EBITDA": NaN,
        "EBIT": NaN,
        "Normalized Income": NaN,
        "Net Income From Continuing And Discontinued Operation": NaN,
        "Total Expenses": NaN,
        "Total Operating Income As Reported": NaN,
        "Diluted Average Shares": NaN,
        "Basic Average Shares": NaN,
        "Diluted EPS": NaN,
        "Basic EPS": NaN,
        "Diluted NI Availto Com Stockholders": NaN,
        "Net Income Common Stockholders": NaN,
        "Net Income": NaN,
        "Net Income Including Noncontrolling Interests": NaN,
        "Net Income Continuous Operations": NaN,
        "Tax Provision": 0.0,
        "Pretax Income": NaN,
        "Other Income Expense": NaN,
        "Other Non Operating Income Expenses": NaN,
        "Operating Income": NaN,
        "Operating Expense": NaN,
        "Research And Development": NaN,
        "Selling General And Administration": NaN,
        "General And Administrative Expense": NaN,
        "Other Gand A": NaN,
        "Total Revenue": NaN,
        "Operating Revenue": NaN
    },
    "2022-06-30": {
        "Tax Effect Of Unusual Items": 0.0,
        "Tax Rate For Calcs": 0.0,
        "Normalized EBITDA": -60275000.0,
        "Net Income From Continuing Operation Net Minority Interest": -60194000.0,
        "Reconciled Depreciation": 119000.0,
        "EBITDA": -60275000.0,
        "EBIT": -60394000.0,
        "Normalized Income": -60194000.0,
        "Net Income From Continuing And Discontinued Operation": -60194000.0,
        "Total Expenses": 60394000.0,
        "Total Operating Income As Reported": -60394000.0,
        "Diluted Average Shares": 45542600.0,
        "Basic Average Shares": 45542600.0,
        "Diluted EPS": -1.32,
        "Basic EPS": -1.32,
        "Diluted NI Availto Com Stockholders": -60194000.0,
        "Net Income Common Stockholders": -60194000.0,
        "Net Income": -60194000.0,
        "Net Income Including Noncontrolling Interests": -60194000.0,
        "Net Income Continuous Operations": -60194000.0,
        "Tax Provision": NaN,
        "Pretax Income": -60194000.0,
        "Other Income Expense": 200000.0,
        "Other Non Operating Income Expenses": 200000.0,
        "Operating Income": -60394000.0,
        "Operating Expense": 60394000.0,
        "Research And Development": 43620000.0,
        "Selling General And Administration": 16774000.0,
        "General And Administrative Expense": 16774000.0,
        "Other Gand A": 16774000.0,
        "Total Revenue": 0.0,
        "Operating Revenue": 0.0
    },
    "2022-03-31": {
        "Diluted EPS": -1.51,
        "Total Revenue": NaN,
        "Gross Profit": NaN,
        "Operating Income": -69,
        "EBIT": -68,
        "Net Income": -69
    },
    "2021-12-31": {
        "Diluted EPS": -1.35,
        "Total Revenue": NaN,
        "Gross Profit": NaN,
        "Operating Income": -59,
        "EBIT": -58,
        "Net Income": -59
    },
    "2021-09-30": {
        "Diluted EPS": -1.0,
        "Total Revenue": NaN,
        "Gross Profit": NaN,
        "Operating Income": -45,
        "EBIT": -44,
        "Net Income": -45
    },
    "2021-06-30": {
        "Diluted EPS": -0.88,
        "Total Revenue": NaN,
        "Gross Profit": NaN,
        "Operating Income": -36,
        "EBIT": -36,
        "Net Income": -36
    },
    "2021-03-31": {
        "Diluted EPS": -0.71,
        "Total Revenue": NaN,
        "Gross Profit": NaN,
        "Operating Income": -27,
        "EBIT": -27,
        "Net Income": -27
    },
    "2020-12-31": {
        "Diluted EPS": 18.6,
        "Total Revenue": NaN,
        "Gross Profit": NaN,
        "Operating Income": -26,
        "EBIT": -26,
        "Net Income": -27
    },
    "2020-09-30": {
        "Diluted EPS": -12.1,
        "Total Revenue": NaN,
        "Gross Profit": NaN,
        "Operating Income": -16,
        "EBIT": -16,
        "Net Income": -20
    },
    "2020-06-30": {
        "Diluted EPS": -8.28,
        "Total Revenue": NaN,
        "Gross Profit": NaN,
        "Operating Income": -12,
        "EBIT": -12,
        "Net Income": -14
    },
    "2020-03-31": {
        "Diluted EPS": -6.08,
        "Total Revenue": NaN,
        "Gross Profit": NaN,
        "Operating Income": -8,
        "EBIT": -8,
        "Net Income": -10
    },
    "2019-12-31": {
        "Diluted EPS": 0.0,
        "Total Revenue": NaN,
        "Gross Profit": NaN,
        "Operating Income": NaN,
        "EBIT": NaN,
        "Net Income": NaN
    },
    "2019-09-30": {
        "Diluted EPS": -7.61,
        "Total Revenue": NaN,
        "Gross Profit": NaN,
        "Operating Income": -11,
        "EBIT": -11,
        "Net Income": -12
    },
    "2018-12-31": {
        "Diluted EPS": 0.0,
        "Total Revenue": NaN,
        "Gross Profit": NaN,
        "Operating Income": NaN,
        "EBIT": NaN,
        "Net Income": NaN
    },
    "2023-06-30": {
        "Tax Effect Of Unusual Items": 0.0,
        "Tax Rate For Calcs": 0.0,
        "Normalized EBITDA": -34854000.0,
        "Net Income From Continuing Operation Net Minority Interest": -34312000.0,
        "Reconciled Depreciation": 106000.0,
        "EBITDA": -34854000.0,
        "EBIT": -34960000.0,
        "Normalized Income": -34312000.0,
        "Net Income From Continuing And Discontinued Operation": -34312000.0,
        "Total Expenses": 35741000.0,
        "Total Operating Income As Reported": -34960000.0,
        "Diluted Average Shares": 4649381.0,
        "Basic Average Shares": 4649381.0,
        "Diluted EPS": -7.35,
        "Basic EPS": -7.35,
        "Diluted NI Availto Com Stockholders": -34312000.0,
        "Net Income Common Stockholders": -34312000.0,
        "Net Income": -34312000.0,
        "Net Income Including Noncontrolling Interests": -34312000.0,
        "Net Income Continuous Operations": -34312000.0,
        "Pretax Income": -34312000.0,
        "Other Income Expense": 648000.0,
        "Other Non Operating Income Expenses": 648000.0,
        "Operating Income": -34960000.0,
        "Operating Expense": 35741000.0,
        "Research And Development": 25614000.0,
        "Selling General And Administration": 10127000.0,
        "General And Administrative Expense": 10127000.0,
        "Other Gand A": 10127000.0,
        "Total Revenue": 781000.0,
        "Operating Revenue": 781000.0
    },
    "2023-09-30": {
        "Tax Effect Of Unusual Items": 0.0,
        "Tax Rate For Calcs": 0.0,
        "Normalized EBITDA": -25407000.0,
        "Net Income From Continuing Operation Net Minority Interest": -24632000.0,
        "Reconciled Depreciation": 109000.0,
        "EBITDA": -25407000.0,
        "EBIT": -25516000.0,
        "Normalized Income": -24632000.0,
        "Net Income From Continuing And Discontinued Operation": -24632000.0,
        "Total Expenses": 25984000.0,
        "Total Operating Income As Reported": -25516000.0,
        "Diluted Average Shares": 9039428.0,
        "Basic Average Shares": 9039428.0,
        "Diluted EPS": -2.7,
        "Basic EPS": -2.7,
        "Diluted NI Availto Com Stockholders": -24632000.0,
        "Net Income Common Stockholders": -24632000.0,
        "Net Income": -24632000.0,
        "Net Income Including Noncontrolling Interests": -24632000.0,
        "Net Income Continuous Operations": -24632000.0,
        "Pretax Income": -24632000.0,
        "Other Income Expense": 884000.0,
        "Other Non Operating Income Expenses": 884000.0,
        "Operating Income": -25516000.0,
        "Operating Expense": 25984000.0,
        "Research And Development": 17260000.0,
        "Selling General And Administration": 8724000.0,
        "General And Administrative Expense": 8724000.0,
        "Other Gand A": 8724000.0,
        "Total Revenue": 468000.0,
        "Operating Revenue": 468000.0
    },
    "2023-12-31": {
        "Tax Effect Of Unusual Items": 0.0,
        "Tax Rate For Calcs": 0.0,
        "Normalized EBITDA": -27695000.0,
        "Net Income From Continuing Operation Net Minority Interest": -26878000.0,
        "Reconciled Depreciation": 111000.0,
        "EBITDA": -27695000.0,
        "EBIT": -27806000.0,
        "Normalized Income": -26878000.0,
        "Net Income From Continuing And Discontinued Operation": -26878000.0,
        "Total Expenses": 28321000.0,
        "Total Operating Income As Reported": -27806000.0,
        "Diluted Average Shares": NaN,
        "Basic Average Shares": NaN,
        "Diluted EPS": NaN,
        "Basic EPS": NaN,
        "Diluted NI Availto Com Stockholders": -26878000.0,
        "Net Income Common Stockholders": -26878000.0,
        "Net Income": -26878000.0,
        "Net Income Including Noncontrolling Interests": -26878000.0,
        "Net Income Continuous Operations": -26878000.0,
        "Pretax Income": -26878000.0,
        "Other Income Expense": 928000.0,
        "Other Non Operating Income Expenses": 928000.0,
        "Operating Income": -27806000.0,
        "Operating Expense": 28321000.0,
        "Research And Development": 18388000.0,
        "Selling General And Administration": 9933000.0,
        "General And Administrative Expense": 9933000.0,
        "Other Gand A": 9933000.0,
        "Total Revenue": 515000.0,
        "Operating Revenue": 515000.0
    },
    "2024-03-31": {
        "Tax Effect Of Unusual Items": 0.0,
        "Tax Rate For Calcs": 0.0,
        "Normalized EBITDA": -41774000.0,
        "Net Income From Continuing Operation Net Minority Interest": -39553000.0,
        "Reconciled Depreciation": 112000.0,
        "EBITDA": -41774000.0,
        "EBIT": -41886000.0,
        "Normalized Income": -39553000.0,
        "Net Income From Continuing And Discontinued Operation": -39553000.0,
        "Total Expenses": 42317000.0,
        "Total Operating Income As Reported": -41886000.0,
        "Diluted Average Shares": 13904374.0,
        "Basic Average Shares": 13904374.0,
        "Diluted EPS": -2.84,
        "Basic EPS": -2.84,
        "Diluted NI Availto Com Stockholders": -39553000.0,
        "Net Income Common Stockholders": -39553000.0,
        "Net Income": -39553000.0,
        "Net Income Including Noncontrolling Interests": -39553000.0,
        "Net Income Continuous Operations": -39553000.0,
        "Pretax Income": -39553000.0,
        "Other Income Expense": 2333000.0,
        "Other Non Operating Income Expenses": 2333000.0,
        "Operating Income": -41886000.0,
        "Operating Expense": 42317000.0,
        "Research And Development": 26984000.0,
        "Selling General And Administration": 15333000.0,
        "General And Administrative Expense": 15333000.0,
        "Other Gand A": 15333000.0,
        "Total Revenue": 431000.0,
        "Operating Revenue": 431000.0
    }
}