{
    "2023-03-31": {
        "Tax Effect Of Unusual Items": NaN,
        "Tax Rate For Calcs": NaN,
        "Normalized EBITDA": NaN,
        "Total Unusual Items": NaN,
        "Total Unusual Items Excluding Goodwill": NaN,
        "Net Income From Continuing Operation Net Minority Interest": NaN,
        "Reconciled Depreciation": NaN,
        "Reconciled Cost Of Revenue": NaN,
        "EBITDA": NaN,
        "EBIT": NaN,
        "Net Interest Income": NaN,
        "Interest Expense": NaN,
        "Interest Income": 720000.0,
        "Normalized Income": NaN,
        "Net Income From Continuing And Discontinued Operation": NaN,
        "Total Expenses": NaN,
        "Total Operating Income As Reported": NaN,
        "Diluted Average Shares": NaN,
        "Basic Average Shares": NaN,
        "Diluted EPS": NaN,
        "Basic EPS": NaN,
        "Diluted NI Availto Com Stockholders": NaN,
        "Average Dilution Earnings": NaN,
        "Net Income Common Stockholders": NaN,
        "Net Income": NaN,
        "Net Income Including Noncontrolling Interests": NaN,
        "Net Income Continuous Operations": NaN,
        "Tax Provision": NaN,
        "Pretax Income": NaN,
        "Other Income Expense": NaN,
        "Other Non Operating Income Expenses": NaN,
        "Special Income Charges": NaN,
        "Gain On Sale Of Business": 0.0,
        "Other Special Charges": NaN,
        "Impairment Of Capital Assets": NaN,
        "Restructuring And Mergern Acquisition": NaN,
        "Gain On Sale Of Security": NaN,
        "Net Non Operating Interest Income Expense": NaN,
        "Interest Expense Non Operating": NaN,
        "Interest Income Non Operating": 720000.0,
        "Operating Income": NaN,
        "Operating Expense": NaN,
        "Provision For Doubtful Accounts": NaN,
        "Research And Development": NaN,
        "Selling General And Administration": NaN,
        "Selling And Marketing Expense": NaN,
        "General And Administrative Expense": NaN,
        "Other Gand A": NaN,
        "Gross Profit": NaN,
        "Cost Of Revenue": NaN,
        "Total Revenue": NaN,
        "Operating Revenue": NaN
    },
    "2022-12-31": {
        "Tax Effect Of Unusual Items": NaN,
        "Tax Rate For Calcs": NaN,
        "Normalized EBITDA": NaN,
        "Total Unusual Items": NaN,
        "Total Unusual Items Excluding Goodwill": NaN,
        "Net Income From Continuing Operation Net Minority Interest": NaN,
        "Reconciled Depreciation": NaN,
        "Reconciled Cost Of Revenue": NaN,
        "EBITDA": NaN,
        "EBIT": NaN,
        "Net Interest Income": NaN,
        "Interest Expense": NaN,
        "Interest Income": NaN,
        "Normalized Income": NaN,
        "Net Income From Continuing And Discontinued Operation": NaN,
        "Total Expenses": NaN,
        "Total Operating Income As Reported": NaN,
        "Diluted Average Shares": NaN,
        "Basic Average Shares": NaN,
        "Diluted EPS": NaN,
        "Basic EPS": NaN,
        "Diluted NI Availto Com Stockholders": NaN,
        "Average Dilution Earnings": 0.0,
        "Net Income Common Stockholders": NaN,
        "Net Income": NaN,
        "Net Income Including Noncontrolling Interests": NaN,
        "Net Income Continuous Operations": NaN,
        "Tax Provision": NaN,
        "Pretax Income": NaN,
        "Other Income Expense": NaN,
        "Other Non Operating Income Expenses": NaN,
        "Special Income Charges": NaN,
        "Gain On Sale Of Business": NaN,
        "Other Special Charges": NaN,
        "Impairment Of Capital Assets": NaN,
        "Restructuring And Mergern Acquisition": NaN,
        "Gain On Sale Of Security": NaN,
        "Net Non Operating Interest Income Expense": NaN,
        "Interest Expense Non Operating": NaN,
        "Interest Income Non Operating": NaN,
        "Operating Income": NaN,
        "Operating Expense": NaN,
        "Provision For Doubtful Accounts": NaN,
        "Research And Development": NaN,
        "Selling General And Administration": NaN,
        "Selling And Marketing Expense": NaN,
        "General And Administrative Expense": NaN,
        "Other Gand A": NaN,
        "Gross Profit": NaN,
        "Cost Of Revenue": NaN,
        "Total Revenue": NaN,
        "Operating Revenue": NaN
    },
    "2022-09-30": {
        "Tax Effect Of Unusual Items": NaN,
        "Tax Rate For Calcs": NaN,
        "Normalized EBITDA": NaN,
        "Total Unusual Items": NaN,
        "Total Unusual Items Excluding Goodwill": NaN,
        "Net Income From Continuing Operation Net Minority Interest": NaN,
        "Reconciled Depreciation": NaN,
        "Reconciled Cost Of Revenue": NaN,
        "EBITDA": NaN,
        "EBIT": NaN,
        "Net Interest Income": NaN,
        "Interest Expense": NaN,
        "Interest Income": NaN,
        "Normalized Income": NaN,
        "Net Income From Continuing And Discontinued Operation": NaN,
        "Total Expenses": NaN,
        "Total Operating Income As Reported": NaN,
        "Diluted Average Shares": NaN,
        "Basic Average Shares": NaN,
        "Diluted EPS": NaN,
        "Basic EPS": NaN,
        "Diluted NI Availto Com Stockholders": NaN,
        "Average Dilution Earnings": 0.0,
        "Net Income Common Stockholders": NaN,
        "Net Income": NaN,
        "Net Income Including Noncontrolling Interests": NaN,
        "Net Income Continuous Operations": NaN,
        "Tax Provision": NaN,
        "Pretax Income": NaN,
        "Other Income Expense": NaN,
        "Other Non Operating Income Expenses": NaN,
        "Special Income Charges": NaN,
        "Gain On Sale Of Business": NaN,
        "Other Special Charges": NaN,
        "Impairment Of Capital Assets": NaN,
        "Restructuring And Mergern Acquisition": NaN,
        "Gain On Sale Of Security": NaN,
        "Net Non Operating Interest Income Expense": NaN,
        "Interest Expense Non Operating": NaN,
        "Interest Income Non Operating": NaN,
        "Operating Income": NaN,
        "Operating Expense": NaN,
        "Provision For Doubtful Accounts": 174000.0,
        "Research And Development": NaN,
        "Selling General And Administration": NaN,
        "Selling And Marketing Expense": NaN,
        "General And Administrative Expense": NaN,
        "Other Gand A": NaN,
        "Gross Profit": NaN,
        "Cost Of Revenue": NaN,
        "Total Revenue": NaN,
        "Operating Revenue": NaN
    },
    "2022-06-30": {
        "Tax Effect Of Unusual Items": 2763200.0,
        "Tax Rate For Calcs": 0.4,
        "Normalized EBITDA": -24521000.0,
        "Total Unusual Items": 6908000.0,
        "Total Unusual Items Excluding Goodwill": 6908000.0,
        "Net Income From Continuing Operation Net Minority Interest": -26377000.0,
        "Reconciled Depreciation": 6438000.0,
        "Reconciled Cost Of Revenue": 28558000.0,
        "EBITDA": -17613000.0,
        "EBIT": -24051000.0,
        "Net Interest Income": -1858000.0,
        "Interest Expense": 1858000.0,
        "Normalized Income": -30521800.0,
        "Net Income From Continuing And Discontinued Operation": -26377000.0,
        "Total Expenses": 101566000.0,
        "Total Operating Income As Reported": -30797000.0,
        "Diluted Average Shares": 97142163.0,
        "Basic Average Shares": 97142163.0,
        "Diluted EPS": -0.28,
        "Basic EPS": -0.28,
        "Diluted NI Availto Com Stockholders": -26377000.0,
        "Average Dilution Earnings": NaN,
        "Net Income Common Stockholders": -26377000.0,
        "Net Income": -26377000.0,
        "Net Income Including Noncontrolling Interests": -26377000.0,
        "Net Income Continuous Operations": -26377000.0,
        "Tax Provision": 468000.0,
        "Pretax Income": -25909000.0,
        "Other Income Expense": 6746000.0,
        "Other Non Operating Income Expenses": -162000.0,
        "Special Income Charges": 2587000.0,
        "Other Special Charges": NaN,
        "Impairment Of Capital Assets": NaN,
        "Restructuring And Mergern Acquisition": -2587000.0,
        "Gain On Sale Of Security": 4321000.0,
        "Net Non Operating Interest Income Expense": -1858000.0,
        "Interest Expense Non Operating": 1858000.0,
        "Operating Income": -30797000.0,
        "Operating Expense": 73008000.0,
        "Provision For Doubtful Accounts": NaN,
        "Research And Development": 15777000.0,
        "Selling General And Administration": 57231000.0,
        "Selling And Marketing Expense": 28826000.0,
        "General And Administrative Expense": 28405000.0,
        "Other Gand A": 28405000.0,
        "Gross Profit": 42211000.0,
        "Cost Of Revenue": 28558000.0,
        "Total Revenue": 70769000.0,
        "Operating Revenue": 70769000.0
    },
    "2022-03-31": {
        "Diluted EPS": -0.1,
        "Total Revenue": 64,
        "Gross Profit": 38,
        "Operating Income": -29,
        "EBIT": -21,
        "Net Income": -9
    },
    "2021-12-31": {
        "Diluted EPS": -0.13,
        "Total Revenue": 52,
        "Gross Profit": 37,
        "Operating Income": -18,
        "EBIT": -13,
        "Net Income": -20
    },
    "2021-09-30": {
        "Diluted EPS": -0.08,
        "Total Revenue": 63,
        "Gross Profit": 44,
        "Operating Income": -13,
        "EBIT": -7,
        "Net Income": -5
    },
    "2021-06-30": {
        "Diluted EPS": -0.17,
        "Total Revenue": 51,
        "Gross Profit": 32,
        "Operating Income": -23,
        "EBIT": -18,
        "Net Income": -16
    },
    "2021-03-31": {
        "Diluted EPS": -0.76,
        "Total Revenue": 27,
        "Gross Profit": 21,
        "Operating Income": -30,
        "EBIT": -27,
        "Net Income": -65
    },
    "2020-12-31": {
        "Diluted EPS": -1.07,
        "Total Revenue": 19,
        "Gross Profit": 14,
        "Operating Income": -20,
        "EBIT": -18,
        "Net Income": -38
    },
    "2020-09-30": {
        "Diluted EPS": -0.25,
        "Total Revenue": 22,
        "Gross Profit": 16,
        "Operating Income": -4,
        "EBIT": -2,
        "Net Income": -9
    },
    "2020-06-30": {
        "Diluted EPS": -0.18,
        "Total Revenue": 17,
        "Gross Profit": 13,
        "Operating Income": -5,
        "EBIT": -3,
        "Net Income": -6
    },
    "2020-03-31": {
        "Diluted EPS": -0.53,
        "Total Revenue": 15,
        "Gross Profit": 11,
        "Operating Income": -13,
        "EBIT": -12,
        "Net Income": -18
    },
    "2019-12-31": {
        "Diluted EPS": 0.0,
        "Total Revenue": NaN,
        "Gross Profit": NaN,
        "Operating Income": NaN,
        "EBIT": NaN,
        "Net Income": NaN
    },
    "2019-09-30": {
        "Diluted EPS": 0.0,
        "Total Revenue": NaN,
        "Gross Profit": NaN,
        "Operating Income": NaN,
        "EBIT": NaN,
        "Net Income": NaN
    },
    "2023-06-30": {
        "Tax Effect Of Unusual Items": 5135970.0,
        "Tax Rate For Calcs": 0.21,
        "Normalized EBITDA": -96402000.0,
        "Total Unusual Items": 24457000.0,
        "Total Unusual Items Excluding Goodwill": 24457000.0,
        "Net Income From Continuing Operation Net Minority Interest": -86963000.0,
        "Reconciled Depreciation": 6214000.0,
        "Reconciled Cost Of Revenue": 81330000.0,
        "EBITDA": -71945000.0,
        "EBIT": -78159000.0,
        "Net Interest Income": -7398000.0,
        "Interest Expense": 8775000.0,
        "Interest Income": 1377000.0,
        "Normalized Income": -106284030.0,
        "Net Income From Continuing And Discontinued Operation": -86963000.0,
        "Total Expenses": 202959000.0,
        "Total Operating Income As Reported": -159405000.0,
        "Diluted Average Shares": 95732000.0,
        "Basic Average Shares": 95732000.0,
        "Diluted EPS": -0.91,
        "Basic EPS": -0.91,
        "Diluted NI Availto Com Stockholders": -86963000.0,
        "Average Dilution Earnings": NaN,
        "Net Income Common Stockholders": -86963000.0,
        "Net Income": -86963000.0,
        "Net Income Including Noncontrolling Interests": -86963000.0,
        "Net Income Continuous Operations": -86963000.0,
        "Tax Provision": 29000.0,
        "Pretax Income": -86934000.0,
        "Other Income Expense": 24658000.0,
        "Other Non Operating Income Expenses": 201000.0,
        "Special Income Charges": 26143000.0,
        "Gain On Sale Of Business": 0.0,
        "Other Special Charges": -81354000.0,
        "Impairment Of Capital Assets": 55211000.0,
        "Restructuring And Mergern Acquisition": 0.0,
        "Gain On Sale Of Security": -1686000.0,
        "Net Non Operating Interest Income Expense": -7398000.0,
        "Interest Expense Non Operating": 8775000.0,
        "Interest Income Non Operating": 1377000.0,
        "Operating Income": -104194000.0,
        "Operating Expense": 121629000.0,
        "Provision For Doubtful Accounts": 48718000.0,
        "Research And Development": 15495000.0,
        "Selling General And Administration": 57416000.0,
        "Selling And Marketing Expense": 34637000.0,
        "General And Administrative Expense": 22779000.0,
        "Other Gand A": 22779000.0,
        "Gross Profit": 17435000.0,
        "Cost Of Revenue": 81330000.0,
        "Total Revenue": 98765000.0,
        "Operating Revenue": 98765000.0
    },
    "2023-09-30": {
        "Tax Effect Of Unusual Items": 683550.0,
        "Tax Rate For Calcs": 0.21,
        "Normalized EBITDA": 7656000.0,
        "Total Unusual Items": 3255000.0,
        "Total Unusual Items Excluding Goodwill": 3255000.0,
        "Net Income From Continuing Operation Net Minority Interest": -5744000.0,
        "Reconciled Depreciation": 6272000.0,
        "Reconciled Cost Of Revenue": 52961000.0,
        "EBITDA": 10911000.0,
        "EBIT": 4639000.0,
        "Net Interest Income": -10267000.0,
        "Interest Expense": 10267000.0,
        "Interest Income": NaN,
        "Normalized Income": -8315450.0,
        "Net Income From Continuing And Discontinued Operation": -5744000.0,
        "Total Expenses": 129357000.0,
        "Total Operating Income As Reported": 199000.0,
        "Diluted Average Shares": 96366613.0,
        "Basic Average Shares": 96366613.0,
        "Diluted EPS": -0.06,
        "Basic EPS": -0.06,
        "Diluted NI Availto Com Stockholders": -5744000.0,
        "Average Dilution Earnings": NaN,
        "Net Income Common Stockholders": -5744000.0,
        "Net Income": -5744000.0,
        "Net Income Including Noncontrolling Interests": -5744000.0,
        "Net Income Continuous Operations": -5744000.0,
        "Tax Provision": 116000.0,
        "Pretax Income": -5628000.0,
        "Other Income Expense": 4440000.0,
        "Other Non Operating Income Expenses": 1185000.0,
        "Special Income Charges": 0.0,
        "Gain On Sale Of Business": NaN,
        "Other Special Charges": NaN,
        "Impairment Of Capital Assets": 0.0,
        "Restructuring And Mergern Acquisition": 0.0,
        "Gain On Sale Of Security": 3255000.0,
        "Net Non Operating Interest Income Expense": -10267000.0,
        "Interest Expense Non Operating": 10267000.0,
        "Interest Income Non Operating": NaN,
        "Operating Income": 199000.0,
        "Operating Expense": 76396000.0,
        "Provision For Doubtful Accounts": -6844000.0,
        "Research And Development": 14446000.0,
        "Selling General And Administration": 68794000.0,
        "Selling And Marketing Expense": 40135000.0,
        "General And Administrative Expense": 28659000.0,
        "Other Gand A": 28659000.0,
        "Gross Profit": 76595000.0,
        "Cost Of Revenue": 52961000.0,
        "Total Revenue": 129556000.0,
        "Operating Revenue": 129556000.0
    },
    "2023-12-31": {
        "Tax Effect Of Unusual Items": 199920.0,
        "Tax Rate For Calcs": 0.21,
        "Normalized EBITDA": 13662000.0,
        "Total Unusual Items": 952000.0,
        "Total Unusual Items Excluding Goodwill": 952000.0,
        "Net Income From Continuing Operation Net Minority Interest": -2486000.0,
        "Reconciled Depreciation": 5914000.0,
        "Reconciled Cost Of Revenue": 34677000.0,
        "EBITDA": 14614000.0,
        "EBIT": 8700000.0,
        "Net Interest Income": -6703000.0,
        "Interest Expense": 10598000.0,
        "Interest Income": NaN,
        "Normalized Income": -3238080.0,
        "Net Income From Continuing And Discontinued Operation": -2486000.0,
        "Total Expenses": 107232000.0,
        "Total Operating Income As Reported": 7380000.0,
        "Diluted Average Shares": 96896000.0,
        "Basic Average Shares": 96896000.0,
        "Diluted EPS": -0.03,
        "Basic EPS": -0.03,
        "Diluted NI Availto Com Stockholders": -2486000.0,
        "Average Dilution Earnings": NaN,
        "Net Income Common Stockholders": -2486000.0,
        "Net Income": -2486000.0,
        "Net Income Including Noncontrolling Interests": -2486000.0,
        "Net Income Continuous Operations": -2486000.0,
        "Tax Provision": 588000.0,
        "Pretax Income": -1898000.0,
        "Other Income Expense": -2575000.0,
        "Other Non Operating Income Expenses": -3527000.0,
        "Special Income Charges": 44000.0,
        "Gain On Sale Of Business": NaN,
        "Other Special Charges": 0.0,
        "Impairment Of Capital Assets": 0.0,
        "Restructuring And Mergern Acquisition": -44000.0,
        "Gain On Sale Of Security": 908000.0,
        "Net Non Operating Interest Income Expense": -6703000.0,
        "Interest Expense Non Operating": 10598000.0,
        "Interest Income Non Operating": NaN,
        "Operating Income": 7380000.0,
        "Operating Expense": 72555000.0,
        "Provision For Doubtful Accounts": -4931000.0,
        "Research And Development": 14611000.0,
        "Selling General And Administration": 62875000.0,
        "Selling And Marketing Expense": 36950000.0,
        "General And Administrative Expense": 25925000.0,
        "Other Gand A": 25925000.0,
        "Gross Profit": 79935000.0,
        "Cost Of Revenue": 34677000.0,
        "Total Revenue": 114612000.0,
        "Operating Revenue": 114612000.0
    },
    "2024-03-31": {
        "Tax Effect Of Unusual Items": 6688290.0,
        "Tax Rate For Calcs": 0.21,
        "Normalized EBITDA": -27929000.0,
        "Total Unusual Items": 31849000.0,
        "Total Unusual Items Excluding Goodwill": 31849000.0,
        "Net Income From Continuing Operation Net Minority Interest": -13362000.0,
        "Reconciled Depreciation": 6317000.0,
        "Reconciled Cost Of Revenue": 75844000.0,
        "EBITDA": 3920000.0,
        "EBIT": -2397000.0,
        "Net Interest Income": -10353000.0,
        "Interest Expense": 10787000.0,
        "Interest Income": 434000.0,
        "Normalized Income": -38522710.0,
        "Net Income From Continuing And Discontinued Operation": -13362000.0,
        "Total Expenses": 150111000.0,
        "Total Operating Income As Reported": -34668000.0,
        "Diluted Average Shares": 97512000.0,
        "Basic Average Shares": 97512000.0,
        "Diluted EPS": -0.14,
        "Basic EPS": -0.14,
        "Diluted NI Availto Com Stockholders": -13362000.0,
        "Average Dilution Earnings": NaN,
        "Net Income Common Stockholders": -13362000.0,
        "Net Income": -13362000.0,
        "Net Income Including Noncontrolling Interests": -13362000.0,
        "Net Income Continuous Operations": -13362000.0,
        "Tax Provision": 178000.0,
        "Pretax Income": -13184000.0,
        "Other Income Expense": 31837000.0,
        "Other Non Operating Income Expenses": -12000.0,
        "Special Income Charges": 27147000.0,
        "Gain On Sale Of Business": -5244000.0,
        "Other Special Charges": -17461000.0,
        "Impairment Of Capital Assets": 0.0,
        "Restructuring And Mergern Acquisition": -14930000.0,
        "Gain On Sale Of Security": 4702000.0,
        "Net Non Operating Interest Income Expense": -10353000.0,
        "Interest Expense Non Operating": 10787000.0,
        "Interest Income Non Operating": 434000.0,
        "Operating Income": -34668000.0,
        "Operating Expense": 74267000.0,
        "Provision For Doubtful Accounts": NaN,
        "Research And Development": 13920000.0,
        "Selling General And Administration": 60347000.0,
        "Selling And Marketing Expense": 33948000.0,
        "General And Administrative Expense": 26399000.0,
        "Other Gand A": 26399000.0,
        "Gross Profit": 39599000.0,
        "Cost Of Revenue": 75844000.0,
        "Total Revenue": 115443000.0,
        "Operating Revenue": 115443000.0
    },
    "2024-06-30": {
        "Tax Effect Of Unusual Items": -502530.0,
        "Tax Rate For Calcs": 0.21,
        "Normalized EBITDA": -44714000.0,
        "Total Unusual Items": -2393000.0,
        "Total Unusual Items Excluding Goodwill": -2393000.0,
        "Net Income From Continuing Operation Net Minority Interest": -64323000.0,
        "Reconciled Depreciation": 6202000.0,
        "Reconciled Cost Of Revenue": 91646000.0,
        "EBITDA": -47107000.0,
        "EBIT": -53309000.0,
        "Net Interest Income": -9966000.0,
        "Interest Expense": 10326000.0,
        "Interest Income": 360000.0,
        "Normalized Income": -62432530.0,
        "Net Income From Continuing And Discontinued Operation": -64323000.0,
        "Total Expenses": 163323000.0,
        "Total Operating Income As Reported": -52479000.0,
        "Diluted Average Shares": 99193000.0,
        "Basic Average Shares": 99193000.0,
        "Diluted EPS": -0.65,
        "Basic EPS": -0.65,
        "Diluted NI Availto Com Stockholders": -64323000.0,
        "Average Dilution Earnings": NaN,
        "Net Income Common Stockholders": -64323000.0,
        "Net Income": -64323000.0,
        "Net Income Including Noncontrolling Interests": -64323000.0,
        "Net Income Continuous Operations": -64323000.0,
        "Tax Provision": 688000.0,
        "Pretax Income": -63635000.0,
        "Other Income Expense": -1190000.0,
        "Other Non Operating Income Expenses": 1203000.0,
        "Special Income Charges": 837000.0,
        "Gain On Sale Of Business": -87000.0,
        "Other Special Charges": -924000.0,
        "Impairment Of Capital Assets": 0.0,
        "Restructuring And Mergern Acquisition": 0.0,
        "Gain On Sale Of Security": -3230000.0,
        "Net Non Operating Interest Income Expense": -9966000.0,
        "Interest Expense Non Operating": 10326000.0,
        "Interest Income Non Operating": 360000.0,
        "Operating Income": -52479000.0,
        "Operating Expense": 71677000.0,
        "Provision For Doubtful Accounts": -622000.0,
        "Research And Development": 14731000.0,
        "Selling General And Administration": 57568000.0,
        "Selling And Marketing Expense": 33197000.0,
        "General And Administrative Expense": 24371000.0,
        "Other Gand A": 24371000.0,
        "Gross Profit": 19198000.0,
        "Cost Of Revenue": 91646000.0,
        "Total Revenue": 110844000.0,
        "Operating Revenue": 110844000.0
    }
}