{
    "2023-06-30": {
        "Tax Effect Of Unusual Items": 0.0,
        "Tax Rate For Calcs": 0.0,
        "Normalized EBITDA": -23678000.0,
        "Net Income From Continuing Operation Net Minority Interest": -25285000.0,
        "Reconciled Depreciation": 642000.0,
        "Reconciled Cost Of Revenue": 14675000.0,
        "EBITDA": -23678000.0,
        "EBIT": -24320000.0,
        "Net Interest Income": 340000.0,
        "Interest Expense": 965000.0,
        "Interest Income": 1305000.0,
        "Normalized Income": -25285000.0,
        "Net Income From Continuing And Discontinued Operation": -25285000.0,
        "Total Expenses": 58729000.0,
        "Total Operating Income As Reported": -25625000.0,
        "Diluted Average Shares": 45160000.0,
        "Basic Average Shares": 45160000.0,
        "Diluted EPS": -0.56,
        "Basic EPS": -0.56,
        "Diluted NI Availto Com Stockholders": -25285000.0,
        "Net Income Common Stockholders": -25285000.0,
        "Net Income": -25285000.0,
        "Net Income Including Noncontrolling Interests": -25285000.0,
        "Net Income Continuous Operations": -25285000.0,
        "Pretax Income": -25285000.0,
        "Net Non Operating Interest Income Expense": 340000.0,
        "Interest Expense Non Operating": 965000.0,
        "Interest Income Non Operating": 1305000.0,
        "Operating Income": -25625000.0,
        "Operating Expense": 44054000.0,
        "Research And Development": 11613000.0,
        "Selling General And Administration": 32441000.0,
        "Gross Profit": 18429000.0,
        "Cost Of Revenue": 14675000.0,
        "Total Revenue": 33104000.0,
        "Operating Revenue": 33104000.0
    },
    "2023-03-31": {
        "Tax Effect Of Unusual Items": 0.0,
        "Tax Rate For Calcs": 0.0,
        "Normalized EBITDA": -26805000.0,
        "Net Income From Continuing Operation Net Minority Interest": -28484000.0,
        "Reconciled Depreciation": 793000.0,
        "Reconciled Cost Of Revenue": 11913000.0,
        "EBITDA": -26805000.0,
        "EBIT": -27598000.0,
        "Net Interest Income": -107000.0,
        "Interest Expense": 886000.0,
        "Interest Income": 779000.0,
        "Normalized Income": -28484000.0,
        "Net Income From Continuing And Discontinued Operation": -28484000.0,
        "Total Expenses": 52781000.0,
        "Total Operating Income As Reported": -28377000.0,
        "Diluted Average Shares": NaN,
        "Basic Average Shares": NaN,
        "Diluted EPS": NaN,
        "Basic EPS": NaN,
        "Diluted NI Availto Com Stockholders": -28484000.0,
        "Net Income Common Stockholders": -28484000.0,
        "Net Income": -28484000.0,
        "Net Income Including Noncontrolling Interests": -28484000.0,
        "Net Income Continuous Operations": -28484000.0,
        "Pretax Income": -28484000.0,
        "Net Non Operating Interest Income Expense": -107000.0,
        "Interest Expense Non Operating": 886000.0,
        "Interest Income Non Operating": 779000.0,
        "Operating Income": -28377000.0,
        "Operating Expense": 40868000.0,
        "Research And Development": 10737000.0,
        "Selling General And Administration": 30131000.0,
        "Gross Profit": 12491000.0,
        "Cost Of Revenue": 11913000.0,
        "Total Revenue": 24404000.0,
        "Operating Revenue": 24404000.0
    },
    "2022-12-31": {
        "Tax Effect Of Unusual Items": 0.0,
        "Tax Rate For Calcs": 0.0,
        "Normalized EBITDA": -26643000.0,
        "Net Income From Continuing Operation Net Minority Interest": -28172000.0,
        "Reconciled Depreciation": 663000.0,
        "Reconciled Cost Of Revenue": 13101000.0,
        "EBITDA": -26643000.0,
        "EBIT": -27306000.0,
        "Net Interest Income": 612000.0,
        "Interest Expense": 866000.0,
        "Interest Income": 1478000.0,
        "Normalized Income": -28172000.0,
        "Net Income From Continuing And Discontinued Operation": -28172000.0,
        "Total Expenses": 48817000.0,
        "Total Operating Income As Reported": -25040000.0,
        "Diluted Average Shares": 44770000.0,
        "Basic Average Shares": 44770000.0,
        "Diluted EPS": -0.63,
        "Basic EPS": -0.63,
        "Diluted NI Availto Com Stockholders": -28172000.0,
        "Net Income Common Stockholders": -28172000.0,
        "Net Income": -28172000.0,
        "Net Income Including Noncontrolling Interests": -28172000.0,
        "Net Income Continuous Operations": -28172000.0,
        "Pretax Income": -28172000.0,
        "Net Non Operating Interest Income Expense": 612000.0,
        "Interest Expense Non Operating": 866000.0,
        "Interest Income Non Operating": 1478000.0,
        "Operating Income": -25040000.0,
        "Operating Expense": 35716000.0,
        "Research And Development": 9682000.0,
        "Selling General And Administration": 26034000.0,
        "Gross Profit": 10676000.0,
        "Cost Of Revenue": 13101000.0,
        "Total Revenue": 23777000.0,
        "Operating Revenue": 23777000.0
    },
    "2022-09-30": {
        "Tax Effect Of Unusual Items": 0.0,
        "Tax Rate For Calcs": 0.0,
        "Normalized EBITDA": -20455000.0,
        "Total Unusual Items": NaN,
        "Total Unusual Items Excluding Goodwill": NaN,
        "Net Income From Continuing Operation Net Minority Interest": -22613000.0,
        "Reconciled Depreciation": 703000.0,
        "Reconciled Cost Of Revenue": 10118000.0,
        "EBITDA": -20455000.0,
        "EBIT": -21158000.0,
        "Net Interest Income": -508000.0,
        "Interest Expense": 1455000.0,
        "Interest Income": 947000.0,
        "Normalized Income": -22613000.0,
        "Net Income From Continuing And Discontinued Operation": -22613000.0,
        "Total Expenses": 42454000.0,
        "Total Operating Income As Reported": -22105000.0,
        "Diluted Average Shares": 44640000.0,
        "Basic Average Shares": 44640000.0,
        "Diluted EPS": -0.51,
        "Basic EPS": -0.51,
        "Diluted NI Availto Com Stockholders": -22613000.0,
        "Net Income Common Stockholders": -22613000.0,
        "Net Income": -22613000.0,
        "Net Income Including Noncontrolling Interests": -22613000.0,
        "Net Income Continuous Operations": -22613000.0,
        "Pretax Income": -22613000.0,
        "Other Income Expense": NaN,
        "Special Income Charges": NaN,
        "Other Special Charges": NaN,
        "Net Non Operating Interest Income Expense": -508000.0,
        "Interest Expense Non Operating": 1455000.0,
        "Interest Income Non Operating": 947000.0,
        "Operating Income": -22105000.0,
        "Operating Expense": 32336000.0,
        "Research And Development": 7582000.0,
        "Selling General And Administration": 24754000.0,
        "Gross Profit": 10231000.0,
        "Cost Of Revenue": 10118000.0,
        "Total Revenue": 20349000.0,
        "Operating Revenue": 20349000.0
    },
    "2022-06-30": {
        "Tax Effect Of Unusual Items": 0.0,
        "Tax Rate For Calcs": 0.0,
        "Normalized EBITDA": -17026000.0,
        "Total Unusual Items": NaN,
        "Total Unusual Items Excluding Goodwill": NaN,
        "Net Income From Continuing Operation Net Minority Interest": -19184000.0,
        "Reconciled Depreciation": 717000.0,
        "Reconciled Cost Of Revenue": 8205000.0,
        "EBITDA": -17026000.0,
        "EBIT": -17743000.0,
        "Net Interest Income": -1309000.0,
        "Interest Expense": 1441000.0,
        "Interest Income": 132000.0,
        "Normalized Income": -19184000.0,
        "Net Income From Continuing And Discontinued Operation": -19184000.0,
        "Total Expenses": 34566000.0,
        "Total Operating Income As Reported": -17875000.0,
        "Diluted Average Shares": 44324000.0,
        "Basic Average Shares": 44324000.0,
        "Diluted EPS": -0.43,
        "Basic EPS": -0.43,
        "Diluted NI Availto Com Stockholders": -19184000.0,
        "Net Income Common Stockholders": -19184000.0,
        "Net Income": -19184000.0,
        "Net Income Including Noncontrolling Interests": -19184000.0,
        "Net Income Continuous Operations": -19184000.0,
        "Pretax Income": -19184000.0,
        "Other Income Expense": NaN,
        "Special Income Charges": NaN,
        "Other Special Charges": NaN,
        "Net Non Operating Interest Income Expense": -1309000.0,
        "Interest Expense Non Operating": 1441000.0,
        "Interest Income Non Operating": 132000.0,
        "Operating Income": -17875000.0,
        "Operating Expense": 26361000.0,
        "Research And Development": 6706000.0,
        "Selling General And Administration": 19655000.0,
        "Gross Profit": 8486000.0,
        "Cost Of Revenue": 8205000.0,
        "Total Revenue": 16691000.0,
        "Operating Revenue": 16691000.0
    },
    "2022-03-31": {
        "Diluted EPS": -0.39,
        "Total Revenue": 14,
        "Gross Profit": 8,
        "Operating Income": -16,
        "EBIT": -15,
        "Net Income": -17
    },
    "2021-12-31": {
        "Diluted EPS": 2.84,
        "Total Revenue": 10,
        "Gross Profit": 5,
        "Operating Income": -17,
        "EBIT": -16,
        "Net Income": -18
    },
    "2021-09-30": {
        "Diluted EPS": -1.22,
        "Total Revenue": 9,
        "Gross Profit": 4,
        "Operating Income": -13,
        "EBIT": -12,
        "Net Income": -14
    },
    "2021-06-30": {
        "Diluted EPS": -2.6,
        "Total Revenue": 8,
        "Gross Profit": 4,
        "Operating Income": -13,
        "EBIT": -12,
        "Net Income": -15
    },
    "2021-03-31": {
        "Diluted EPS": -2.65,
        "Total Revenue": 7,
        "Gross Profit": 4,
        "Operating Income": -11,
        "EBIT": -10,
        "Net Income": -13
    },
    "2020-12-31": {
        "Diluted EPS": 0.0,
        "Total Revenue": NaN,
        "Gross Profit": NaN,
        "Operating Income": NaN,
        "EBIT": NaN,
        "Net Income": NaN
    },
    "2020-09-30": {
        "Diluted EPS": -2.77,
        "Total Revenue": 2,
        "Gross Profit": 0,
        "Operating Income": -11,
        "EBIT": -11,
        "Net Income": -12
    },
    "2023-09-30": {
        "Tax Effect Of Unusual Items": 0.0,
        "Tax Rate For Calcs": 0.0,
        "Normalized EBITDA": -22549000.0,
        "Net Income From Continuing Operation Net Minority Interest": -24622000.0,
        "Reconciled Depreciation": 1054000.0,
        "Reconciled Cost Of Revenue": 16228000.0,
        "EBITDA": -22549000.0,
        "EBIT": -23603000.0,
        "Net Interest Income": 987000.0,
        "Interest Expense": 1019000.0,
        "Interest Income": 2006000.0,
        "Normalized Income": -24622000.0,
        "Net Income From Continuing And Discontinued Operation": -24622000.0,
        "Total Expenses": 60711000.0,
        "Total Operating Income As Reported": -25609000.0,
        "Diluted Average Shares": 48310000.0,
        "Basic Average Shares": 48310000.0,
        "Diluted EPS": -0.51,
        "Basic EPS": -0.51,
        "Diluted NI Availto Com Stockholders": -24622000.0,
        "Net Income Common Stockholders": -24622000.0,
        "Net Income": -24622000.0,
        "Net Income Including Noncontrolling Interests": -24622000.0,
        "Net Income Continuous Operations": -24622000.0,
        "Pretax Income": -24622000.0,
        "Net Non Operating Interest Income Expense": 987000.0,
        "Interest Expense Non Operating": 1019000.0,
        "Interest Income Non Operating": 2006000.0,
        "Operating Income": -25609000.0,
        "Operating Expense": 44483000.0,
        "Research And Development": 11600000.0,
        "Selling General And Administration": 32883000.0,
        "Gross Profit": 18874000.0,
        "Cost Of Revenue": 16228000.0,
        "Total Revenue": 35102000.0,
        "Operating Revenue": 35102000.0
    },
    "2023-12-31": {
        "Tax Effect Of Unusual Items": 0.0,
        "Tax Rate For Calcs": 0.0,
        "Normalized EBITDA": -25061000.0,
        "Net Income From Continuing Operation Net Minority Interest": -27504000.0,
        "Reconciled Depreciation": 1318000.0,
        "Reconciled Cost Of Revenue": 22326000.0,
        "EBITDA": -25061000.0,
        "EBIT": -26379000.0,
        "Net Interest Income": 2336000.0,
        "Interest Expense": 1125000.0,
        "Interest Income": 3461000.0,
        "Normalized Income": -27504000.0,
        "Net Income From Continuing And Discontinued Operation": -27504000.0,
        "Total Expenses": 73138000.0,
        "Total Operating Income As Reported": -29557000.0,
        "Diluted Average Shares": 50589000.0,
        "Basic Average Shares": 50589000.0,
        "Diluted EPS": -0.54,
        "Basic EPS": -0.54,
        "Diluted NI Availto Com Stockholders": -27504000.0,
        "Net Income Common Stockholders": -27504000.0,
        "Net Income": -27504000.0,
        "Net Income Including Noncontrolling Interests": -27504000.0,
        "Net Income Continuous Operations": -27504000.0,
        "Pretax Income": -27504000.0,
        "Net Non Operating Interest Income Expense": 2336000.0,
        "Interest Expense Non Operating": 1125000.0,
        "Interest Income Non Operating": 3461000.0,
        "Operating Income": -29557000.0,
        "Operating Expense": 50812000.0,
        "Research And Development": 14496000.0,
        "Selling General And Administration": 36316000.0,
        "Gross Profit": 21255000.0,
        "Cost Of Revenue": 22326000.0,
        "Total Revenue": 43581000.0,
        "Operating Revenue": 43581000.0
    },
    "2024-03-31": {
        "Tax Effect Of Unusual Items": 0.0,
        "Tax Rate For Calcs": 0.0,
        "Normalized EBITDA": -23728000.0,
        "Net Income From Continuing Operation Net Minority Interest": -25957000.0,
        "Reconciled Depreciation": 1184000.0,
        "Reconciled Cost Of Revenue": 19505000.0,
        "EBITDA": -23728000.0,
        "EBIT": -24912000.0,
        "Net Interest Income": 1692000.0,
        "Interest Expense": 1045000.0,
        "Interest Income": 2737000.0,
        "Normalized Income": -25957000.0,
        "Net Income From Continuing And Discontinued Operation": -25957000.0,
        "Total Expenses": 72188000.0,
        "Total Operating Income As Reported": -27649000.0,
        "Diluted Average Shares": 51011000.0,
        "Basic Average Shares": 51011000.0,
        "Diluted EPS": -0.51,
        "Basic EPS": -0.51,
        "Diluted NI Availto Com Stockholders": -25957000.0,
        "Net Income Common Stockholders": -25957000.0,
        "Net Income": -25957000.0,
        "Net Income Including Noncontrolling Interests": -25957000.0,
        "Net Income Continuous Operations": -25957000.0,
        "Pretax Income": -25957000.0,
        "Net Non Operating Interest Income Expense": 1692000.0,
        "Interest Expense Non Operating": 1045000.0,
        "Interest Income Non Operating": 2737000.0,
        "Operating Income": -27649000.0,
        "Operating Expense": 52683000.0,
        "Research And Development": 13084000.0,
        "Selling General And Administration": 39599000.0,
        "Gross Profit": 25034000.0,
        "Cost Of Revenue": 19505000.0,
        "Total Revenue": 44539000.0,
        "Operating Revenue": 44539000.0
    },
    "2024-06-30": {
        "Tax Effect Of Unusual Items": 0.0,
        "Tax Rate For Calcs": 0.0,
        "Normalized EBITDA": -23327000.0,
        "Net Income From Continuing Operation Net Minority Interest": -25626000.0,
        "Reconciled Depreciation": 1269000.0,
        "Reconciled Cost Of Revenue": 21871000.0,
        "EBITDA": -23327000.0,
        "EBIT": -24596000.0,
        "Net Interest Income": 1202000.0,
        "Interest Expense": 1030000.0,
        "Interest Income": 2232000.0,
        "Normalized Income": -25626000.0,
        "Net Income From Continuing And Discontinued Operation": -25626000.0,
        "Total Expenses": 80181000.0,
        "Total Operating Income As Reported": -26828000.0,
        "Diluted Average Shares": 51622000.0,
        "Basic Average Shares": 51622000.0,
        "Diluted EPS": -0.5,
        "Basic EPS": -0.5,
        "Diluted NI Availto Com Stockholders": -25626000.0,
        "Net Income Common Stockholders": -25626000.0,
        "Net Income": -25626000.0,
        "Net Income Including Noncontrolling Interests": -25626000.0,
        "Net Income Continuous Operations": -25626000.0,
        "Pretax Income": -25626000.0,
        "Net Non Operating Interest Income Expense": 1202000.0,
        "Interest Expense Non Operating": 1030000.0,
        "Interest Income Non Operating": 2232000.0,
        "Operating Income": -26828000.0,
        "Operating Expense": 58310000.0,
        "Research And Development": 17501000.0,
        "Selling General And Administration": 40809000.0,
        "Gross Profit": 31482000.0,
        "Cost Of Revenue": 21871000.0,
        "Total Revenue": 53353000.0,
        "Operating Revenue": 53353000.0
    }
}