{
    "2023-03-31": {
        "Tax Effect Of Unusual Items": -3024309.0,
        "Tax Rate For Calcs": 0.267,
        "Normalized EBITDA": 63630000.0,
        "Total Unusual Items": -11327000.0,
        "Total Unusual Items Excluding Goodwill": -11327000.0,
        "Net Income From Continuing Operation Net Minority Interest": 34484000.0,
        "Reconciled Depreciation": 5155000.0,
        "Reconciled Cost Of Revenue": 33851000.0,
        "EBITDA": 52303000.0,
        "EBIT": 47148000.0,
        "Net Interest Income": 3723000.0,
        "Interest Expense": 95000.0,
        "Interest Income": 3818000.0,
        "Normalized Income": 42786691.0,
        "Net Income From Continuing And Discontinued Operation": 34484000.0,
        "Total Expenses": 140935000.0,
        "Rent Expense Supplemental": 2728000.0,
        "Total Operating Income As Reported": 43336000.0,
        "Diluted Average Shares": 68514000.0,
        "Basic Average Shares": 67235000.0,
        "Diluted EPS": 0.5,
        "Basic EPS": 0.51,
        "Diluted NI Availto Com Stockholders": 34484000.0,
        "Net Income Common Stockholders": 34484000.0,
        "Net Income": 34484000.0,
        "Net Income Including Noncontrolling Interests": 34484000.0,
        "Net Income Continuous Operations": 34484000.0,
        "Tax Provision": 12569000.0,
        "Pretax Income": 47053000.0,
        "Other Income Expense": -11333000.0,
        "Other Non Operating Income Expenses": -6000.0,
        "Special Income Charges": -11327000.0,
        "Write Off": 11327000.0,
        "Impairment Of Capital Assets": 570000.0,
        "Net Non Operating Interest Income Expense": 3723000.0,
        "Interest Expense Non Operating": 95000.0,
        "Interest Income Non Operating": 3818000.0,
        "Operating Income": 54663000.0,
        "Operating Expense": 107084000.0,
        "Depreciation Amortization Depletion Income Statement": 5155000.0,
        "Depreciation And Amortization In Income Statement": 5155000.0,
        "Selling General And Administration": 101929000.0,
        "Selling And Marketing Expense": 31295000.0,
        "General And Administrative Expense": 70634000.0,
        "Other Gand A": 70634000.0,
        "Gross Profit": 161747000.0,
        "Cost Of Revenue": 33851000.0,
        "Total Revenue": 195598000.0,
        "Operating Revenue": 193319000.0
    },
    "2022-12-31": {
        "Tax Effect Of Unusual Items": -4181696.741444,
        "Tax Rate For Calcs": 0.346856,
        "Normalized EBITDA": 41464000.0,
        "Total Unusual Items": -12056000.0,
        "Total Unusual Items Excluding Goodwill": -12056000.0,
        "Net Income From Continuing Operation Net Minority Interest": 15955000.0,
        "Reconciled Depreciation": 4878000.0,
        "Reconciled Cost Of Revenue": 31217000.0,
        "EBITDA": 29408000.0,
        "EBIT": 24530000.0,
        "Net Interest Income": 3067000.0,
        "Interest Expense": 102000.0,
        "Interest Income": 3169000.0,
        "Normalized Income": 23829303.258556,
        "Net Income From Continuing And Discontinued Operation": 15955000.0,
        "Total Expenses": 141415000.0,
        "Rent Expense Supplemental": NaN,
        "Total Operating Income As Reported": 22674000.0,
        "Diluted Average Shares": 68423000.0,
        "Basic Average Shares": 67165000.0,
        "Diluted EPS": 0.23,
        "Basic EPS": 0.24,
        "Diluted NI Availto Com Stockholders": 15955000.0,
        "Net Income Common Stockholders": 15955000.0,
        "Net Income": 15955000.0,
        "Net Income Including Noncontrolling Interests": 15955000.0,
        "Net Income Continuous Operations": 15955000.0,
        "Tax Provision": 8473000.0,
        "Pretax Income": 24428000.0,
        "Other Income Expense": -13369000.0,
        "Other Non Operating Income Expenses": -1313000.0,
        "Special Income Charges": -12056000.0,
        "Write Off": 12056000.0,
        "Impairment Of Capital Assets": NaN,
        "Net Non Operating Interest Income Expense": 3067000.0,
        "Interest Expense Non Operating": 102000.0,
        "Interest Income Non Operating": 3169000.0,
        "Operating Income": 34730000.0,
        "Operating Expense": 110198000.0,
        "Depreciation Amortization Depletion Income Statement": 4878000.0,
        "Depreciation And Amortization In Income Statement": 4878000.0,
        "Selling General And Administration": 105320000.0,
        "Selling And Marketing Expense": 30792000.0,
        "General And Administrative Expense": 74528000.0,
        "Other Gand A": 74528000.0,
        "Gross Profit": 144928000.0,
        "Cost Of Revenue": 31217000.0,
        "Total Revenue": 176145000.0,
        "Operating Revenue": 174012000.0
    },
    "2022-09-30": {
        "Tax Effect Of Unusual Items": -2331975.0,
        "Tax Rate For Calcs": 0.295,
        "Normalized EBITDA": 44358000.0,
        "Total Unusual Items": -7905000.0,
        "Total Unusual Items Excluding Goodwill": -7905000.0,
        "Net Income From Continuing Operation Net Minority Interest": 22067000.0,
        "Reconciled Depreciation": 5065000.0,
        "Reconciled Cost Of Revenue": 30149000.0,
        "EBITDA": 36453000.0,
        "EBIT": 31388000.0,
        "Net Interest Income": 2174000.0,
        "Interest Expense": 96000.0,
        "Interest Income": 2270000.0,
        "Normalized Income": 27640025.0,
        "Net Income From Continuing And Discontinued Operation": 22067000.0,
        "Total Expenses": 131191000.0,
        "Rent Expense Supplemental": NaN,
        "Total Operating Income As Reported": 29324000.0,
        "Diluted Average Shares": 68550000.0,
        "Basic Average Shares": 67506000.0,
        "Diluted EPS": 0.32,
        "Basic EPS": 0.33,
        "Diluted NI Availto Com Stockholders": 22067000.0,
        "Net Income Common Stockholders": 22067000.0,
        "Net Income": 22067000.0,
        "Net Income Including Noncontrolling Interests": 22067000.0,
        "Net Income Continuous Operations": 22067000.0,
        "Tax Provision": 9225000.0,
        "Pretax Income": 31292000.0,
        "Other Income Expense": -8111000.0,
        "Other Non Operating Income Expenses": -206000.0,
        "Special Income Charges": -7905000.0,
        "Write Off": 7905000.0,
        "Impairment Of Capital Assets": 0.0,
        "Net Non Operating Interest Income Expense": 2174000.0,
        "Interest Expense Non Operating": 96000.0,
        "Interest Income Non Operating": 2270000.0,
        "Operating Income": 37229000.0,
        "Operating Expense": 101042000.0,
        "Depreciation Amortization Depletion Income Statement": 5065000.0,
        "Depreciation And Amortization In Income Statement": 5065000.0,
        "Selling General And Administration": 95977000.0,
        "Selling And Marketing Expense": 32827000.0,
        "General And Administrative Expense": 63150000.0,
        "Other Gand A": 63150000.0,
        "Gross Profit": 138271000.0,
        "Cost Of Revenue": 30149000.0,
        "Total Revenue": 168420000.0,
        "Operating Revenue": 166437000.0
    },
    "2022-06-30": {
        "Tax Effect Of Unusual Items": -2810136.0,
        "Tax Rate For Calcs": 0.258,
        "Normalized EBITDA": 50615000.0,
        "Total Unusual Items": -10892000.0,
        "Total Unusual Items Excluding Goodwill": -10892000.0,
        "Net Income From Continuing Operation Net Minority Interest": 25767000.0,
        "Reconciled Depreciation": 4909000.0,
        "Reconciled Cost Of Revenue": 27269000.0,
        "EBITDA": 39723000.0,
        "EBIT": 34814000.0,
        "Net Interest Income": 995000.0,
        "Interest Expense": 99000.0,
        "Interest Income": 1094000.0,
        "Normalized Income": 33848864.0,
        "Net Income From Continuing And Discontinued Operation": 25767000.0,
        "Total Expenses": 122846000.0,
        "Rent Expense Supplemental": NaN,
        "Total Operating Income As Reported": 33946000.0,
        "Diluted Average Shares": 69182000.0,
        "Basic Average Shares": 68341000.0,
        "Diluted EPS": 0.37,
        "Basic EPS": 0.38,
        "Diluted NI Availto Com Stockholders": 25767000.0,
        "Net Income Common Stockholders": 25767000.0,
        "Net Income": 25767000.0,
        "Net Income Including Noncontrolling Interests": 25767000.0,
        "Net Income Continuous Operations": 25767000.0,
        "Tax Provision": 8948000.0,
        "Pretax Income": 34715000.0,
        "Other Income Expense": -11118000.0,
        "Other Non Operating Income Expenses": -226000.0,
        "Special Income Charges": -10892000.0,
        "Write Off": 10664000.0,
        "Impairment Of Capital Assets": 228000.0,
        "Net Non Operating Interest Income Expense": 995000.0,
        "Interest Expense Non Operating": 99000.0,
        "Interest Income Non Operating": 1094000.0,
        "Operating Income": 44838000.0,
        "Operating Expense": 95577000.0,
        "Depreciation Amortization Depletion Income Statement": 4909000.0,
        "Depreciation And Amortization In Income Statement": 4909000.0,
        "Selling General And Administration": 90668000.0,
        "Selling And Marketing Expense": 30426000.0,
        "General And Administrative Expense": 60242000.0,
        "Other Gand A": 60242000.0,
        "Gross Profit": 140415000.0,
        "Cost Of Revenue": 27269000.0,
        "Total Revenue": 167684000.0,
        "Operating Revenue": 165896000.0
    },
    "2023-06-30": {
        "Tax Effect Of Unusual Items": -2385645.0,
        "Tax Rate For Calcs": 0.267,
        "Normalized EBITDA": 88003000.0,
        "Total Unusual Items": -8935000.0,
        "Total Unusual Items Excluding Goodwill": -8935000.0,
        "Net Income From Continuing Operation Net Minority Interest": 54673000.0,
        "Reconciled Depreciation": 4369000.0,
        "Reconciled Cost Of Revenue": 32748000.0,
        "EBITDA": 79068000.0,
        "EBIT": 74699000.0,
        "Net Interest Income": 4435000.0,
        "Interest Expense": 96000.0,
        "Interest Income": 4531000.0,
        "Normalized Income": 61222355.0,
        "Net Income From Continuing And Discontinued Operation": 54673000.0,
        "Total Expenses": 129535000.0,
        "Rent Expense Supplemental": 2515000.0,
        "Total Operating Income As Reported": 48094000.0,
        "Diluted Average Shares": 68533000.0,
        "Basic Average Shares": 67421000.0,
        "Diluted EPS": 0.8,
        "Basic EPS": 0.81,
        "Diluted NI Availto Com Stockholders": 54673000.0,
        "Net Income Common Stockholders": 54673000.0,
        "Net Income": 54673000.0,
        "Net Income Including Noncontrolling Interests": 54673000.0,
        "Net Income Continuous Operations": 54673000.0,
        "Tax Provision": 19930000.0,
        "Pretax Income": 74603000.0,
        "Other Income Expense": 13139000.0,
        "Other Non Operating Income Expenses": 22074000.0,
        "Special Income Charges": -8935000.0,
        "Write Off": 8935000.0,
        "Impairment Of Capital Assets": NaN,
        "Net Non Operating Interest Income Expense": 4435000.0,
        "Interest Expense Non Operating": 96000.0,
        "Interest Income Non Operating": 4531000.0,
        "Operating Income": 57029000.0,
        "Operating Expense": 96787000.0,
        "Depreciation Amortization Depletion Income Statement": 4369000.0,
        "Depreciation And Amortization In Income Statement": 4369000.0,
        "Selling General And Administration": 92418000.0,
        "Selling And Marketing Expense": 25836000.0,
        "General And Administrative Expense": 66582000.0,
        "Other Gand A": 66582000.0,
        "Gross Profit": 153816000.0,
        "Cost Of Revenue": 32748000.0,
        "Total Revenue": 186564000.0,
        "Operating Revenue": 184520000.0
    },
    "2022-03-31": {
        "Diluted EPS": 0.46,
        "Total Revenue": 183,
        "Gross Profit": 155,
        "Operating Income": 44,
        "EBIT": 49,
        "Net Income": 32
    },
    "2021-12-31": {
        "Diluted EPS": 0.36,
        "Total Revenue": 160,
        "Gross Profit": 135,
        "Operating Income": 35,
        "EBIT": 40,
        "Net Income": 24
    },
    "2021-09-30": {
        "Diluted EPS": 0.39,
        "Total Revenue": 174,
        "Gross Profit": 148,
        "Operating Income": 38,
        "EBIT": 42,
        "Net Income": 28
    },
    "2021-06-30": {
        "Diluted EPS": 0.37,
        "Total Revenue": 176,
        "Gross Profit": 147,
        "Operating Income": 36,
        "EBIT": 40,
        "Net Income": 27
    },
    "2021-03-31": {
        "Diluted EPS": 0.43,
        "Total Revenue": 184,
        "Gross Profit": 155,
        "Operating Income": 41,
        "EBIT": 45,
        "Net Income": 31
    },
    "2020-12-31": {
        "Diluted EPS": 0.37,
        "Total Revenue": 171,
        "Gross Profit": 143,
        "Operating Income": 36,
        "EBIT": 40,
        "Net Income": 27
    },
    "2020-09-30": {
        "Diluted EPS": 0.56,
        "Total Revenue": 169,
        "Gross Profit": 142,
        "Operating Income": 32,
        "EBIT": 36,
        "Net Income": 40
    },
    "2020-06-30": {
        "Diluted EPS": 0.4,
        "Total Revenue": 176,
        "Gross Profit": 147,
        "Operating Income": 37,
        "EBIT": 42,
        "Net Income": 28
    },
    "2020-03-31": {
        "Diluted EPS": 0.41,
        "Total Revenue": 171,
        "Gross Profit": 144,
        "Operating Income": 37,
        "EBIT": 40,
        "Net Income": 29
    },
    "2019-12-31": {
        "Diluted EPS": 0.38,
        "Total Revenue": 158,
        "Gross Profit": 134,
        "Operating Income": 32,
        "EBIT": 34,
        "Net Income": 28
    },
    "2019-09-30": {
        "Diluted EPS": 0.25,
        "Total Revenue": 155,
        "Gross Profit": 130,
        "Operating Income": 24,
        "EBIT": 27,
        "Net Income": 18
    },
    "2019-06-30": {
        "Diluted EPS": -0.01,
        "Total Revenue": 156,
        "Gross Profit": 131,
        "Operating Income": 0,
        "EBIT": 2,
        "Net Income": -1
    },
    "2019-03-31": {
        "Diluted EPS": 0.35,
        "Total Revenue": 158,
        "Gross Profit": 132,
        "Operating Income": 30,
        "EBIT": 32,
        "Net Income": 25
    },
    "2018-12-31": {
        "Diluted EPS": 0.19,
        "Total Revenue": 146,
        "Gross Profit": 120,
        "Operating Income": 20,
        "EBIT": 23,
        "Net Income": 14
    },
    "2018-09-30": {
        "Diluted EPS": 0.21,
        "Total Revenue": 146,
        "Gross Profit": 118,
        "Operating Income": 19,
        "EBIT": 22,
        "Net Income": 15
    },
    "2018-06-30": {
        "Diluted EPS": 0.12,
        "Total Revenue": 142,
        "Gross Profit": 112,
        "Operating Income": 11,
        "EBIT": 13,
        "Net Income": 9
    },
    "2018-03-31": {
        "Diluted EPS": 0.25,
        "Total Revenue": 148,
        "Gross Profit": 121,
        "Operating Income": 21,
        "EBIT": 23,
        "Net Income": 18
    },
    "2017-12-31": {
        "Diluted EPS": -0.63,
        "Total Revenue": 143,
        "Gross Profit": 114,
        "Operating Income": 11,
        "EBIT": 13,
        "Net Income": -44
    },
    "2017-09-30": {
        "Diluted EPS": 0.04,
        "Total Revenue": 145,
        "Gross Profit": 107,
        "Operating Income": 5,
        "EBIT": 8,
        "Net Income": 3
    },
    "2017-06-30": {
        "Diluted EPS": 0.06,
        "Total Revenue": 146,
        "Gross Profit": 110,
        "Operating Income": 9,
        "EBIT": 13,
        "Net Income": 4
    },
    "2017-03-31": {
        "Diluted EPS": 0.07,
        "Total Revenue": 162,
        "Gross Profit": 122,
        "Operating Income": 10,
        "EBIT": 14,
        "Net Income": 5
    },
    "2016-12-31": {
        "Diluted EPS": -0.47,
        "Total Revenue": 155,
        "Gross Profit": 91,
        "Operating Income": -56,
        "EBIT": -50,
        "Net Income": -33
    },
    "2016-09-30": {
        "Diluted EPS": -0.01,
        "Total Revenue": 168,
        "Gross Profit": 116,
        "Operating Income": -1,
        "EBIT": 5,
        "Net Income": -1
    },
    "2016-06-30": {
        "Diluted EPS": 0.17,
        "Total Revenue": 183,
        "Gross Profit": 125,
        "Operating Income": 17,
        "EBIT": 22,
        "Net Income": 12
    },
    "2016-03-31": {
        "Diluted EPS": 0.04,
        "Total Revenue": 199,
        "Gross Profit": 137,
        "Operating Income": 7,
        "EBIT": 14,
        "Net Income": 3
    },
    "2015-12-31": {
        "Diluted EPS": 2.11,
        "Total Revenue": 200,
        "Gross Profit": 133,
        "Operating Income": -4,
        "EBIT": 1,
        "Net Income": 143
    },
    "2015-09-30": {
        "Diluted EPS": -0.67,
        "Total Revenue": 203,
        "Gross Profit": 129,
        "Operating Income": -44,
        "EBIT": -38,
        "Net Income": -45
    },
    "2015-06-30": {
        "Diluted EPS": -0.31,
        "Total Revenue": 217,
        "Gross Profit": 144,
        "Operating Income": -20,
        "EBIT": -13,
        "Net Income": -21
    },
    "2015-03-31": {
        "Diluted EPS": -0.37,
        "Total Revenue": 227,
        "Gross Profit": 152,
        "Operating Income": -24,
        "EBIT": -18,
        "Net Income": -25
    },
    "2014-12-31": {
        "Diluted EPS": -0.38,
        "Total Revenue": 347,
        "Gross Profit": 205,
        "Operating Income": -74,
        "EBIT": -62,
        "Net Income": -25
    },
    "2014-09-30": {
        "Diluted EPS": -0.71,
        "Total Revenue": 183,
        "Gross Profit": 122,
        "Operating Income": -32,
        "EBIT": -19,
        "Net Income": -48
    },
    "2014-06-30": {
        "Diluted EPS": -0.69,
        "Total Revenue": 186,
        "Gross Profit": 127,
        "Operating Income": -11,
        "EBIT": 3,
        "Net Income": -47
    },
    "2014-03-31": {
        "Diluted EPS": -0.87,
        "Total Revenue": 198,
        "Gross Profit": 137,
        "Operating Income": -22,
        "EBIT": -7,
        "Net Income": -58
    },
    "2013-12-31": {
        "Diluted EPS": -0.46,
        "Total Revenue": 247,
        "Gross Profit": 150,
        "Operating Income": -59,
        "EBIT": -42,
        "Net Income": -31
    },
    "2013-09-30": {
        "Diluted EPS": -1.3,
        "Total Revenue": 244,
        "Gross Profit": 154,
        "Operating Income": -55,
        "EBIT": -36,
        "Net Income": -87
    },
    "2013-06-30": {
        "Diluted EPS": -0.47,
        "Total Revenue": 260,
        "Gross Profit": 167,
        "Operating Income": -50,
        "EBIT": -31,
        "Net Income": -31
    },
    "2013-03-31": {
        "Diluted EPS": -0.23,
        "Total Revenue": 284,
        "Gross Profit": 182,
        "Operating Income": -25,
        "EBIT": -6,
        "Net Income": -15
    },
    "2012-12-31": {
        "Diluted EPS": -0.93,
        "Total Revenue": 303,
        "Gross Profit": 185,
        "Operating Income": -92,
        "EBIT": -29,
        "Net Income": -61
    },
    "2012-09-30": {
        "Diluted EPS": -0.5,
        "Total Revenue": 316,
        "Gross Profit": 198,
        "Operating Income": -40,
        "EBIT": -20,
        "Net Income": -33
    },
    "2012-06-30": {
        "Diluted EPS": -1.52,
        "Total Revenue": 366,
        "Gross Profit": 223,
        "Operating Income": -105,
        "EBIT": 0,
        "Net Income": -100
    },
    "2012-03-31": {
        "Diluted EPS": 0.78,
        "Total Revenue": 431,
        "Gross Profit": 281,
        "Operating Income": 48,
        "EBIT": 68,
        "Net Income": 52
    },
    "2011-12-31": {
        "Diluted EPS": -1.57,
        "Total Revenue": 261,
        "Gross Profit": 192,
        "Operating Income": -197,
        "EBIT": 14,
        "Net Income": -120
    },
    "2011-09-30": {
        "Diluted EPS": 0.14,
        "Total Revenue": 428,
        "Gross Profit": 276,
        "Operating Income": 20,
        "EBIT": 42,
        "Net Income": 11
    },
    "2011-06-30": {
        "Diluted EPS": 0.73,
        "Total Revenue": 485,
        "Gross Profit": 327,
        "Operating Income": 79,
        "EBIT": 102,
        "Net Income": 55
    },
    "2011-03-31": {
        "Diluted EPS": 0.95,
        "Total Revenue": 532,
        "Gross Profit": 366,
        "Operating Income": 109,
        "EBIT": 129,
        "Net Income": 73
    },
    "2010-12-31": {
        "Diluted EPS": 0.16,
        "Total Revenue": 488,
        "Gross Profit": 345,
        "Operating Income": 17,
        "EBIT": 108,
        "Net Income": 12
    },
    "2010-09-30": {
        "Diluted EPS": 0.33,
        "Total Revenue": 524,
        "Gross Profit": 366,
        "Operating Income": 40,
        "EBIT": 58,
        "Net Income": 26
    },
    "2010-06-30": {
        "Diluted EPS": 0.8,
        "Total Revenue": 528,
        "Gross Profit": 371,
        "Operating Income": 97,
        "EBIT": 114,
        "Net Income": 64
    },
    "2010-03-31": {
        "Diluted EPS": 0.66,
        "Total Revenue": 529,
        "Gross Profit": 370,
        "Operating Income": 89,
        "EBIT": 106,
        "Net Income": 55
    },
    "2009-12-31": {
        "Diluted EPS": 0.36,
        "Total Revenue": 474,
        "Gross Profit": 325,
        "Operating Income": 99,
        "EBIT": 116,
        "Net Income": 31
    },
    "2009-09-30": {
        "Diluted EPS": 0.25,
        "Total Revenue": 458,
        "Gross Profit": 308,
        "Operating Income": 38,
        "EBIT": 57,
        "Net Income": 21
    },
    "2009-06-30": {
        "Diluted EPS": 0.07,
        "Total Revenue": 438,
        "Gross Profit": 289,
        "Operating Income": 37,
        "EBIT": 54,
        "Net Income": 6
    },
    "2009-03-31": {
        "Diluted EPS": 0.26,
        "Total Revenue": 433,
        "Gross Profit": 286,
        "Operating Income": 51,
        "EBIT": 68,
        "Net Income": 23
    },
    "2023-09-30": {
        "Tax Effect Of Unusual Items": -2111052.0,
        "Tax Rate For Calcs": 0.141,
        "Normalized EBITDA": 67071000.0,
        "Total Unusual Items": -14972000.0,
        "Total Unusual Items Excluding Goodwill": -14972000.0,
        "Net Income From Continuing Operation Net Minority Interest": 41307000.0,
        "Reconciled Depreciation": 3914000.0,
        "Reconciled Cost Of Revenue": 33502000.0,
        "EBITDA": 52099000.0,
        "EBIT": 48185000.0,
        "Net Interest Income": 5113000.0,
        "Interest Expense": 97000.0,
        "Interest Income": 5210000.0,
        "Normalized Income": 54167948.0,
        "Net Income From Continuing And Discontinued Operation": 41307000.0,
        "Total Expenses": 121878000.0,
        "Rent Expense Supplemental": 2511000.0,
        "Total Operating Income As Reported": 43073000.0,
        "Diluted Average Shares": 67103000.0,
        "Basic Average Shares": 65634000.0,
        "Diluted EPS": 0.62,
        "Basic EPS": 0.63,
        "Diluted NI Availto Com Stockholders": 41307000.0,
        "Net Income Common Stockholders": 41307000.0,
        "Net Income": 41307000.0,
        "Net Income Including Noncontrolling Interests": 41307000.0,
        "Net Income Continuous Operations": 41307000.0,
        "Tax Provision": 6781000.0,
        "Pretax Income": 48088000.0,
        "Other Income Expense": -15070000.0,
        "Other Non Operating Income Expenses": -98000.0,
        "Special Income Charges": -14972000.0,
        "Write Off": 14972000.0,
        "Impairment Of Capital Assets": NaN,
        "Net Non Operating Interest Income Expense": 5113000.0,
        "Interest Expense Non Operating": 97000.0,
        "Interest Income Non Operating": 5210000.0,
        "Operating Income": 58045000.0,
        "Operating Expense": 88376000.0,
        "Depreciation Amortization Depletion Income Statement": 3914000.0,
        "Depreciation And Amortization In Income Statement": 3914000.0,
        "Selling General And Administration": 84462000.0,
        "Selling And Marketing Expense": 22611000.0,
        "General And Administrative Expense": 61851000.0,
        "Other Gand A": 61851000.0,
        "Gross Profit": 146421000.0,
        "Cost Of Revenue": 33502000.0,
        "Total Revenue": 179923000.0,
        "Operating Revenue": 178259000.0
    },
    "2023-12-31": {
        "Tax Effect Of Unusual Items": -2839259.775663,
        "Tax Rate For Calcs": 0.23189,
        "Normalized EBITDA": 38186000.0,
        "Total Unusual Items": -12244000.0,
        "Total Unusual Items Excluding Goodwill": -12244000.0,
        "Net Income From Continuing Operation Net Minority Interest": 17188000.0,
        "Reconciled Depreciation": 3449000.0,
        "Reconciled Cost Of Revenue": 30223000.0,
        "EBITDA": 25942000.0,
        "EBIT": 22493000.0,
        "Net Interest Income": 6305000.0,
        "Interest Expense": 116000.0,
        "Interest Income": 6421000.0,
        "Normalized Income": 26592740.224337,
        "Net Income From Continuing And Discontinued Operation": 17188000.0,
        "Total Expenses": 119732000.0,
        "Rent Expense Supplemental": NaN,
        "Total Operating Income As Reported": 15943000.0,
        "Diluted Average Shares": NaN,
        "Basic Average Shares": NaN,
        "Diluted EPS": NaN,
        "Basic EPS": NaN,
        "Diluted NI Availto Com Stockholders": 17188000.0,
        "Net Income Common Stockholders": 17188000.0,
        "Net Income": 17188000.0,
        "Net Income Including Noncontrolling Interests": 17188000.0,
        "Net Income Continuous Operations": 17188000.0,
        "Tax Provision": 5189000.0,
        "Pretax Income": 22377000.0,
        "Other Income Expense": -12115000.0,
        "Other Non Operating Income Expenses": 129000.0,
        "Special Income Charges": -12244000.0,
        "Write Off": 12244000.0,
        "Impairment Of Capital Assets": NaN,
        "Net Non Operating Interest Income Expense": 6305000.0,
        "Interest Expense Non Operating": 116000.0,
        "Interest Income Non Operating": 6421000.0,
        "Operating Income": 28187000.0,
        "Operating Expense": 89509000.0,
        "Depreciation Amortization Depletion Income Statement": 3449000.0,
        "Depreciation And Amortization In Income Statement": 3449000.0,
        "Selling General And Administration": 86060000.0,
        "Selling And Marketing Expense": 22846000.0,
        "General And Administrative Expense": 63214000.0,
        "Other Gand A": 63214000.0,
        "Gross Profit": 117696000.0,
        "Cost Of Revenue": 30223000.0,
        "Total Revenue": 147919000.0,
        "Operating Revenue": 146822000.0
    },
    "2024-03-31": {
        "Tax Effect Of Unusual Items": -2079244.0,
        "Tax Rate For Calcs": 0.254,
        "Normalized EBITDA": 64388000.0,
        "Total Unusual Items": -8186000.0,
        "Total Unusual Items Excluding Goodwill": -8186000.0,
        "Net Income From Continuing Operation Net Minority Interest": 39442000.0,
        "Reconciled Depreciation": 3016000.0,
        "Reconciled Cost Of Revenue": 29858000.0,
        "EBITDA": 56202000.0,
        "EBIT": 53186000.0,
        "Net Interest Income": 6458000.0,
        "Interest Expense": 335000.0,
        "Interest Income": 6793000.0,
        "Normalized Income": 45548756.0,
        "Net Income From Continuing And Discontinued Operation": 39442000.0,
        "Total Expenses": 113800000.0,
        "Rent Expense Supplemental": 2247000.0,
        "Total Operating Income As Reported": 46278000.0,
        "Diluted Average Shares": 66841000.0,
        "Basic Average Shares": 65555000.0,
        "Diluted EPS": 0.59,
        "Basic EPS": 0.6,
        "Diluted NI Availto Com Stockholders": 39442000.0,
        "Net Income Common Stockholders": 39442000.0,
        "Net Income": 39442000.0,
        "Net Income Including Noncontrolling Interests": 39442000.0,
        "Net Income Continuous Operations": 39442000.0,
        "Tax Provision": 13409000.0,
        "Pretax Income": 52851000.0,
        "Other Income Expense": -8071000.0,
        "Other Non Operating Income Expenses": 115000.0,
        "Special Income Charges": -8186000.0,
        "Write Off": 8186000.0,
        "Impairment Of Capital Assets": NaN,
        "Net Non Operating Interest Income Expense": 6458000.0,
        "Interest Expense Non Operating": 335000.0,
        "Interest Income Non Operating": 6793000.0,
        "Operating Income": 54464000.0,
        "Operating Expense": 83942000.0,
        "Depreciation Amortization Depletion Income Statement": 3016000.0,
        "Depreciation And Amortization In Income Statement": 3016000.0,
        "Selling General And Administration": 80926000.0,
        "Selling And Marketing Expense": 24239000.0,
        "General And Administrative Expense": 56687000.0,
        "Other Gand A": 56687000.0,
        "Gross Profit": 138406000.0,
        "Cost Of Revenue": 29858000.0,
        "Total Revenue": 168264000.0,
        "Operating Revenue": 166998000.0
    }
}