{
    "2023-06-30": {
        "Tax Effect Of Unusual Items": 690228.0,
        "Tax Rate For Calcs": 0.249,
        "Normalized EBITDA": 40373000.0,
        "Total Unusual Items": 2772000.0,
        "Total Unusual Items Excluding Goodwill": 2772000.0,
        "Net Income From Continuing Operation Net Minority Interest": 26362000.0,
        "Reconciled Depreciation": 7747000.0,
        "Reconciled Cost Of Revenue": 146168000.0,
        "EBITDA": 43145000.0,
        "EBIT": 35398000.0,
        "Net Interest Income": -296000.0,
        "Interest Expense": 296000.0,
        "Normalized Income": 24280228.0,
        "Net Income From Continuing And Discontinued Operation": 26362000.0,
        "Total Expenses": 198092000.0,
        "Total Operating Income As Reported": 35785000.0,
        "Diluted Average Shares": 36717000.0,
        "Basic Average Shares": 33988000.0,
        "Diluted EPS": 0.73,
        "Basic EPS": 0.78,
        "Diluted NI Availto Com Stockholders": 26935000.0,
        "Average Dilution Earnings": 573000.0,
        "Net Income Common Stockholders": 26362000.0,
        "Net Income": 26362000.0,
        "Net Income Including Noncontrolling Interests": 26362000.0,
        "Net Income Continuous Operations": 26362000.0,
        "Tax Provision": 8740000.0,
        "Pretax Income": 35102000.0,
        "Other Income Expense": 2385000.0,
        "Other Non Operating Income Expenses": -387000.0,
        "Special Income Charges": 2772000.0,
        "Restructuring And Mergern Acquisition": -2772000.0,
        "Net Non Operating Interest Income Expense": -296000.0,
        "Total Other Finance Cost": NaN,
        "Interest Expense Non Operating": 296000.0,
        "Operating Income": 33013000.0,
        "Operating Expense": 51924000.0,
        "Depreciation Amortization Depletion Income Statement": 7747000.0,
        "Depreciation And Amortization In Income Statement": 7747000.0,
        "Amortization": 5523000.0,
        "Amortization Of Intangibles Income Statement": 5523000.0,
        "Depreciation Income Statement": 2224000.0,
        "Selling General And Administration": 44177000.0,
        "Gross Profit": 84937000.0,
        "Cost Of Revenue": 146168000.0,
        "Total Revenue": 231105000.0,
        "Operating Revenue": 231105000.0
    },
    "2023-03-31": {
        "Tax Effect Of Unusual Items": 517902.0,
        "Tax Rate For Calcs": 0.266,
        "Normalized EBITDA": 43201000.0,
        "Total Unusual Items": 1947000.0,
        "Total Unusual Items Excluding Goodwill": 1947000.0,
        "Net Income From Continuing Operation Net Minority Interest": 26800000.0,
        "Reconciled Depreciation": 8122000.0,
        "Reconciled Cost Of Revenue": 144212000.0,
        "EBITDA": 45148000.0,
        "EBIT": 37026000.0,
        "Net Interest Income": -505000.0,
        "Interest Expense": 505000.0,
        "Normalized Income": 25370902.0,
        "Net Income From Continuing And Discontinued Operation": 26800000.0,
        "Total Expenses": 196254000.0,
        "Total Operating Income As Reported": 37101000.0,
        "Diluted Average Shares": 36697000.0,
        "Basic Average Shares": 33914000.0,
        "Diluted EPS": 0.75,
        "Basic EPS": 0.79,
        "Diluted NI Availto Com Stockholders": 27360000.0,
        "Average Dilution Earnings": 560000.0,
        "Net Income Common Stockholders": 26800000.0,
        "Net Income": 26800000.0,
        "Net Income Including Noncontrolling Interests": 26800000.0,
        "Net Income Continuous Operations": 26800000.0,
        "Tax Provision": 9721000.0,
        "Pretax Income": 36521000.0,
        "Other Income Expense": 1872000.0,
        "Other Non Operating Income Expenses": -75000.0,
        "Special Income Charges": 1947000.0,
        "Restructuring And Mergern Acquisition": -1947000.0,
        "Net Non Operating Interest Income Expense": -505000.0,
        "Total Other Finance Cost": NaN,
        "Interest Expense Non Operating": 505000.0,
        "Operating Income": 35154000.0,
        "Operating Expense": 52042000.0,
        "Depreciation Amortization Depletion Income Statement": 8122000.0,
        "Depreciation And Amortization In Income Statement": 8122000.0,
        "Amortization": 5817000.0,
        "Amortization Of Intangibles Income Statement": 5817000.0,
        "Depreciation Income Statement": 2305000.0,
        "Selling General And Administration": 43920000.0,
        "Gross Profit": 87196000.0,
        "Cost Of Revenue": 144212000.0,
        "Total Revenue": 231408000.0,
        "Operating Revenue": 231408000.0
    },
    "2022-12-31": {
        "Tax Effect Of Unusual Items": -493549.801339,
        "Tax Rate For Calcs": 0.279949,
        "Normalized EBITDA": 48094000.0,
        "Total Unusual Items": -1763000.0,
        "Total Unusual Items Excluding Goodwill": -1763000.0,
        "Net Income From Continuing Operation Net Minority Interest": 26459000.0,
        "Reconciled Depreciation": 8739000.0,
        "Reconciled Cost Of Revenue": 141007000.0,
        "EBITDA": 46331000.0,
        "EBIT": 37592000.0,
        "Net Interest Income": -846000.0,
        "Interest Expense": 846000.0,
        "Normalized Income": 27728450.198661,
        "Net Income From Continuing And Discontinued Operation": 26459000.0,
        "Total Expenses": 193490000.0,
        "Total Operating Income As Reported": 37346000.0,
        "Diluted Average Shares": 36636000.0,
        "Basic Average Shares": 33856000.0,
        "Diluted EPS": 0.74,
        "Basic EPS": 0.78,
        "Diluted NI Availto Com Stockholders": 26459000.0,
        "Average Dilution Earnings": NaN,
        "Net Income Common Stockholders": 26459000.0,
        "Net Income": 26459000.0,
        "Net Income Including Noncontrolling Interests": 26459000.0,
        "Net Income Continuous Operations": 26459000.0,
        "Tax Provision": 10287000.0,
        "Pretax Income": 36746000.0,
        "Other Income Expense": -1517000.0,
        "Other Non Operating Income Expenses": 246000.0,
        "Special Income Charges": -1763000.0,
        "Restructuring And Mergern Acquisition": 1763000.0,
        "Net Non Operating Interest Income Expense": -846000.0,
        "Total Other Finance Cost": NaN,
        "Interest Expense Non Operating": 846000.0,
        "Operating Income": 39109000.0,
        "Operating Expense": 52483000.0,
        "Depreciation Amortization Depletion Income Statement": 8739000.0,
        "Depreciation And Amortization In Income Statement": 8739000.0,
        "Amortization": 6454000.0,
        "Amortization Of Intangibles Income Statement": 6454000.0,
        "Depreciation Income Statement": 2285000.0,
        "Selling General And Administration": 43744000.0,
        "Gross Profit": 91592000.0,
        "Cost Of Revenue": 141007000.0,
        "Total Revenue": 232599000.0,
        "Operating Revenue": 232599000.0
    },
    "2022-09-30": {
        "Tax Effect Of Unusual Items": -1547322.0,
        "Tax Rate For Calcs": 0.294,
        "Normalized EBITDA": 46905000.0,
        "Total Unusual Items": -5263000.0,
        "Total Unusual Items Excluding Goodwill": -5263000.0,
        "Net Income From Continuing Operation Net Minority Interest": 23015000.0,
        "Reconciled Depreciation": 8442000.0,
        "Reconciled Cost Of Revenue": 136416000.0,
        "EBITDA": 41642000.0,
        "EBIT": 33200000.0,
        "Net Interest Income": -616000.0,
        "Interest Expense": 616000.0,
        "Normalized Income": 26730678.0,
        "Net Income From Continuing And Discontinued Operation": 23015000.0,
        "Total Expenses": 189131000.0,
        "Total Operating Income As Reported": 33220000.0,
        "Diluted Average Shares": 36663000.0,
        "Basic Average Shares": 33861000.0,
        "Diluted EPS": 0.64,
        "Basic EPS": 0.68,
        "Diluted NI Availto Com Stockholders": 23015000.0,
        "Average Dilution Earnings": NaN,
        "Net Income Common Stockholders": 23015000.0,
        "Net Income": 23015000.0,
        "Net Income Including Noncontrolling Interests": 23015000.0,
        "Net Income Continuous Operations": 23015000.0,
        "Tax Provision": 9569000.0,
        "Pretax Income": 32584000.0,
        "Other Income Expense": -5283000.0,
        "Other Non Operating Income Expenses": -20000.0,
        "Special Income Charges": -5263000.0,
        "Restructuring And Mergern Acquisition": 5263000.0,
        "Net Non Operating Interest Income Expense": -616000.0,
        "Total Other Finance Cost": NaN,
        "Interest Expense Non Operating": 616000.0,
        "Operating Income": 38483000.0,
        "Operating Expense": 52715000.0,
        "Depreciation Amortization Depletion Income Statement": 8442000.0,
        "Depreciation And Amortization In Income Statement": 8442000.0,
        "Amortization": 6087000.0,
        "Amortization Of Intangibles Income Statement": 6087000.0,
        "Depreciation Income Statement": 2355000.0,
        "Selling General And Administration": 44273000.0,
        "General And Administrative Expense": NaN,
        "Other Gand A": NaN,
        "Salaries And Wages": NaN,
        "Gross Profit": 91198000.0,
        "Cost Of Revenue": 136416000.0,
        "Total Revenue": 227614000.0,
        "Operating Revenue": 227614000.0
    },
    "2022-06-30": {
        "Tax Effect Of Unusual Items": 679280.0,
        "Tax Rate For Calcs": 0.28,
        "Normalized EBITDA": 44963000.0,
        "Total Unusual Items": 2426000.0,
        "Total Unusual Items Excluding Goodwill": 2426000.0,
        "Net Income From Continuing Operation Net Minority Interest": 27782000.0,
        "Reconciled Depreciation": 8003000.0,
        "Reconciled Cost Of Revenue": 136762000.0,
        "EBITDA": 47389000.0,
        "EBIT": 39386000.0,
        "Net Interest Income": -805000.0,
        "Interest Expense": 805000.0,
        "Normalized Income": 26035280.0,
        "Net Income From Continuing And Discontinued Operation": 27782000.0,
        "Total Expenses": 185625000.0,
        "Total Operating Income As Reported": 39539000.0,
        "Diluted Average Shares": 36785000.0,
        "Basic Average Shares": 33914000.0,
        "Diluted EPS": 0.77,
        "Basic EPS": 0.82,
        "Diluted NI Availto Com Stockholders": 27782000.0,
        "Average Dilution Earnings": NaN,
        "Net Income Common Stockholders": 27782000.0,
        "Net Income": 27782000.0,
        "Net Income Including Noncontrolling Interests": 27782000.0,
        "Net Income Continuous Operations": 27782000.0,
        "Tax Provision": 10799000.0,
        "Pretax Income": 38581000.0,
        "Other Income Expense": 2273000.0,
        "Other Non Operating Income Expenses": -153000.0,
        "Special Income Charges": 2426000.0,
        "Restructuring And Mergern Acquisition": -2426000.0,
        "Net Non Operating Interest Income Expense": -805000.0,
        "Total Other Finance Cost": NaN,
        "Interest Expense Non Operating": 805000.0,
        "Operating Income": 37113000.0,
        "Operating Expense": 48863000.0,
        "Depreciation Amortization Depletion Income Statement": 8003000.0,
        "Depreciation And Amortization In Income Statement": 8003000.0,
        "Amortization": 5998000.0,
        "Amortization Of Intangibles Income Statement": 5998000.0,
        "Depreciation Income Statement": 2005000.0,
        "Selling General And Administration": 40860000.0,
        "General And Administrative Expense": NaN,
        "Other Gand A": NaN,
        "Salaries And Wages": NaN,
        "Gross Profit": 85976000.0,
        "Cost Of Revenue": 136762000.0,
        "Total Revenue": 222738000.0,
        "Operating Revenue": 220310000.0
    },
    "2022-03-31": {
        "Diluted EPS": 0.75,
        "Total Revenue": 222,
        "Gross Profit": 84,
        "Operating Income": 34,
        "EBIT": 43,
        "Net Income": 27
    },
    "2021-12-31": {
        "Diluted EPS": 0.12,
        "Total Revenue": 215,
        "Gross Profit": 83,
        "Operating Income": 32,
        "EBIT": 42,
        "Net Income": 5
    },
    "2021-09-30": {
        "Diluted EPS": 0.48,
        "Total Revenue": 193,
        "Gross Profit": 75,
        "Operating Income": 28,
        "EBIT": 37,
        "Net Income": 17
    },
    "2021-06-30": {
        "Diluted EPS": 0.49,
        "Total Revenue": 184,
        "Gross Profit": 71,
        "Operating Income": 26,
        "EBIT": 37,
        "Net Income": 17
    },
    "2021-03-31": {
        "Diluted EPS": 0.41,
        "Total Revenue": 169,
        "Gross Profit": 63,
        "Operating Income": 20,
        "EBIT": 31,
        "Net Income": 14
    },
    "2020-12-31": {
        "Diluted EPS": 0.27,
        "Total Revenue": 163,
        "Gross Profit": 63,
        "Operating Income": 15,
        "EBIT": 27,
        "Net Income": 8
    },
    "2020-09-30": {
        "Diluted EPS": 0.19,
        "Total Revenue": 158,
        "Gross Profit": 61,
        "Operating Income": 16,
        "EBIT": 26,
        "Net Income": 6
    },
    "2020-06-30": {
        "Diluted EPS": 0.2,
        "Total Revenue": 146,
        "Gross Profit": 55,
        "Operating Income": 12,
        "EBIT": 19,
        "Net Income": 7
    },
    "2020-03-31": {
        "Diluted EPS": 0.27,
        "Total Revenue": 146,
        "Gross Profit": 52,
        "Operating Income": 12,
        "EBIT": 19,
        "Net Income": 9
    },
    "2019-12-31": {
        "Diluted EPS": 0.36,
        "Total Revenue": 145,
        "Gross Profit": 56,
        "Operating Income": 16,
        "EBIT": 22,
        "Net Income": 12
    },
    "2019-09-30": {
        "Diluted EPS": 0.3,
        "Total Revenue": 145,
        "Gross Profit": 55,
        "Operating Income": 16,
        "EBIT": 22,
        "Net Income": 10
    },
    "2019-06-30": {
        "Diluted EPS": 0.27,
        "Total Revenue": 142,
        "Gross Profit": 52,
        "Operating Income": 13,
        "EBIT": 20,
        "Net Income": 9
    },
    "2019-03-31": {
        "Diluted EPS": 0.22,
        "Total Revenue": 134,
        "Gross Profit": 48,
        "Operating Income": 11,
        "EBIT": 17,
        "Net Income": 7
    },
    "2018-12-31": {
        "Diluted EPS": 0.22,
        "Total Revenue": 132,
        "Gross Profit": 50,
        "Operating Income": 11,
        "EBIT": 18,
        "Net Income": 7
    },
    "2018-09-30": {
        "Diluted EPS": 0.19,
        "Total Revenue": 124,
        "Gross Profit": 45,
        "Operating Income": 9,
        "EBIT": 15,
        "Net Income": 6
    },
    "2018-06-30": {
        "Diluted EPS": 0.17,
        "Total Revenue": 122,
        "Gross Profit": 42,
        "Operating Income": 8,
        "EBIT": 14,
        "Net Income": 6
    },
    "2018-03-31": {
        "Diluted EPS": 0.15,
        "Total Revenue": 121,
        "Gross Profit": 42,
        "Operating Income": 7,
        "EBIT": 12,
        "Net Income": 5
    },
    "2017-12-31": {
        "Diluted EPS": 0.19,
        "Total Revenue": 133,
        "Gross Profit": 43,
        "Operating Income": 5,
        "EBIT": 10,
        "Net Income": 6
    },
    "2017-09-30": {
        "Diluted EPS": 0.21,
        "Total Revenue": 124,
        "Gross Profit": 43,
        "Operating Income": 11,
        "EBIT": 16,
        "Net Income": 7
    },
    "2017-06-30": {
        "Diluted EPS": 0.07,
        "Total Revenue": 117,
        "Gross Profit": 39,
        "Operating Income": 8,
        "EBIT": 13,
        "Net Income": 2
    },
    "2017-03-31": {
        "Diluted EPS": 0.08,
        "Total Revenue": 111,
        "Gross Profit": 36,
        "Operating Income": 5,
        "EBIT": 10,
        "Net Income": 3
    },
    "2016-12-31": {
        "Diluted EPS": 0.09,
        "Total Revenue": 120,
        "Gross Profit": 36,
        "Operating Income": 6,
        "EBIT": 11,
        "Net Income": 4
    },
    "2016-09-30": {
        "Diluted EPS": 0.16,
        "Total Revenue": 119,
        "Gross Profit": 36,
        "Operating Income": 8,
        "EBIT": 12,
        "Net Income": 6
    },
    "2016-06-30": {
        "Diluted EPS": 0.17,
        "Total Revenue": 124,
        "Gross Profit": 38,
        "Operating Income": 9,
        "EBIT": 14,
        "Net Income": 6
    },
    "2016-03-31": {
        "Diluted EPS": 0.16,
        "Total Revenue": 124,
        "Gross Profit": 40,
        "Operating Income": 8,
        "EBIT": 13,
        "Net Income": 5
    },
    "2015-12-31": {
        "Diluted EPS": 0.21,
        "Total Revenue": 134,
        "Gross Profit": 44,
        "Operating Income": 11,
        "EBIT": 16,
        "Net Income": 8
    },
    "2015-09-30": {
        "Diluted EPS": 0.22,
        "Total Revenue": 121,
        "Gross Profit": 40,
        "Operating Income": 12,
        "EBIT": 16,
        "Net Income": 7
    },
    "2015-06-30": {
        "Diluted EPS": 0.12,
        "Total Revenue": 108,
        "Gross Profit": 35,
        "Operating Income": 5,
        "EBIT": 10,
        "Net Income": 4
    },
    "2015-03-31": {
        "Diluted EPS": 0.12,
        "Total Revenue": 111,
        "Gross Profit": 36,
        "Operating Income": 7,
        "EBIT": 12,
        "Net Income": 4
    },
    "2014-12-31": {
        "Diluted EPS": 0.2,
        "Total Revenue": 126,
        "Gross Profit": 40,
        "Operating Income": 10,
        "EBIT": 15,
        "Net Income": 6
    },
    "2014-09-30": {
        "Diluted EPS": 0.22,
        "Total Revenue": 117,
        "Gross Profit": 40,
        "Operating Income": 12,
        "EBIT": 17,
        "Net Income": 7
    },
    "2014-06-30": {
        "Diluted EPS": 0.19,
        "Total Revenue": 117,
        "Gross Profit": 38,
        "Operating Income": 11,
        "EBIT": 16,
        "Net Income": 6
    },
    "2014-03-31": {
        "Diluted EPS": 0.09,
        "Total Revenue": 97,
        "Gross Profit": 31,
        "Operating Income": 5,
        "EBIT": 9,
        "Net Income": 3
    },
    "2013-12-31": {
        "Diluted EPS": 0.17,
        "Total Revenue": 97,
        "Gross Profit": 33,
        "Operating Income": 9,
        "EBIT": 12,
        "Net Income": 6
    },
    "2013-09-30": {
        "Diluted EPS": 0.23,
        "Total Revenue": 97,
        "Gross Profit": 34,
        "Operating Income": 10,
        "EBIT": 13,
        "Net Income": 7
    },
    "2013-06-30": {
        "Diluted EPS": 0.14,
        "Total Revenue": 94,
        "Gross Profit": 31,
        "Operating Income": 8,
        "EBIT": 10,
        "Net Income": 5
    },
    "2013-03-31": {
        "Diluted EPS": 0.13,
        "Total Revenue": 85,
        "Gross Profit": 26,
        "Operating Income": 5,
        "EBIT": 8,
        "Net Income": 4
    },
    "2012-12-31": {
        "Diluted EPS": 0.14,
        "Total Revenue": 83,
        "Gross Profit": 26,
        "Operating Income": 7,
        "EBIT": 10,
        "Net Income": 4
    },
    "2012-09-30": {
        "Diluted EPS": 0.16,
        "Total Revenue": 87,
        "Gross Profit": 28,
        "Operating Income": 8,
        "EBIT": 10,
        "Net Income": 5
    },
    "2012-06-30": {
        "Diluted EPS": 0.12,
        "Total Revenue": 82,
        "Gross Profit": 27,
        "Operating Income": 7,
        "EBIT": 9,
        "Net Income": 4
    },
    "2012-03-31": {
        "Diluted EPS": 0.1,
        "Total Revenue": 75,
        "Gross Profit": 23,
        "Operating Income": 5,
        "EBIT": 7,
        "Net Income": 3
    },
    "2011-12-31": {
        "Diluted EPS": 0.09,
        "Total Revenue": 70,
        "Gross Profit": 21,
        "Operating Income": 5,
        "EBIT": 7,
        "Net Income": 3
    },
    "2011-09-30": {
        "Diluted EPS": 0.12,
        "Total Revenue": 70,
        "Gross Profit": 22,
        "Operating Income": 6,
        "EBIT": 8,
        "Net Income": 3
    },
    "2011-06-30": {
        "Diluted EPS": 0.1,
        "Total Revenue": 66,
        "Gross Profit": 21,
        "Operating Income": 5,
        "EBIT": 7,
        "Net Income": 3
    },
    "2011-03-31": {
        "Diluted EPS": 0.06,
        "Total Revenue": 56,
        "Gross Profit": 16,
        "Operating Income": 3,
        "EBIT": 4,
        "Net Income": 2
    },
    "2010-12-31": {
        "Diluted EPS": 0.05,
        "Total Revenue": 56,
        "Gross Profit": 16,
        "Operating Income": 3,
        "EBIT": 4,
        "Net Income": 1
    },
    "2010-09-30": {
        "Diluted EPS": 0.08,
        "Total Revenue": 55,
        "Gross Profit": 16,
        "Operating Income": 4,
        "EBIT": 5,
        "Net Income": 2
    },
    "2010-06-30": {
        "Diluted EPS": 0.07,
        "Total Revenue": 55,
        "Gross Profit": 17,
        "Operating Income": 3,
        "EBIT": 5,
        "Net Income": 2
    },
    "2010-03-31": {
        "Diluted EPS": 0.03,
        "Total Revenue": 49,
        "Gross Profit": 13,
        "Operating Income": 2,
        "EBIT": 3,
        "Net Income": 1
    },
    "2009-12-31": {
        "Diluted EPS": 0.03,
        "Total Revenue": 47,
        "Gross Profit": 12,
        "Operating Income": 2,
        "EBIT": 3,
        "Net Income": 1
    },
    "2009-09-30": {
        "Diluted EPS": 0.0,
        "Total Revenue": 44,
        "Gross Profit": 11,
        "Operating Income": 0,
        "EBIT": 1,
        "Net Income": 0
    },
    "2009-06-30": {
        "Diluted EPS": -0.01,
        "Total Revenue": 45,
        "Gross Profit": 12,
        "Operating Income": 0,
        "EBIT": 2,
        "Net Income": 0
    },
    "2009-03-31": {
        "Diluted EPS": 0.03,
        "Total Revenue": 51,
        "Gross Profit": 13,
        "Operating Income": 1,
        "EBIT": 3,
        "Net Income": 1
    },
    "2023-09-30": {
        "Tax Effect Of Unusual Items": 379848.0,
        "Tax Rate For Calcs": 0.294,
        "Normalized EBITDA": 36858000.0,
        "Total Unusual Items": 1292000.0,
        "Total Unusual Items Excluding Goodwill": 1292000.0,
        "Net Income From Continuing Operation Net Minority Interest": 22596000.0,
        "Reconciled Depreciation": 7226000.0,
        "Reconciled Cost Of Revenue": 150205000.0,
        "EBITDA": 38150000.0,
        "EBIT": 30924000.0,
        "Net Interest Income": 7000.0,
        "Interest Expense": NaN,
        "Normalized Income": 21683848.0,
        "Net Income From Continuing And Discontinued Operation": 22596000.0,
        "Total Expenses": 192314000.0,
        "Total Operating Income As Reported": 32216000.0,
        "Diluted Average Shares": 36713000.0,
        "Basic Average Shares": 33989000.0,
        "Diluted EPS": 0.63,
        "Basic EPS": 0.66,
        "Diluted NI Availto Com Stockholders": 23135000.0,
        "Average Dilution Earnings": 539000.0,
        "Net Income Common Stockholders": 22596000.0,
        "Net Income": 22596000.0,
        "Net Income Including Noncontrolling Interests": 22596000.0,
        "Net Income Continuous Operations": 22596000.0,
        "Tax Provision": 9391000.0,
        "Pretax Income": 31987000.0,
        "Other Income Expense": 1056000.0,
        "Other Non Operating Income Expenses": -236000.0,
        "Special Income Charges": 1292000.0,
        "Restructuring And Mergern Acquisition": -1292000.0,
        "Net Non Operating Interest Income Expense": 7000.0,
        "Total Other Finance Cost": -7000.0,
        "Interest Expense Non Operating": NaN,
        "Operating Income": 30924000.0,
        "Operating Expense": 42109000.0,
        "Depreciation Amortization Depletion Income Statement": NaN,
        "Depreciation And Amortization In Income Statement": NaN,
        "Amortization": NaN,
        "Amortization Of Intangibles Income Statement": NaN,
        "Depreciation Income Statement": NaN,
        "Selling General And Administration": 42109000.0,
        "Gross Profit": 73033000.0,
        "Cost Of Revenue": 150205000.0,
        "Total Revenue": 223238000.0,
        "Operating Revenue": 223238000.0
    },
    "2023-12-31": {
        "Tax Effect Of Unusual Items": -117693.529251,
        "Tax Rate For Calcs": 0.294971,
        "Normalized EBITDA": 44657000.0,
        "Total Unusual Items": -399000.0,
        "Total Unusual Items Excluding Goodwill": -399000.0,
        "Net Income From Continuing Operation Net Minority Interest": 23175000.0,
        "Reconciled Depreciation": 6505000.0,
        "Reconciled Cost Of Revenue": 118024000.0,
        "EBITDA": 44258000.0,
        "EBIT": 37753000.0,
        "Net Interest Income": 431000.0,
        "Interest Expense": NaN,
        "Normalized Income": 23456306.470749,
        "Net Income From Continuing And Discontinued Operation": 23175000.0,
        "Total Expenses": 187973000.0,
        "Total Operating Income As Reported": 32418000.0,
        "Diluted Average Shares": NaN,
        "Basic Average Shares": NaN,
        "Diluted EPS": NaN,
        "Basic EPS": NaN,
        "Diluted NI Availto Com Stockholders": 23714000.0,
        "Average Dilution Earnings": 539000.0,
        "Net Income Common Stockholders": 23175000.0,
        "Net Income": 23175000.0,
        "Net Income Including Noncontrolling Interests": 23175000.0,
        "Net Income Continuous Operations": 23175000.0,
        "Tax Provision": 9696000.0,
        "Pretax Income": 32871000.0,
        "Other Income Expense": -377000.0,
        "Other Non Operating Income Expenses": 22000.0,
        "Special Income Charges": -399000.0,
        "Restructuring And Mergern Acquisition": 399000.0,
        "Net Non Operating Interest Income Expense": 431000.0,
        "Total Other Finance Cost": NaN,
        "Interest Expense Non Operating": NaN,
        "Operating Income": 32817000.0,
        "Operating Expense": 69949000.0,
        "Depreciation Amortization Depletion Income Statement": NaN,
        "Depreciation And Amortization In Income Statement": NaN,
        "Amortization": NaN,
        "Amortization Of Intangibles Income Statement": NaN,
        "Depreciation Income Statement": NaN,
        "Selling General And Administration": 40349000.0,
        "Gross Profit": 102766000.0,
        "Cost Of Revenue": 118024000.0,
        "Total Revenue": 220790000.0,
        "Operating Revenue": 220790000.0
    }
}