{
    "2023-06-30": {
        "Tax Effect Of Unusual Items": -11926917.522206,
        "Tax Rate For Calcs": 0.284462,
        "Normalized EBITDA": 931843000.0,
        "Total Unusual Items": -41928000.0,
        "Total Unusual Items Excluding Goodwill": -41928000.0,
        "Net Income From Continuing Operation Net Minority Interest": 37218000.0,
        "Reconciled Depreciation": 828229000.0,
        "EBITDA": 889915000.0,
        "EBIT": 61686000.0,
        "Net Interest Income": -10002000.0,
        "Interest Expense": 9672000.0,
        "Interest Income": 2389000.0,
        "Normalized Income": 67219082.477794,
        "Net Income From Continuing And Discontinued Operation": 37218000.0,
        "Total Expenses": 488902000.0,
        "Rent Expense Supplemental": 1296000.0,
        "Total Operating Income As Reported": 59297000.0,
        "Diluted Average Shares": 46896000.0,
        "Basic Average Shares": 46474000.0,
        "Diluted EPS": 0.79,
        "Basic EPS": 0.8,
        "Diluted NI Availto Com Stockholders": 37218000.0,
        "Net Income Common Stockholders": 37218000.0,
        "Net Income": 37218000.0,
        "Net Income Including Noncontrolling Interests": 37218000.0,
        "Net Income Continuous Operations": 37218000.0,
        "Tax Provision": 14796000.0,
        "Pretax Income": 52014000.0,
        "Other Income Expense": -41928000.0,
        "Special Income Charges": -41928000.0,
        "Write Off": 40965000.0,
        "Impairment Of Capital Assets": NaN,
        "Restructuring And Mergern Acquisition": 963000.0,
        "Net Non Operating Interest Income Expense": -10002000.0,
        "Total Other Finance Cost": 2719000.0,
        "Interest Expense Non Operating": 9672000.0,
        "Interest Income Non Operating": 2389000.0,
        "Operating Income": 103944000.0,
        "Operating Expense": 488902000.0,
        "Other Operating Expenses": 8791000.0,
        "Depreciation Amortization Depletion Income Statement": 392790000.0,
        "Depreciation And Amortization In Income Statement": 392790000.0,
        "Depreciation Income Statement": 392790000.0,
        "Selling General And Administration": 87321000.0,
        "Selling And Marketing Expense": 10363000.0,
        "General And Administrative Expense": 76958000.0,
        "Other Gand A": 21965000.0,
        "Rent And Landing Fees": 1296000.0,
        "Salaries And Wages": 53697000.0,
        "Total Revenue": 592846000.0,
        "Operating Revenue": 592846000.0
    },
    "2023-03-31": {
        "Tax Effect Of Unusual Items": NaN,
        "Tax Rate For Calcs": NaN,
        "Normalized EBITDA": NaN,
        "Total Unusual Items": NaN,
        "Total Unusual Items Excluding Goodwill": NaN,
        "Net Income From Continuing Operation Net Minority Interest": NaN,
        "Reconciled Depreciation": NaN,
        "EBITDA": NaN,
        "EBIT": NaN,
        "Net Interest Income": NaN,
        "Interest Expense": NaN,
        "Interest Income": 1207000.0,
        "Normalized Income": NaN,
        "Net Income From Continuing And Discontinued Operation": NaN,
        "Total Expenses": NaN,
        "Rent Expense Supplemental": NaN,
        "Total Operating Income As Reported": NaN,
        "Diluted Average Shares": NaN,
        "Basic Average Shares": NaN,
        "Diluted EPS": NaN,
        "Basic EPS": NaN,
        "Diluted NI Availto Com Stockholders": NaN,
        "Net Income Common Stockholders": NaN,
        "Net Income": NaN,
        "Net Income Including Noncontrolling Interests": NaN,
        "Net Income Continuous Operations": NaN,
        "Tax Provision": NaN,
        "Pretax Income": NaN,
        "Other Income Expense": NaN,
        "Special Income Charges": NaN,
        "Write Off": NaN,
        "Impairment Of Capital Assets": NaN,
        "Restructuring And Mergern Acquisition": NaN,
        "Net Non Operating Interest Income Expense": NaN,
        "Total Other Finance Cost": NaN,
        "Interest Expense Non Operating": NaN,
        "Interest Income Non Operating": 1207000.0,
        "Operating Income": NaN,
        "Operating Expense": NaN,
        "Other Operating Expenses": NaN,
        "Depreciation Amortization Depletion Income Statement": NaN,
        "Depreciation And Amortization In Income Statement": NaN,
        "Depreciation Income Statement": NaN,
        "Selling General And Administration": NaN,
        "Selling And Marketing Expense": NaN,
        "General And Administrative Expense": NaN,
        "Other Gand A": NaN,
        "Rent And Landing Fees": NaN,
        "Salaries And Wages": NaN,
        "Total Revenue": NaN,
        "Operating Revenue": NaN
    },
    "2022-12-31": {
        "Tax Effect Of Unusual Items": NaN,
        "Tax Rate For Calcs": NaN,
        "Normalized EBITDA": NaN,
        "Total Unusual Items": NaN,
        "Total Unusual Items Excluding Goodwill": NaN,
        "Net Income From Continuing Operation Net Minority Interest": NaN,
        "Reconciled Depreciation": NaN,
        "EBITDA": NaN,
        "EBIT": NaN,
        "Net Interest Income": NaN,
        "Interest Expense": NaN,
        "Interest Income": NaN,
        "Normalized Income": NaN,
        "Net Income From Continuing And Discontinued Operation": NaN,
        "Total Expenses": NaN,
        "Rent Expense Supplemental": NaN,
        "Total Operating Income As Reported": NaN,
        "Diluted Average Shares": NaN,
        "Basic Average Shares": NaN,
        "Diluted EPS": NaN,
        "Basic EPS": NaN,
        "Diluted NI Availto Com Stockholders": NaN,
        "Net Income Common Stockholders": NaN,
        "Net Income": NaN,
        "Net Income Including Noncontrolling Interests": NaN,
        "Net Income Continuous Operations": NaN,
        "Tax Provision": NaN,
        "Pretax Income": NaN,
        "Other Income Expense": NaN,
        "Special Income Charges": NaN,
        "Write Off": NaN,
        "Impairment Of Capital Assets": 0.0,
        "Restructuring And Mergern Acquisition": NaN,
        "Net Non Operating Interest Income Expense": NaN,
        "Total Other Finance Cost": NaN,
        "Interest Expense Non Operating": NaN,
        "Interest Income Non Operating": NaN,
        "Operating Income": NaN,
        "Operating Expense": NaN,
        "Other Operating Expenses": NaN,
        "Depreciation Amortization Depletion Income Statement": NaN,
        "Depreciation And Amortization In Income Statement": NaN,
        "Depreciation Income Statement": NaN,
        "Selling General And Administration": NaN,
        "Selling And Marketing Expense": NaN,
        "General And Administrative Expense": NaN,
        "Other Gand A": NaN,
        "Rent And Landing Fees": NaN,
        "Salaries And Wages": NaN,
        "Total Revenue": NaN,
        "Operating Revenue": NaN
    },
    "2022-09-30": {
        "Tax Effect Of Unusual Items": NaN,
        "Tax Rate For Calcs": NaN,
        "Normalized EBITDA": NaN,
        "Total Unusual Items": NaN,
        "Total Unusual Items Excluding Goodwill": NaN,
        "Net Income From Continuing Operation Net Minority Interest": NaN,
        "Reconciled Depreciation": NaN,
        "EBITDA": NaN,
        "EBIT": NaN,
        "Net Interest Income": NaN,
        "Interest Expense": NaN,
        "Interest Income": 220000.0,
        "Normalized Income": NaN,
        "Net Income From Continuing And Discontinued Operation": NaN,
        "Total Expenses": NaN,
        "Rent Expense Supplemental": NaN,
        "Total Operating Income As Reported": NaN,
        "Diluted Average Shares": NaN,
        "Basic Average Shares": NaN,
        "Diluted EPS": NaN,
        "Basic EPS": NaN,
        "Diluted NI Availto Com Stockholders": NaN,
        "Net Income Common Stockholders": NaN,
        "Net Income": NaN,
        "Net Income Including Noncontrolling Interests": NaN,
        "Net Income Continuous Operations": NaN,
        "Tax Provision": NaN,
        "Pretax Income": NaN,
        "Other Income Expense": NaN,
        "Special Income Charges": NaN,
        "Write Off": NaN,
        "Impairment Of Capital Assets": 10151000.0,
        "Restructuring And Mergern Acquisition": NaN,
        "Net Non Operating Interest Income Expense": NaN,
        "Total Other Finance Cost": NaN,
        "Interest Expense Non Operating": NaN,
        "Interest Income Non Operating": 220000.0,
        "Operating Income": NaN,
        "Operating Expense": NaN,
        "Other Operating Expenses": NaN,
        "Depreciation Amortization Depletion Income Statement": NaN,
        "Depreciation And Amortization In Income Statement": NaN,
        "Depreciation Income Statement": NaN,
        "Selling General And Administration": NaN,
        "Selling And Marketing Expense": NaN,
        "General And Administrative Expense": NaN,
        "Other Gand A": NaN,
        "Rent And Landing Fees": NaN,
        "Salaries And Wages": NaN,
        "Total Revenue": NaN,
        "Operating Revenue": NaN
    },
    "2022-06-30": {
        "Tax Effect Of Unusual Items": -1242136.0,
        "Tax Rate For Calcs": 0.287,
        "Normalized EBITDA": 49804000.0,
        "Total Unusual Items": -4328000.0,
        "Total Unusual Items Excluding Goodwill": -4328000.0,
        "Net Income From Continuing Operation Net Minority Interest": 19484000.0,
        "Reconciled Depreciation": 8539000.0,
        "EBITDA": 45476000.0,
        "EBIT": 36937000.0,
        "Net Interest Income": -9608000.0,
        "Interest Expense": 9608000.0,
        "Interest Income": NaN,
        "Normalized Income": 22569864.0,
        "Net Income From Continuing And Discontinued Operation": 19484000.0,
        "Total Expenses": 608179000.0,
        "Rent Expense Supplemental": 1740000.0,
        "Total Operating Income As Reported": 36937000.0,
        "Diluted Average Shares": 52961000.0,
        "Basic Average Shares": 52880000.0,
        "Diluted EPS": 0.37,
        "Basic EPS": 0.37,
        "Diluted NI Availto Com Stockholders": 19484000.0,
        "Net Income Common Stockholders": 19484000.0,
        "Net Income": 19484000.0,
        "Net Income Including Noncontrolling Interests": 19484000.0,
        "Net Income Continuous Operations": 19484000.0,
        "Tax Provision": 7845000.0,
        "Pretax Income": 27329000.0,
        "Other Income Expense": -4328000.0,
        "Special Income Charges": -4328000.0,
        "Impairment Of Capital Assets": NaN,
        "Restructuring And Mergern Acquisition": 4328000.0,
        "Net Non Operating Interest Income Expense": -9608000.0,
        "Total Other Finance Cost": NaN,
        "Interest Expense Non Operating": 9608000.0,
        "Interest Income Non Operating": NaN,
        "Operating Income": 41265000.0,
        "Operating Expense": 608179000.0,
        "Other Operating Expenses": 509679000.0,
        "Depreciation Amortization Depletion Income Statement": 8539000.0,
        "Depreciation And Amortization In Income Statement": 8539000.0,
        "Depreciation Income Statement": NaN,
        "Selling General And Administration": 89961000.0,
        "Selling And Marketing Expense": 11038000.0,
        "General And Administrative Expense": 78923000.0,
        "Other Gand A": 25484000.0,
        "Rent And Landing Fees": 1740000.0,
        "Salaries And Wages": 51699000.0,
        "Total Revenue": 649444000.0,
        "Operating Revenue": 649444000.0
    },
    "2022-03-31": {
        "Diluted EPS": 0.49,
        "Total Revenue": 710,
        "Gross Profit": 710,
        "Operating Income": 49,
        "EBIT": 555,
        "Net Income": 27
    },
    "2021-12-31": {
        "Diluted EPS": 0.63,
        "Total Revenue": 647,
        "Gross Profit": 647,
        "Operating Income": 57,
        "EBIT": 508,
        "Net Income": 38
    },
    "2021-09-30": {
        "Diluted EPS": 0.86,
        "Total Revenue": 650,
        "Gross Profit": 650,
        "Operating Income": 78,
        "EBIT": 522,
        "Net Income": 57
    },
    "2021-06-30": {
        "Diluted EPS": 1.02,
        "Total Revenue": 660,
        "Gross Profit": 660,
        "Operating Income": 92,
        "EBIT": 539,
        "Net Income": 69
    },
    "2021-03-31": {
        "Diluted EPS": 1.16,
        "Total Revenue": 721,
        "Gross Profit": 721,
        "Operating Income": 106,
        "EBIT": 618,
        "Net Income": 79
    },
    "2020-12-31": {
        "Diluted EPS": 0.61,
        "Total Revenue": 606,
        "Gross Profit": 606,
        "Operating Income": 67,
        "EBIT": 577,
        "Net Income": 41
    },
    "2020-09-30": {
        "Diluted EPS": 1.61,
        "Total Revenue": 611,
        "Gross Profit": 611,
        "Operating Income": 96,
        "EBIT": 649,
        "Net Income": 109
    },
    "2020-06-30": {
        "Diluted EPS": 1.01,
        "Total Revenue": 599,
        "Gross Profit": 599,
        "Operating Income": 60,
        "EBIT": 635,
        "Net Income": 68
    },
    "2020-03-31": {
        "Diluted EPS": -4.13,
        "Total Revenue": 668,
        "Gross Profit": 668,
        "Operating Income": 50,
        "EBIT": NaN,
        "Net Income": -280
    },
    "2019-12-31": {
        "Diluted EPS": -1.55,
        "Total Revenue": -781,
        "Gross Profit": -781,
        "Operating Income": -162,
        "EBIT": 402,
        "Net Income": -107
    },
    "2019-09-30": {
        "Diluted EPS": 0.58,
        "Total Revenue": 964,
        "Gross Profit": 933,
        "Operating Income": 56,
        "EBIT": 570,
        "Net Income": 40
    },
    "2019-06-30": {
        "Diluted EPS": 0.62,
        "Total Revenue": 968,
        "Gross Profit": 934,
        "Operating Income": 60,
        "EBIT": 562,
        "Net Income": 43
    },
    "2019-03-31": {
        "Diluted EPS": 0.82,
        "Total Revenue": NaN,
        "Gross Profit": 974,
        "Operating Income": 74,
        "EBIT": 601,
        "Net Income": 56
    },
    "2018-12-31": {
        "Diluted EPS": 0.89,
        "Total Revenue": -799,
        "Gross Profit": -799,
        "Operating Income": -44,
        "EBIT": 419,
        "Net Income": 62
    },
    "2018-09-30": {
        "Diluted EPS": 0.62,
        "Total Revenue": 953,
        "Gross Profit": 913,
        "Operating Income": 57,
        "EBIT": 516,
        "Net Income": 44
    },
    "2018-06-30": {
        "Diluted EPS": 0.54,
        "Total Revenue": 928,
        "Gross Profit": 877,
        "Operating Income": 74,
        "EBIT": 512,
        "Net Income": 39
    },
    "2018-03-31": {
        "Diluted EPS": 0.73,
        "Total Revenue": 955,
        "Gross Profit": 901,
        "Operating Income": 70,
        "EBIT": 532,
        "Net Income": 52
    },
    "2017-12-31": {
        "Diluted EPS": 2.46,
        "Total Revenue": 885,
        "Gross Profit": 814,
        "Operating Income": 65,
        "EBIT": 461,
        "Net Income": 178
    },
    "2017-09-30": {
        "Diluted EPS": 0.35,
        "Total Revenue": 839,
        "Gross Profit": 784,
        "Operating Income": 43,
        "EBIT": 429,
        "Net Income": 25
    },
    "2017-06-30": {
        "Diluted EPS": 0.51,
        "Total Revenue": 816,
        "Gross Profit": 750,
        "Operating Income": 61,
        "EBIT": 426,
        "Net Income": 36
    },
    "2017-03-31": {
        "Diluted EPS": 0.74,
        "Total Revenue": 845,
        "Gross Profit": 777,
        "Operating Income": 86,
        "EBIT": 469,
        "Net Income": 53
    },
    "2016-12-31": {
        "Diluted EPS": 0.3,
        "Total Revenue": 795,
        "Gross Profit": 711,
        "Operating Income": 38,
        "EBIT": 375,
        "Net Income": 22
    },
    "2016-09-30": {
        "Diluted EPS": 0.4,
        "Total Revenue": 769,
        "Gross Profit": 705,
        "Operating Income": 51,
        "EBIT": 389,
        "Net Income": 29
    },
    "2016-06-30": {
        "Diluted EPS": 0.53,
        "Total Revenue": 789,
        "Gross Profit": 721,
        "Operating Income": 68,
        "EBIT": 410,
        "Net Income": 39
    },
    "2016-03-31": {
        "Diluted EPS": 0.68,
        "Total Revenue": 854,
        "Gross Profit": 776,
        "Operating Income": 86,
        "EBIT": 455,
        "Net Income": 50
    },
    "2015-12-31": {
        "Diluted EPS": 0.29,
        "Total Revenue": 821,
        "Gross Profit": 702,
        "Operating Income": 41,
        "EBIT": 361,
        "Net Income": 22
    },
    "2015-09-30": {
        "Diluted EPS": 0.33,
        "Total Revenue": 768,
        "Gross Profit": 690,
        "Operating Income": 43,
        "EBIT": 365,
        "Net Income": 24
    },
    "2015-06-30": {
        "Diluted EPS": 0.56,
        "Total Revenue": 769,
        "Gross Profit": 688,
        "Operating Income": 68,
        "EBIT": 382,
        "Net Income": 41
    },
    "2015-03-31": {
        "Diluted EPS": 0.68,
        "Total Revenue": 822,
        "Gross Profit": 727,
        "Operating Income": 85,
        "EBIT": 421,
        "Net Income": 49
    },
    "2014-12-31": {
        "Diluted EPS": 0.3,
        "Total Revenue": 749,
        "Gross Profit": 645,
        "Operating Income": 41,
        "EBIT": 335,
        "Net Income": 22
    },
    "2014-09-30": {
        "Diluted EPS": 0.13,
        "Total Revenue": 698,
        "Gross Profit": 622,
        "Operating Income": 20,
        "EBIT": 306,
        "Net Income": 9
    },
    "2014-06-30": {
        "Diluted EPS": 0.12,
        "Total Revenue": 662,
        "Gross Profit": 581,
        "Operating Income": 17,
        "EBIT": 273,
        "Net Income": 9
    },
    "2014-03-31": {
        "Diluted EPS": 0.53,
        "Total Revenue": 585,
        "Gross Profit": 494,
        "Operating Income": 62,
        "EBIT": 244,
        "Net Income": 38
    },
    "2013-12-31": {
        "Diluted EPS": 0.29,
        "Total Revenue": 554,
        "Gross Profit": 450,
        "Operating Income": 34,
        "EBIT": 201,
        "Net Income": 23
    },
    "2013-09-30": {
        "Diluted EPS": 0.28,
        "Total Revenue": 537,
        "Gross Profit": 455,
        "Operating Income": 28,
        "EBIT": 197,
        "Net Income": 21
    },
    "2013-06-30": {
        "Diluted EPS": 0.34,
        "Total Revenue": 551,
        "Gross Profit": 466,
        "Operating Income": 42,
        "EBIT": 210,
        "Net Income": 26
    },
    "2013-03-31": {
        "Diluted EPS": 0.67,
        "Total Revenue": 593,
        "Gross Profit": 502,
        "Operating Income": 83,
        "EBIT": 265,
        "Net Income": 51
    },
    "2012-12-31": {
        "Diluted EPS": 0.48,
        "Total Revenue": 559,
        "Gross Profit": 440,
        "Operating Income": 55,
        "EBIT": 213,
        "Net Income": 37
    },
    "2012-09-30": {
        "Diluted EPS": 0.38,
        "Total Revenue": 530,
        "Gross Profit": 445,
        "Operating Income": 47,
        "EBIT": 214,
        "Net Income": 29
    },
    "2012-06-30": {
        "Diluted EPS": 0.47,
        "Total Revenue": 539,
        "Gross Profit": 445,
        "Operating Income": 59,
        "EBIT": 221,
        "Net Income": 36
    },
    "2012-03-31": {
        "Diluted EPS": 0.92,
        "Total Revenue": 586,
        "Gross Profit": 473,
        "Operating Income": 116,
        "EBIT": 287,
        "Net Income": 71
    },
    "2011-12-31": {
        "Diluted EPS": 0.39,
        "Total Revenue": 512,
        "Gross Profit": 403,
        "Operating Income": 51,
        "EBIT": 198,
        "Net Income": 31
    },
    "2011-09-30": {
        "Diluted EPS": 0.36,
        "Total Revenue": 485,
        "Gross Profit": 401,
        "Operating Income": 46,
        "EBIT": 195,
        "Net Income": 28
    },
    "2011-06-30": {
        "Diluted EPS": 0.13,
        "Total Revenue": 483,
        "Gross Profit": 401,
        "Operating Income": 18,
        "EBIT": 164,
        "Net Income": 11
    },
    "2011-03-31": {
        "Diluted EPS": 0.55,
        "Total Revenue": 533,
        "Gross Profit": 433,
        "Operating Income": 72,
        "EBIT": 231,
        "Net Income": 44
    },
    "2010-12-31": {
        "Diluted EPS": 0.37,
        "Total Revenue": 484,
        "Gross Profit": 381,
        "Operating Income": 52,
        "EBIT": 188,
        "Net Income": 31
    },
    "2010-09-30": {
        "Diluted EPS": 0.32,
        "Total Revenue": 452,
        "Gross Profit": 372,
        "Operating Income": 42,
        "EBIT": 177,
        "Net Income": 26
    },
    "2010-06-30": {
        "Diluted EPS": 0.3,
        "Total Revenue": 445,
        "Gross Profit": 371,
        "Operating Income": 39,
        "EBIT": 176,
        "Net Income": 24
    },
    "2010-03-31": {
        "Diluted EPS": 0.45,
        "Total Revenue": 495,
        "Gross Profit": 399,
        "Operating Income": 60,
        "EBIT": 204,
        "Net Income": 37
    },
    "2009-12-31": {
        "Diluted EPS": 0.3,
        "Total Revenue": 446,
        "Gross Profit": 352,
        "Operating Income": 40,
        "EBIT": 166,
        "Net Income": 25
    },
    "2009-09-30": {
        "Diluted EPS": 0.3,
        "Total Revenue": 415,
        "Gross Profit": 346,
        "Operating Income": 35,
        "EBIT": 164,
        "Net Income": 25
    },
    "2009-06-30": {
        "Diluted EPS": 0.34,
        "Total Revenue": 417,
        "Gross Profit": 349,
        "Operating Income": 44,
        "EBIT": 175,
        "Net Income": 28
    },
    "2009-03-31": {
        "Diluted EPS": 0.43,
        "Total Revenue": 474,
        "Gross Profit": 380,
        "Operating Income": 57,
        "EBIT": 195,
        "Net Income": 35
    },
    "2023-09-30": {
        "Tax Effect Of Unusual Items": -10119488.0,
        "Tax Rate For Calcs": 0.272,
        "Normalized EBITDA": 484800000.0,
        "Total Unusual Items": -37204000.0,
        "Total Unusual Items Excluding Goodwill": -37204000.0,
        "Net Income From Continuing Operation Net Minority Interest": 35012000.0,
        "Reconciled Depreciation": -812332000.0,
        "EBITDA": 447596000.0,
        "EBIT": 57771000.0,
        "Net Interest Income": -9546000.0,
        "Interest Expense": 9662000.0,
        "Interest Income": 2887000.0,
        "Normalized Income": 62096512.0,
        "Net Income From Continuing And Discontinued Operation": 35012000.0,
        "Total Expenses": 488018000.0,
        "Rent Expense Supplemental": 1379000.0,
        "Total Operating Income As Reported": 54884000.0,
        "Diluted Average Shares": 46133000.0,
        "Basic Average Shares": 45515000.0,
        "Diluted EPS": 0.76,
        "Basic EPS": 0.77,
        "Diluted NI Availto Com Stockholders": 35012000.0,
        "Net Income Common Stockholders": 35012000.0,
        "Net Income": 35012000.0,
        "Net Income Including Noncontrolling Interests": 35012000.0,
        "Net Income Continuous Operations": 35012000.0,
        "Tax Provision": 13097000.0,
        "Pretax Income": 48109000.0,
        "Other Income Expense": -37204000.0,
        "Special Income Charges": -37204000.0,
        "Write Off": 36966000.0,
        "Impairment Of Capital Assets": 0.0,
        "Restructuring And Mergern Acquisition": 238000.0,
        "Net Non Operating Interest Income Expense": -9546000.0,
        "Total Other Finance Cost": 2771000.0,
        "Interest Expense Non Operating": 9662000.0,
        "Interest Income Non Operating": 2887000.0,
        "Operating Income": 94859000.0,
        "Operating Expense": 488018000.0,
        "Other Operating Expenses": 10521000.0,
        "Depreciation Amortization Depletion Income Statement": 389825000.0,
        "Depreciation And Amortization In Income Statement": 389825000.0,
        "Depreciation Income Statement": 389825000.0,
        "Selling General And Administration": 87672000.0,
        "Selling And Marketing Expense": 10055000.0,
        "General And Administrative Expense": 77617000.0,
        "Other Gand A": 22688000.0,
        "Rent And Landing Fees": 1379000.0,
        "Salaries And Wages": 53550000.0,
        "Total Revenue": 582877000.0,
        "Operating Revenue": 582877000.0
    },
    "2023-12-31": {
        "Tax Effect Of Unusual Items": -27090419.837957,
        "Tax Rate For Calcs": 0.348497,
        "Normalized EBITDA": 488922000.0,
        "Total Unusual Items": -77735000.0,
        "Total Unusual Items Excluding Goodwill": -77735000.0,
        "Net Income From Continuing Operation Net Minority Interest": 18575000.0,
        "Reconciled Depreciation": 8156000.0,
        "EBITDA": 411187000.0,
        "EBIT": 28885000.0,
        "Net Interest Income": -9698000.0,
        "Interest Expense": 374000.0,
        "Interest Income": NaN,
        "Normalized Income": 69219580.162043,
        "Net Income From Continuing And Discontinued Operation": 18575000.0,
        "Total Expenses": 461457000.0,
        "Rent Expense Supplemental": 1371000.0,
        "Total Operating Income As Reported": 35368000.0,
        "Diluted Average Shares": 45075000.0,
        "Basic Average Shares": 44337000.0,
        "Diluted EPS": 0.41,
        "Basic EPS": 0.42,
        "Diluted NI Availto Com Stockholders": 18575000.0,
        "Net Income Common Stockholders": 18575000.0,
        "Net Income": 18575000.0,
        "Net Income Including Noncontrolling Interests": 18575000.0,
        "Net Income Continuous Operations": 18575000.0,
        "Tax Provision": 9936000.0,
        "Pretax Income": 28511000.0,
        "Other Income Expense": -77735000.0,
        "Special Income Charges": -77735000.0,
        "Write Off": 38955000.0,
        "Impairment Of Capital Assets": 0.0,
        "Restructuring And Mergern Acquisition": 38780000.0,
        "Net Non Operating Interest Income Expense": -9698000.0,
        "Total Other Finance Cost": 2841000.0,
        "Interest Expense Non Operating": 374000.0,
        "Interest Income Non Operating": NaN,
        "Operating Income": 115944000.0,
        "Operating Expense": 461457000.0,
        "Other Operating Expenses": 39404000.0,
        "Depreciation Amortization Depletion Income Statement": 382302000.0,
        "Depreciation And Amortization In Income Statement": 382302000.0,
        "Depreciation Income Statement": 382302000.0,
        "Selling General And Administration": 39751000.0,
        "Selling And Marketing Expense": -13783000.0,
        "General And Administrative Expense": 53534000.0,
        "Other Gand A": -233000.0,
        "Rent And Landing Fees": 1371000.0,
        "Salaries And Wages": 52396000.0,
        "Total Revenue": 577401000.0,
        "Operating Revenue": 577401000.0
    },
    "2024-03-31": {
        "Tax Effect Of Unusual Items": -18591120.0,
        "Tax Rate For Calcs": 0.304,
        "Normalized EBITDA": 541987000.0,
        "Total Unusual Items": -61155000.0,
        "Total Unusual Items Excluding Goodwill": -61155000.0,
        "Net Income From Continuing Operation Net Minority Interest": 21966000.0,
        "Reconciled Depreciation": 8018000.0,
        "EBITDA": 480832000.0,
        "EBIT": 41243000.0,
        "Net Interest Income": -11202000.0,
        "Interest Expense": 9676000.0,
        "Interest Income": 1426000.0,
        "Normalized Income": 64529880.0,
        "Net Income From Continuing And Discontinued Operation": 21966000.0,
        "Total Expenses": 537946000.0,
        "Rent Expense Supplemental": 1367000.0,
        "Total Operating Income As Reported": 39817000.0,
        "Diluted Average Shares": 44528000.0,
        "Basic Average Shares": 43695000.0,
        "Diluted EPS": 0.49,
        "Basic EPS": 0.5,
        "Diluted NI Availto Com Stockholders": 21966000.0,
        "Net Income Common Stockholders": 21966000.0,
        "Net Income": 21966000.0,
        "Net Income Including Noncontrolling Interests": 21966000.0,
        "Net Income Continuous Operations": 21966000.0,
        "Tax Provision": 9601000.0,
        "Pretax Income": 31567000.0,
        "Other Income Expense": -61155000.0,
        "Special Income Charges": -61155000.0,
        "Write Off": 43141000.0,
        "Impairment Of Capital Assets": NaN,
        "Restructuring And Mergern Acquisition": 18014000.0,
        "Net Non Operating Interest Income Expense": -11202000.0,
        "Total Other Finance Cost": 2952000.0,
        "Interest Expense Non Operating": 9676000.0,
        "Interest Income Non Operating": 1426000.0,
        "Operating Income": 103924000.0,
        "Operating Expense": 537946000.0,
        "Other Operating Expenses": 11049000.0,
        "Depreciation Amortization Depletion Income Statement": 439589000.0,
        "Depreciation And Amortization In Income Statement": 439589000.0,
        "Depreciation Income Statement": 439589000.0,
        "Selling General And Administration": 87308000.0,
        "Selling And Marketing Expense": 11599000.0,
        "General And Administrative Expense": 75709000.0,
        "Other Gand A": 22995000.0,
        "Rent And Landing Fees": 1367000.0,
        "Salaries And Wages": 51347000.0,
        "Total Revenue": 641870000.0,
        "Operating Revenue": 641870000.0
    },
    "2024-06-30": {
        "Tax Effect Of Unusual Items": -14061813.132253,
        "Tax Rate For Calcs": 0.30131,
        "Normalized EBITDA": 927548000.0,
        "Total Unusual Items": -46669000.0,
        "Total Unusual Items Excluding Goodwill": -46669000.0,
        "Net Income From Continuing Operation Net Minority Interest": 33774000.0,
        "Reconciled Depreciation": 822867000.0,
        "EBITDA": 880879000.0,
        "EBIT": 58012000.0,
        "Net Interest Income": -9958000.0,
        "Interest Expense": 9673000.0,
        "Interest Income": 2334000.0,
        "Normalized Income": 66381186.867747,
        "Net Income From Continuing And Discontinued Operation": 33774000.0,
        "Total Expenses": 487195000.0,
        "Rent Expense Supplemental": 922000.0,
        "Total Operating Income As Reported": 55678000.0,
        "Diluted Average Shares": 43721000.0,
        "Basic Average Shares": 42955000.0,
        "Diluted EPS": 0.77,
        "Basic EPS": 0.79,
        "Diluted NI Availto Com Stockholders": 33774000.0,
        "Net Income Common Stockholders": 33774000.0,
        "Net Income": 33774000.0,
        "Net Income Including Noncontrolling Interests": 33774000.0,
        "Net Income Continuous Operations": 33774000.0,
        "Tax Provision": 14565000.0,
        "Pretax Income": 48339000.0,
        "Other Income Expense": -46669000.0,
        "Special Income Charges": -46669000.0,
        "Write Off": 43783000.0,
        "Impairment Of Capital Assets": NaN,
        "Restructuring And Mergern Acquisition": 2886000.0,
        "Net Non Operating Interest Income Expense": -9958000.0,
        "Total Other Finance Cost": 2619000.0,
        "Interest Expense Non Operating": 9673000.0,
        "Interest Income Non Operating": 2334000.0,
        "Operating Income": 104966000.0,
        "Operating Expense": 487195000.0,
        "Other Operating Expenses": 12035000.0,
        "Depreciation Amortization Depletion Income Statement": 391296000.0,
        "Depreciation And Amortization In Income Statement": 391296000.0,
        "Depreciation Income Statement": 391296000.0,
        "Selling General And Administration": 83864000.0,
        "Selling And Marketing Expense": 11363000.0,
        "General And Administrative Expense": 72501000.0,
        "Other Gand A": 22760000.0,
        "Rent And Landing Fees": 922000.0,
        "Salaries And Wages": 48819000.0,
        "Total Revenue": 592161000.0,
        "Operating Revenue": 592161000.0
    }
}