{
    "2023-03-31": {
        "Tax Effect Of Unusual Items": NaN,
        "Tax Rate For Calcs": NaN,
        "Normalized EBITDA": NaN,
        "Total Unusual Items": NaN,
        "Total Unusual Items Excluding Goodwill": NaN,
        "Net Income From Continuing Operation Net Minority Interest": NaN,
        "Reconciled Depreciation": NaN,
        "Reconciled Cost Of Revenue": NaN,
        "EBITDA": NaN,
        "EBIT": NaN,
        "Net Interest Income": NaN,
        "Interest Expense": NaN,
        "Normalized Income": NaN,
        "Net Income From Continuing And Discontinued Operation": NaN,
        "Total Expenses": NaN,
        "Total Operating Income As Reported": NaN,
        "Diluted Average Shares": 134900000.0,
        "Basic Average Shares": 134900000.0,
        "Diluted EPS": -0.02,
        "Basic EPS": -0.02,
        "Diluted NI Availto Com Stockholders": NaN,
        "Net Income Common Stockholders": NaN,
        "Net Income": NaN,
        "Net Income Including Noncontrolling Interests": NaN,
        "Net Income Discontinuous Operations": NaN,
        "Net Income Continuous Operations": NaN,
        "Tax Provision": NaN,
        "Pretax Income": NaN,
        "Other Income Expense": NaN,
        "Other Non Operating Income Expenses": NaN,
        "Special Income Charges": NaN,
        "Other Special Charges": NaN,
        "Write Off": NaN,
        "Restructuring And Mergern Acquisition": NaN,
        "Net Non Operating Interest Income Expense": NaN,
        "Interest Expense Non Operating": NaN,
        "Operating Income": NaN,
        "Operating Expense": NaN,
        "Other Operating Expenses": -700000.0,
        "Research And Development": NaN,
        "Selling General And Administration": NaN,
        "Selling And Marketing Expense": NaN,
        "General And Administrative Expense": NaN,
        "Other Gand A": NaN,
        "Gross Profit": NaN,
        "Cost Of Revenue": NaN,
        "Total Revenue": NaN,
        "Operating Revenue": NaN
    },
    "2022-12-31": {
        "Tax Effect Of Unusual Items": NaN,
        "Tax Rate For Calcs": NaN,
        "Normalized EBITDA": NaN,
        "Total Unusual Items": NaN,
        "Total Unusual Items Excluding Goodwill": NaN,
        "Net Income From Continuing Operation Net Minority Interest": NaN,
        "Reconciled Depreciation": NaN,
        "Reconciled Cost Of Revenue": NaN,
        "EBITDA": NaN,
        "EBIT": NaN,
        "Net Interest Income": NaN,
        "Interest Expense": NaN,
        "Normalized Income": NaN,
        "Net Income From Continuing And Discontinued Operation": NaN,
        "Total Expenses": NaN,
        "Total Operating Income As Reported": NaN,
        "Diluted Average Shares": NaN,
        "Basic Average Shares": NaN,
        "Diluted EPS": NaN,
        "Basic EPS": NaN,
        "Diluted NI Availto Com Stockholders": NaN,
        "Net Income Common Stockholders": NaN,
        "Net Income": NaN,
        "Net Income Including Noncontrolling Interests": NaN,
        "Net Income Discontinuous Operations": NaN,
        "Net Income Continuous Operations": NaN,
        "Tax Provision": NaN,
        "Pretax Income": NaN,
        "Other Income Expense": NaN,
        "Other Non Operating Income Expenses": NaN,
        "Special Income Charges": NaN,
        "Other Special Charges": 0.0,
        "Write Off": 0.0,
        "Restructuring And Mergern Acquisition": NaN,
        "Net Non Operating Interest Income Expense": NaN,
        "Interest Expense Non Operating": NaN,
        "Operating Income": NaN,
        "Operating Expense": NaN,
        "Other Operating Expenses": 100000.0,
        "Research And Development": NaN,
        "Selling General And Administration": NaN,
        "Selling And Marketing Expense": NaN,
        "General And Administrative Expense": NaN,
        "Other Gand A": NaN,
        "Gross Profit": NaN,
        "Cost Of Revenue": NaN,
        "Total Revenue": NaN,
        "Operating Revenue": NaN
    },
    "2022-09-30": {
        "Tax Effect Of Unusual Items": NaN,
        "Tax Rate For Calcs": NaN,
        "Normalized EBITDA": NaN,
        "Total Unusual Items": NaN,
        "Total Unusual Items Excluding Goodwill": NaN,
        "Net Income From Continuing Operation Net Minority Interest": NaN,
        "Reconciled Depreciation": NaN,
        "Reconciled Cost Of Revenue": NaN,
        "EBITDA": NaN,
        "EBIT": NaN,
        "Net Interest Income": NaN,
        "Interest Expense": NaN,
        "Normalized Income": NaN,
        "Net Income From Continuing And Discontinued Operation": NaN,
        "Total Expenses": NaN,
        "Total Operating Income As Reported": NaN,
        "Diluted Average Shares": NaN,
        "Basic Average Shares": NaN,
        "Diluted EPS": NaN,
        "Basic EPS": NaN,
        "Diluted NI Availto Com Stockholders": NaN,
        "Net Income Common Stockholders": NaN,
        "Net Income": NaN,
        "Net Income Including Noncontrolling Interests": NaN,
        "Net Income Discontinuous Operations": NaN,
        "Net Income Continuous Operations": NaN,
        "Tax Provision": NaN,
        "Pretax Income": NaN,
        "Other Income Expense": NaN,
        "Other Non Operating Income Expenses": NaN,
        "Special Income Charges": NaN,
        "Other Special Charges": -400000.0,
        "Write Off": 0.0,
        "Restructuring And Mergern Acquisition": NaN,
        "Net Non Operating Interest Income Expense": NaN,
        "Interest Expense Non Operating": NaN,
        "Operating Income": NaN,
        "Operating Expense": NaN,
        "Other Operating Expenses": -100000.0,
        "Research And Development": NaN,
        "Selling General And Administration": NaN,
        "Selling And Marketing Expense": NaN,
        "General And Administrative Expense": NaN,
        "Other Gand A": NaN,
        "Gross Profit": NaN,
        "Cost Of Revenue": NaN,
        "Total Revenue": NaN,
        "Operating Revenue": NaN
    },
    "2022-06-30": {
        "Tax Effect Of Unusual Items": -7520000.0,
        "Tax Rate For Calcs": 0.4,
        "Normalized EBITDA": 32300000.0,
        "Total Unusual Items": -18800000.0,
        "Total Unusual Items Excluding Goodwill": -18800000.0,
        "Net Income From Continuing Operation Net Minority Interest": -64900000.0,
        "Reconciled Depreciation": 83500000.0,
        "Reconciled Cost Of Revenue": 749600000.0,
        "EBITDA": 13500000.0,
        "EBIT": -70000000.0,
        "Net Interest Income": -38300000.0,
        "Interest Expense": 38300000.0,
        "Normalized Income": -53620000.0,
        "Net Income From Continuing And Discontinued Operation": -65100000.0,
        "Total Expenses": 1119100000.0,
        "Total Operating Income As Reported": -6900000.0,
        "Diluted Average Shares": 134600000.0,
        "Basic Average Shares": 134600000.0,
        "Diluted EPS": -0.48,
        "Basic EPS": -0.48,
        "Diluted NI Availto Com Stockholders": -65100000.0,
        "Net Income Common Stockholders": -65100000.0,
        "Net Income": -65100000.0,
        "Net Income Including Noncontrolling Interests": -65100000.0,
        "Net Income Discontinuous Operations": -200000.0,
        "Net Income Continuous Operations": -64900000.0,
        "Tax Provision": -43400000.0,
        "Pretax Income": -108300000.0,
        "Other Income Expense": -72600000.0,
        "Other Non Operating Income Expenses": -53800000.0,
        "Special Income Charges": -18800000.0,
        "Other Special Charges": 9300000.0,
        "Write Off": 0.0,
        "Restructuring And Mergern Acquisition": 9500000.0,
        "Net Non Operating Interest Income Expense": -38300000.0,
        "Interest Expense Non Operating": 38300000.0,
        "Operating Income": 2600000.0,
        "Operating Expense": 369500000.0,
        "Other Operating Expenses": -100000.0,
        "Research And Development": 31500000.0,
        "Selling General And Administration": 338100000.0,
        "Selling And Marketing Expense": 180300000.0,
        "General And Administrative Expense": 157800000.0,
        "Other Gand A": 157800000.0,
        "Gross Profit": 372100000.0,
        "Cost Of Revenue": 749600000.0,
        "Total Revenue": 1121700000.0,
        "Operating Revenue": 1121700000.0
    },
    "2022-03-31": {
        "Diluted EPS": -0.02,
        "Total Revenue": NaN,
        "Gross Profit": 338,
        "Operating Income": 22,
        "EBIT": 91,
        "Net Income": -2
    },
    "2021-12-31": {
        "Diluted EPS": 0.07,
        "Total Revenue": NaN,
        "Gross Profit": 362,
        "Operating Income": 47,
        "EBIT": 119,
        "Net Income": 10
    },
    "2021-09-30": {
        "Diluted EPS": -0.44,
        "Total Revenue": NaN,
        "Gross Profit": 336,
        "Operating Income": 438,
        "EBIT": 511,
        "Net Income": -59
    },
    "2021-06-30": {
        "Diluted EPS": -0.43,
        "Total Revenue": 981,
        "Gross Profit": 349,
        "Operating Income": -126,
        "EBIT": -52,
        "Net Income": -58
    },
    "2021-03-31": {
        "Diluted EPS": 0.28,
        "Total Revenue": NaN,
        "Gross Profit": 368,
        "Operating Income": 51,
        "EBIT": 141,
        "Net Income": 38
    },
    "2020-12-31": {
        "Diluted EPS": -1.28,
        "Total Revenue": NaN,
        "Gross Profit": 384,
        "Operating Income": 38,
        "EBIT": 137,
        "Net Income": -175
    },
    "2020-09-30": {
        "Diluted EPS": -1.12,
        "Total Revenue": NaN,
        "Gross Profit": 370,
        "Operating Income": 79,
        "EBIT": 175,
        "Net Income": -155
    },
    "2020-06-30": {
        "Diluted EPS": 0.44,
        "Total Revenue": 949,
        "Gross Profit": 347,
        "Operating Income": 63,
        "EBIT": 157,
        "Net Income": 61
    },
    "2020-03-31": {
        "Diluted EPS": 0.77,
        "Total Revenue": NaN,
        "Gross Profit": 394,
        "Operating Income": 86,
        "EBIT": 179,
        "Net Income": 106
    },
    "2019-12-31": {
        "Diluted EPS": -0.14,
        "Total Revenue": 355,
        "Gross Profit": 141,
        "Operating Income": -37,
        "EBIT": 65,
        "Net Income": -19
    },
    "2019-09-30": {
        "Diluted EPS": 0.67,
        "Total Revenue": NaN,
        "Gross Profit": 413,
        "Operating Income": 54,
        "EBIT": 156,
        "Net Income": 92
    },
    "2019-06-30": {
        "Diluted EPS": 0.07,
        "Total Revenue": NaN,
        "Gross Profit": 431,
        "Operating Income": 55,
        "EBIT": 149,
        "Net Income": 9
    },
    "2019-03-31": {
        "Diluted EPS": 0.47,
        "Total Revenue": NaN,
        "Gross Profit": 449,
        "Operating Income": 102,
        "EBIT": 197,
        "Net Income": 64
    },
    "2018-12-31": {
        "Diluted EPS": 0.61,
        "Total Revenue": NaN,
        "Gross Profit": 443,
        "Operating Income": 108,
        "EBIT": 205,
        "Net Income": 82
    },
    "2018-09-30": {
        "Diluted EPS": -0.49,
        "Total Revenue": NaN,
        "Gross Profit": 425,
        "Operating Income": -122,
        "EBIT": -18,
        "Net Income": -68
    },
    "2018-06-30": {
        "Diluted EPS": 0.26,
        "Total Revenue": NaN,
        "Gross Profit": 471,
        "Operating Income": 95,
        "EBIT": 201,
        "Net Income": 36
    },
    "2018-03-31": {
        "Diluted EPS": 0.57,
        "Total Revenue": NaN,
        "Gross Profit": 493,
        "Operating Income": 156,
        "EBIT": 264,
        "Net Income": 81
    },
    "2017-12-31": {
        "Diluted EPS": 0.52,
        "Total Revenue": NaN,
        "Gross Profit": 513,
        "Operating Income": 159,
        "EBIT": 266,
        "Net Income": 73
    },
    "2017-09-30": {
        "Diluted EPS": 0.31,
        "Total Revenue": NaN,
        "Gross Profit": 498,
        "Operating Income": 162,
        "EBIT": 268,
        "Net Income": 45
    },
    "2017-06-30": {
        "Diluted EPS": -0.49,
        "Total Revenue": NaN,
        "Gross Profit": 505,
        "Operating Income": 149,
        "EBIT": 255,
        "Net Income": -70
    },
    "2017-03-31": {
        "Diluted EPS": 0.5,
        "Total Revenue": NaN,
        "Gross Profit": 464,
        "Operating Income": 129,
        "EBIT": 232,
        "Net Income": 72
    },
    "2016-12-31": {
        "Diluted EPS": -9.48,
        "Total Revenue": NaN,
        "Gross Profit": 488,
        "Operating Income": -485,
        "EBIT": -366,
        "Net Income": NaN
    },
    "2016-09-30": {
        "Diluted EPS": -11.1,
        "Total Revenue": NaN,
        "Gross Profit": 485,
        "Operating Income": NaN,
        "EBIT": NaN,
        "Net Income": NaN
    },
    "2016-06-30": {
        "Diluted EPS": -3.73,
        "Total Revenue": NaN,
        "Gross Profit": 547,
        "Operating Income": 185,
        "EBIT": 289,
        "Net Income": -534
    },
    "2016-03-31": {
        "Diluted EPS": -3.7,
        "Total Revenue": NaN,
        "Gross Profit": 533,
        "Operating Income": -232,
        "EBIT": -129,
        "Net Income": -529
    },
    "2015-12-31": {
        "Diluted EPS": -1.18,
        "Total Revenue": NaN,
        "Gross Profit": -427,
        "Operating Income": -490,
        "EBIT": -563,
        "Net Income": -174
    },
    "2015-09-30": {
        "Diluted EPS": 1.78,
        "Total Revenue": NaN,
        "Gross Profit": 535,
        "Operating Income": 175,
        "EBIT": 272,
        "Net Income": 261
    },
    "2015-06-30": {
        "Diluted EPS": -0.15,
        "Total Revenue": NaN,
        "Gross Profit": 601,
        "Operating Income": 192,
        "EBIT": 120,
        "Net Income": -22
    },
    "2015-03-31": {
        "Diluted EPS": -0.16,
        "Total Revenue": 967,
        "Gross Profit": 369,
        "Operating Income": 190,
        "EBIT": 247,
        "Net Income": -22
    },
    "2014-12-31": {
        "Diluted EPS": 0.51,
        "Total Revenue": NaN,
        "Gross Profit": 384,
        "Operating Income": NaN,
        "EBIT": NaN,
        "Net Income": 70
    },
    "2014-09-30": {
        "Diluted EPS": 0.72,
        "Total Revenue": 952,
        "Gross Profit": 322,
        "Operating Income": 137,
        "EBIT": 137,
        "Net Income": 96
    },
    "2014-06-30": {
        "Diluted EPS": 0.0,
        "Total Revenue": NaN,
        "Gross Profit": NaN,
        "Operating Income": NaN,
        "EBIT": NaN,
        "Net Income": NaN
    },
    "2014-03-31": {
        "Diluted EPS": 0.36,
        "Total Revenue": NaN,
        "Gross Profit": 315,
        "Operating Income": 103,
        "EBIT": 341,
        "Net Income": 48
    },
    "2013-12-31": {
        "Diluted EPS": -0.87,
        "Total Revenue": 979,
        "Gross Profit": 361,
        "Operating Income": 979,
        "EBIT": NaN,
        "Net Income": -86
    },
    "2013-09-30": {
        "Diluted EPS": 1.18,
        "Total Revenue": 933,
        "Gross Profit": 356,
        "Operating Income": 180,
        "EBIT": 180,
        "Net Income": 111
    },
    "2013-06-30": {
        "Diluted EPS": 0.0,
        "Total Revenue": NaN,
        "Gross Profit": NaN,
        "Operating Income": NaN,
        "EBIT": NaN,
        "Net Income": NaN
    },
    "2013-03-31": {
        "Diluted EPS": 1.18,
        "Total Revenue": 920,
        "Gross Profit": 331,
        "Operating Income": 179,
        "EBIT": 291,
        "Net Income": 112
    },
    "2012-12-31": {
        "Diluted EPS": 1.12,
        "Total Revenue": 883,
        "Gross Profit": 307,
        "Operating Income": 883,
        "EBIT": 920,
        "Net Income": 106
    },
    "2012-09-30": {
        "Diluted EPS": 1.12,
        "Total Revenue": 770,
        "Gross Profit": 285,
        "Operating Income": 157,
        "EBIT": 157,
        "Net Income": 106
    },
    "2012-06-30": {
        "Diluted EPS": 0.0,
        "Total Revenue": NaN,
        "Gross Profit": NaN,
        "Operating Income": NaN,
        "EBIT": NaN,
        "Net Income": NaN
    },
    "2012-03-31": {
        "Diluted EPS": 1.23,
        "Total Revenue": 778,
        "Gross Profit": 279,
        "Operating Income": 146,
        "EBIT": 248,
        "Net Income": 116
    },
    "2011-12-31": {
        "Diluted EPS": 1.06,
        "Total Revenue": 838,
        "Gross Profit": 295,
        "Operating Income": 838,
        "EBIT": 871,
        "Net Income": 100
    },
    "2011-09-30": {
        "Diluted EPS": 0.75,
        "Total Revenue": 725,
        "Gross Profit": 228,
        "Operating Income": 102,
        "EBIT": 102,
        "Net Income": 70
    },
    "2011-06-30": {
        "Diluted EPS": 0.0,
        "Total Revenue": NaN,
        "Gross Profit": NaN,
        "Operating Income": NaN,
        "EBIT": NaN,
        "Net Income": NaN
    },
    "2011-03-31": {
        "Diluted EPS": 0.95,
        "Total Revenue": 692,
        "Gross Profit": 239,
        "Operating Income": 123,
        "EBIT": 199,
        "Net Income": 89
    },
    "2010-12-31": {
        "Diluted EPS": 0.97,
        "Total Revenue": 718,
        "Gross Profit": 250,
        "Operating Income": 718,
        "EBIT": 744,
        "Net Income": 90
    },
    "2010-09-30": {
        "Diluted EPS": 0.8,
        "Total Revenue": 641,
        "Gross Profit": 214,
        "Operating Income": 112,
        "EBIT": 112,
        "Net Income": 74
    },
    "2010-06-30": {
        "Diluted EPS": 0.0,
        "Total Revenue": NaN,
        "Gross Profit": NaN,
        "Operating Income": NaN,
        "EBIT": NaN,
        "Net Income": NaN
    },
    "2010-03-31": {
        "Diluted EPS": 0.67,
        "Total Revenue": 538,
        "Gross Profit": 187,
        "Operating Income": 89,
        "EBIT": 141,
        "Net Income": 62
    },
    "2009-12-31": {
        "Diluted EPS": 0.65,
        "Total Revenue": 582,
        "Gross Profit": 198,
        "Operating Income": 582,
        "EBIT": 600,
        "Net Income": 61
    },
    "2009-09-30": {
        "Diluted EPS": 0.56,
        "Total Revenue": 528,
        "Gross Profit": 163,
        "Operating Income": 86,
        "EBIT": 86,
        "Net Income": 52
    },
    "2009-06-30": {
        "Diluted EPS": 0.0,
        "Total Revenue": NaN,
        "Gross Profit": NaN,
        "Operating Income": NaN,
        "EBIT": NaN,
        "Net Income": NaN
    },
    "2009-03-31": {
        "Diluted EPS": 0.49,
        "Total Revenue": 506,
        "Gross Profit": 150,
        "Operating Income": 72,
        "EBIT": 123,
        "Net Income": 46
    },
    "2023-06-30": {
        "Tax Effect Of Unusual Items": -1407000.0,
        "Tax Rate For Calcs": 0.21,
        "Normalized EBITDA": 167100000.0,
        "Total Unusual Items": -6700000.0,
        "Total Unusual Items Excluding Goodwill": -6700000.0,
        "Net Income From Continuing Operation Net Minority Interest": 8900000.0,
        "Reconciled Depreciation": 93900000.0,
        "Reconciled Cost Of Revenue": 765100000.0,
        "EBITDA": 160400000.0,
        "EBIT": 66500000.0,
        "Net Interest Income": -44000000.0,
        "Interest Expense": 44000000.0,
        "Normalized Income": 14193000.0,
        "Net Income From Continuing And Discontinued Operation": 8400000.0,
        "Total Expenses": 1129600000.0,
        "Total Operating Income As Reported": 56800000.0,
        "Diluted Average Shares": 136600000.0,
        "Basic Average Shares": 135300000.0,
        "Diluted EPS": 0.06,
        "Basic EPS": 0.06,
        "Diluted NI Availto Com Stockholders": 8400000.0,
        "Net Income Common Stockholders": 8400000.0,
        "Net Income": 8400000.0,
        "Net Income Including Noncontrolling Interests": 8400000.0,
        "Net Income Discontinuous Operations": -500000.0,
        "Net Income Continuous Operations": 8900000.0,
        "Tax Provision": 13600000.0,
        "Pretax Income": 22500000.0,
        "Other Income Expense": 3000000.0,
        "Other Non Operating Income Expenses": 9700000.0,
        "Special Income Charges": -6700000.0,
        "Other Special Charges": NaN,
        "Write Off": NaN,
        "Restructuring And Mergern Acquisition": 6700000.0,
        "Net Non Operating Interest Income Expense": -44000000.0,
        "Interest Expense Non Operating": 44000000.0,
        "Operating Income": 63500000.0,
        "Operating Expense": 364500000.0,
        "Other Operating Expenses": NaN,
        "Research And Development": 32200000.0,
        "Selling General And Administration": 332300000.0,
        "Selling And Marketing Expense": 199700000.0,
        "General And Administrative Expense": 132600000.0,
        "Other Gand A": 132600000.0,
        "Gross Profit": 428000000.0,
        "Cost Of Revenue": 765100000.0,
        "Total Revenue": 1193100000.0,
        "Operating Revenue": 1193100000.0
    },
    "2023-09-30": {
        "Tax Effect Of Unusual Items": -3053500.0,
        "Tax Rate For Calcs": 0.197,
        "Normalized EBITDA": 169200000.0,
        "Total Unusual Items": -15500000.0,
        "Total Unusual Items Excluding Goodwill": -15500000.0,
        "Net Income From Continuing Operation Net Minority Interest": 15400000.0,
        "Reconciled Depreciation": 91000000.0,
        "Reconciled Cost Of Revenue": 712600000.0,
        "EBITDA": 153700000.0,
        "EBIT": 62700000.0,
        "Net Interest Income": -43500000.0,
        "Interest Expense": 43500000.0,
        "Normalized Income": 27846500.0,
        "Net Income From Continuing And Discontinued Operation": 14200000.0,
        "Total Expenses": 1046200000.0,
        "Total Operating Income As Reported": 62100000.0,
        "Diluted Average Shares": 136900000.0,
        "Basic Average Shares": 135500000.0,
        "Diluted EPS": 0.1,
        "Basic EPS": 0.1,
        "Diluted NI Availto Com Stockholders": 14200000.0,
        "Net Income Common Stockholders": 14200000.0,
        "Net Income": 14200000.0,
        "Net Income Including Noncontrolling Interests": 14200000.0,
        "Net Income Discontinuous Operations": -1200000.0,
        "Net Income Continuous Operations": 15400000.0,
        "Tax Provision": 3800000.0,
        "Pretax Income": 19200000.0,
        "Other Income Expense": -14900000.0,
        "Other Non Operating Income Expenses": 600000.0,
        "Special Income Charges": -15500000.0,
        "Other Special Charges": NaN,
        "Write Off": NaN,
        "Restructuring And Mergern Acquisition": 15500000.0,
        "Net Non Operating Interest Income Expense": -43500000.0,
        "Interest Expense Non Operating": 43500000.0,
        "Operating Income": 77600000.0,
        "Operating Expense": 333600000.0,
        "Other Operating Expenses": NaN,
        "Research And Development": 29600000.0,
        "Selling General And Administration": 304000000.0,
        "Selling And Marketing Expense": 178000000.0,
        "General And Administrative Expense": 126000000.0,
        "Other Gand A": 126000000.0,
        "Gross Profit": 411200000.0,
        "Cost Of Revenue": 712600000.0,
        "Total Revenue": 1123800000.0,
        "Operating Revenue": 1123800000.0
    },
    "2023-12-31": {
        "Tax Effect Of Unusual Items": -21693000.0,
        "Tax Rate For Calcs": 0.21,
        "Normalized EBITDA": 177600000.0,
        "Total Unusual Items": -103300000.0,
        "Total Unusual Items Excluding Goodwill": -103300000.0,
        "Net Income From Continuing Operation Net Minority Interest": -27700000.0,
        "Reconciled Depreciation": 85900000.0,
        "Reconciled Cost Of Revenue": 729600000.0,
        "EBITDA": 74300000.0,
        "EBIT": -11600000.0,
        "Net Interest Income": -42700000.0,
        "Interest Expense": 42700000.0,
        "Normalized Income": 53907000.0,
        "Net Income From Continuing And Discontinued Operation": -32300000.0,
        "Total Expenses": 1066000000.0,
        "Total Operating Income As Reported": -15600000.0,
        "Diluted Average Shares": 135500000.0,
        "Basic Average Shares": 135500000.0,
        "Diluted EPS": -0.24,
        "Basic EPS": -0.24,
        "Diluted NI Availto Com Stockholders": -32300000.0,
        "Net Income Common Stockholders": -32300000.0,
        "Net Income": -32300000.0,
        "Net Income Including Noncontrolling Interests": -32300000.0,
        "Net Income Discontinuous Operations": -4600000.0,
        "Net Income Continuous Operations": -27700000.0,
        "Tax Provision": -26600000.0,
        "Pretax Income": -54300000.0,
        "Other Income Expense": -102500000.0,
        "Other Non Operating Income Expenses": 800000.0,
        "Special Income Charges": -103300000.0,
        "Other Special Charges": NaN,
        "Write Off": NaN,
        "Restructuring And Mergern Acquisition": 16500000.0,
        "Net Non Operating Interest Income Expense": -42700000.0,
        "Interest Expense Non Operating": 42700000.0,
        "Operating Income": 90900000.0,
        "Operating Expense": 336400000.0,
        "Other Operating Expenses": 0.0,
        "Research And Development": 29600000.0,
        "Selling General And Administration": 306800000.0,
        "Selling And Marketing Expense": 178100000.0,
        "General And Administrative Expense": 128700000.0,
        "Other Gand A": 128700000.0,
        "Gross Profit": 427300000.0,
        "Cost Of Revenue": 729600000.0,
        "Total Revenue": 1156900000.0,
        "Operating Revenue": 1156900000.0
    },
    "2024-03-31": {
        "Tax Effect Of Unusual Items": -17720000.0,
        "Tax Rate For Calcs": 0.4,
        "Normalized EBITDA": 70100000.0,
        "Total Unusual Items": -44300000.0,
        "Total Unusual Items Excluding Goodwill": -44300000.0,
        "Net Income From Continuing Operation Net Minority Interest": 4100000.0,
        "Reconciled Depreciation": 81400000.0,
        "Reconciled Cost Of Revenue": 724400000.0,
        "EBITDA": 25800000.0,
        "EBIT": -55600000.0,
        "Net Interest Income": -43000000.0,
        "Interest Expense": 43000000.0,
        "Normalized Income": 30680000.0,
        "Net Income From Continuing And Discontinued Operation": 2000000.0,
        "Total Expenses": 1093000000.0,
        "Total Operating Income As Reported": -55200000.0,
        "Diluted Average Shares": 137600000.0,
        "Basic Average Shares": 136600000.0,
        "Diluted EPS": 0.01,
        "Basic EPS": 0.01,
        "Diluted NI Availto Com Stockholders": 2000000.0,
        "Net Income Common Stockholders": 2000000.0,
        "Net Income": 2000000.0,
        "Net Income Including Noncontrolling Interests": 2000000.0,
        "Net Income Discontinuous Operations": -2100000.0,
        "Net Income Continuous Operations": 4100000.0,
        "Tax Provision": -102700000.0,
        "Pretax Income": -98600000.0,
        "Other Income Expense": -44700000.0,
        "Other Non Operating Income Expenses": -400000.0,
        "Special Income Charges": -44300000.0,
        "Other Special Charges": NaN,
        "Write Off": NaN,
        "Restructuring And Mergern Acquisition": 44300000.0,
        "Net Non Operating Interest Income Expense": -43000000.0,
        "Interest Expense Non Operating": 43000000.0,
        "Operating Income": -10900000.0,
        "Operating Expense": 368600000.0,
        "Other Operating Expenses": 34000000.0,
        "Research And Development": 29000000.0,
        "Selling General And Administration": 305600000.0,
        "Selling And Marketing Expense": 175200000.0,
        "General And Administrative Expense": 130400000.0,
        "Other Gand A": 130400000.0,
        "Gross Profit": 357700000.0,
        "Cost Of Revenue": 724400000.0,
        "Total Revenue": 1082100000.0,
        "Operating Revenue": 1082100000.0
    },
    "2024-06-30": {
        "Tax Effect Of Unusual Items": -14910000.0,
        "Tax Rate For Calcs": 0.21,
        "Normalized EBITDA": 123000000.0,
        "Total Unusual Items": -71000000.0,
        "Total Unusual Items Excluding Goodwill": -71000000.0,
        "Net Income From Continuing Operation Net Minority Interest": -105700000.0,
        "Reconciled Depreciation": 81900000.0,
        "Reconciled Cost Of Revenue": 670800000.0,
        "EBITDA": 52000000.0,
        "EBIT": -29900000.0,
        "Net Interest Income": -44100000.0,
        "Interest Expense": 44100000.0,
        "Normalized Income": -49610000.0,
        "Net Income From Continuing And Discontinued Operation": -108400000.0,
        "Total Expenses": 1021000000.0,
        "Total Operating Income As Reported": -26500000.0,
        "Diluted Average Shares": NaN,
        "Basic Average Shares": NaN,
        "Diluted EPS": NaN,
        "Basic EPS": NaN,
        "Diluted NI Availto Com Stockholders": -108400000.0,
        "Net Income Common Stockholders": -108400000.0,
        "Net Income": -108400000.0,
        "Net Income Including Noncontrolling Interests": -108400000.0,
        "Net Income Discontinuous Operations": -2700000.0,
        "Net Income Continuous Operations": -105700000.0,
        "Tax Provision": 31700000.0,
        "Pretax Income": -74000000.0,
        "Other Income Expense": -74400000.0,
        "Other Non Operating Income Expenses": -3400000.0,
        "Special Income Charges": -71000000.0,
        "Other Special Charges": NaN,
        "Write Off": 34100000.0,
        "Restructuring And Mergern Acquisition": 36900000.0,
        "Net Non Operating Interest Income Expense": -44100000.0,
        "Interest Expense Non Operating": 44100000.0,
        "Operating Income": 44500000.0,
        "Operating Expense": 350200000.0,
        "Other Operating Expenses": 20000000.0,
        "Research And Development": 29400000.0,
        "Selling General And Administration": 300800000.0,
        "Selling And Marketing Expense": 174700000.0,
        "General And Administrative Expense": 126100000.0,
        "Other Gand A": 126100000.0,
        "Gross Profit": 394700000.0,
        "Cost Of Revenue": 670800000.0,
        "Total Revenue": 1065500000.0,
        "Operating Revenue": 1065500000.0
    }
}