{
    "2023-05-31": {
        "Tax Effect Of Unusual Items": -1353200.0,
        "Tax Rate For Calcs": 0.17,
        "Normalized EBITDA": 57944000.0,
        "Total Unusual Items": -7960000.0,
        "Total Unusual Items Excluding Goodwill": -7960000.0,
        "Net Income From Continuing Operation Net Minority Interest": 12090000.0,
        "Reconciled Depreciation": 26861000.0,
        "Reconciled Cost Of Revenue": 24463000.0,
        "EBITDA": 49984000.0,
        "EBIT": 23123000.0,
        "Net Interest Income": -7922000.0,
        "Interest Expense": 8514000.0,
        "Interest Income": 592000.0,
        "Normalized Income": 18696800.0,
        "Net Income From Continuing And Discontinued Operation": 12090000.0,
        "Total Expenses": 147760000.0,
        "Total Operating Income As Reported": 23027000.0,
        "Diluted Average Shares": 44470000.0,
        "Basic Average Shares": 43343000.0,
        "Diluted EPS": 0.27,
        "Basic EPS": 0.28,
        "Diluted NI Availto Com Stockholders": 12090000.0,
        "Net Income Common Stockholders": 12090000.0,
        "Net Income": 12090000.0,
        "Net Income Including Noncontrolling Interests": 12090000.0,
        "Net Income Continuous Operations": 12090000.0,
        "Tax Provision": 2519000.0,
        "Pretax Income": 14609000.0,
        "Other Income Expense": -7960000.0,
        "Special Income Charges": -7464000.0,
        "Gain On Sale Of Ppe": 0.0,
        "Other Special Charges": 1483000.0,
        "Restructuring And Mergern Acquisition": 5981000.0,
        "Gain On Sale Of Security": -496000.0,
        "Net Non Operating Interest Income Expense": -7922000.0,
        "Interest Expense Non Operating": 8514000.0,
        "Interest Income Non Operating": 592000.0,
        "Operating Income": 30491000.0,
        "Operating Expense": 113982000.0,
        "Other Operating Expenses": 1483000.0,
        "Depreciation Amortization Depletion Income Statement": 17546000.0,
        "Depreciation And Amortization In Income Statement": 17546000.0,
        "Amortization": 17546000.0,
        "Amortization Of Intangibles Income Statement": 17546000.0,
        "Research And Development": 34820000.0,
        "Selling General And Administration": 61616000.0,
        "Selling And Marketing Expense": 5818000.0,
        "General And Administrative Expense": 55798000.0,
        "Other Gand A": 4327000.0,
        "Salaries And Wages": 51471000.0,
        "Gross Profit": 144473000.0,
        "Cost Of Revenue": 33778000.0,
        "Total Revenue": 178251000.0,
        "Operating Revenue": 178251000.0
    },
    "2023-02-28": {
        "Tax Effect Of Unusual Items": NaN,
        "Tax Rate For Calcs": NaN,
        "Normalized EBITDA": NaN,
        "Total Unusual Items": NaN,
        "Total Unusual Items Excluding Goodwill": NaN,
        "Net Income From Continuing Operation Net Minority Interest": NaN,
        "Reconciled Depreciation": NaN,
        "Reconciled Cost Of Revenue": NaN,
        "EBITDA": NaN,
        "EBIT": NaN,
        "Net Interest Income": NaN,
        "Interest Expense": NaN,
        "Interest Income": NaN,
        "Normalized Income": NaN,
        "Net Income From Continuing And Discontinued Operation": NaN,
        "Total Expenses": NaN,
        "Total Operating Income As Reported": NaN,
        "Diluted Average Shares": NaN,
        "Basic Average Shares": NaN,
        "Diluted EPS": NaN,
        "Basic EPS": NaN,
        "Diluted NI Availto Com Stockholders": NaN,
        "Net Income Common Stockholders": NaN,
        "Net Income": NaN,
        "Net Income Including Noncontrolling Interests": NaN,
        "Net Income Continuous Operations": NaN,
        "Tax Provision": NaN,
        "Pretax Income": NaN,
        "Other Income Expense": NaN,
        "Special Income Charges": NaN,
        "Gain On Sale Of Ppe": NaN,
        "Other Special Charges": NaN,
        "Restructuring And Mergern Acquisition": NaN,
        "Gain On Sale Of Security": NaN,
        "Net Non Operating Interest Income Expense": NaN,
        "Interest Expense Non Operating": NaN,
        "Interest Income Non Operating": NaN,
        "Operating Income": NaN,
        "Operating Expense": NaN,
        "Other Operating Expenses": 2692000.0,
        "Depreciation Amortization Depletion Income Statement": NaN,
        "Depreciation And Amortization In Income Statement": NaN,
        "Amortization": NaN,
        "Amortization Of Intangibles Income Statement": NaN,
        "Research And Development": NaN,
        "Selling General And Administration": NaN,
        "Selling And Marketing Expense": NaN,
        "General And Administrative Expense": NaN,
        "Other Gand A": NaN,
        "Salaries And Wages": NaN,
        "Gross Profit": NaN,
        "Cost Of Revenue": NaN,
        "Total Revenue": NaN,
        "Operating Revenue": NaN
    },
    "2022-11-30": {
        "Tax Effect Of Unusual Items": NaN,
        "Tax Rate For Calcs": NaN,
        "Normalized EBITDA": NaN,
        "Total Unusual Items": NaN,
        "Total Unusual Items Excluding Goodwill": NaN,
        "Net Income From Continuing Operation Net Minority Interest": NaN,
        "Reconciled Depreciation": NaN,
        "Reconciled Cost Of Revenue": NaN,
        "EBITDA": NaN,
        "EBIT": NaN,
        "Net Interest Income": NaN,
        "Interest Expense": NaN,
        "Interest Income": NaN,
        "Normalized Income": NaN,
        "Net Income From Continuing And Discontinued Operation": NaN,
        "Total Expenses": NaN,
        "Total Operating Income As Reported": NaN,
        "Diluted Average Shares": NaN,
        "Basic Average Shares": NaN,
        "Diluted EPS": NaN,
        "Basic EPS": NaN,
        "Diluted NI Availto Com Stockholders": NaN,
        "Net Income Common Stockholders": NaN,
        "Net Income": NaN,
        "Net Income Including Noncontrolling Interests": NaN,
        "Net Income Continuous Operations": NaN,
        "Tax Provision": NaN,
        "Pretax Income": NaN,
        "Other Income Expense": NaN,
        "Special Income Charges": NaN,
        "Gain On Sale Of Ppe": 0.0,
        "Other Special Charges": NaN,
        "Restructuring And Mergern Acquisition": NaN,
        "Gain On Sale Of Security": NaN,
        "Net Non Operating Interest Income Expense": NaN,
        "Interest Expense Non Operating": NaN,
        "Interest Income Non Operating": NaN,
        "Operating Income": NaN,
        "Operating Expense": NaN,
        "Other Operating Expenses": NaN,
        "Depreciation Amortization Depletion Income Statement": NaN,
        "Depreciation And Amortization In Income Statement": NaN,
        "Amortization": NaN,
        "Amortization Of Intangibles Income Statement": NaN,
        "Research And Development": NaN,
        "Selling General And Administration": NaN,
        "Selling And Marketing Expense": NaN,
        "General And Administrative Expense": NaN,
        "Other Gand A": NaN,
        "Salaries And Wages": NaN,
        "Gross Profit": NaN,
        "Cost Of Revenue": NaN,
        "Total Revenue": NaN,
        "Operating Revenue": NaN
    },
    "2022-08-31": {
        "Tax Effect Of Unusual Items": NaN,
        "Tax Rate For Calcs": NaN,
        "Normalized EBITDA": NaN,
        "Total Unusual Items": NaN,
        "Total Unusual Items Excluding Goodwill": NaN,
        "Net Income From Continuing Operation Net Minority Interest": NaN,
        "Reconciled Depreciation": NaN,
        "Reconciled Cost Of Revenue": NaN,
        "EBITDA": NaN,
        "EBIT": NaN,
        "Net Interest Income": NaN,
        "Interest Expense": NaN,
        "Interest Income": NaN,
        "Normalized Income": NaN,
        "Net Income From Continuing And Discontinued Operation": NaN,
        "Total Expenses": NaN,
        "Total Operating Income As Reported": NaN,
        "Diluted Average Shares": NaN,
        "Basic Average Shares": NaN,
        "Diluted EPS": NaN,
        "Basic EPS": NaN,
        "Diluted NI Availto Com Stockholders": NaN,
        "Net Income Common Stockholders": NaN,
        "Net Income": NaN,
        "Net Income Including Noncontrolling Interests": NaN,
        "Net Income Continuous Operations": NaN,
        "Tax Provision": NaN,
        "Pretax Income": NaN,
        "Other Income Expense": NaN,
        "Special Income Charges": NaN,
        "Gain On Sale Of Ppe": 0.0,
        "Other Special Charges": NaN,
        "Restructuring And Mergern Acquisition": NaN,
        "Gain On Sale Of Security": NaN,
        "Net Non Operating Interest Income Expense": NaN,
        "Interest Expense Non Operating": NaN,
        "Interest Income Non Operating": NaN,
        "Operating Income": NaN,
        "Operating Expense": NaN,
        "Other Operating Expenses": NaN,
        "Depreciation Amortization Depletion Income Statement": NaN,
        "Depreciation And Amortization In Income Statement": NaN,
        "Amortization": NaN,
        "Amortization Of Intangibles Income Statement": NaN,
        "Research And Development": NaN,
        "Selling General And Administration": NaN,
        "Selling And Marketing Expense": NaN,
        "General And Administrative Expense": NaN,
        "Other Gand A": NaN,
        "Salaries And Wages": NaN,
        "Gross Profit": NaN,
        "Cost Of Revenue": NaN,
        "Total Revenue": NaN,
        "Operating Revenue": NaN
    },
    "2022-05-31": {
        "Tax Effect Of Unusual Items": 1656585.289727,
        "Tax Rate For Calcs": 0.209934,
        "Normalized EBITDA": 43832000.0,
        "Total Unusual Items": 7891000.0,
        "Total Unusual Items Excluding Goodwill": 7891000.0,
        "Net Income From Continuing Operation Net Minority Interest": 29110000.0,
        "Reconciled Depreciation": 19379000.0,
        "Reconciled Cost Of Revenue": 16470000.0,
        "EBIT": 32344000.0,
        "Net Interest Income": -3501000.0,
        "Interest Expense": 3656000.0,
        "Interest Income": 155000.0,
        "Normalized Income": 22875585.289727,
        "Net Income From Continuing And Discontinued Operation": 29110000.0,
        "Total Expenses": 116403000.0,
        "Total Operating Income As Reported": 40235000.0,
        "Diluted Average Shares": 44253000.0,
        "Basic Average Shares": 43575000.0,
        "Diluted EPS": 0.66,
        "Basic EPS": 0.67,
        "Diluted NI Availto Com Stockholders": 29110000.0,
        "Net Income Common Stockholders": 29110000.0,
        "Net Income": 29110000.0,
        "Net Income Including Noncontrolling Interests": 29110000.0,
        "Net Income Continuous Operations": 29110000.0,
        "Tax Provision": 7735000.0,
        "Pretax Income": 36845000.0,
        "Other Income Expense": 4501000.0,
        "Other Non Operating Income Expenses": -3390000.0,
        "Special Income Charges": 7891000.0,
        "Gain On Sale Of Ppe": 10770000.0,
        "Other Special Charges": NaN,
        "Restructuring And Mergern Acquisition": 2879000.0,
        "Gain On Sale Of Security": 111000.0,
        "Net Non Operating Interest Income Expense": -3501000.0,
        "Interest Expense Non Operating": 3656000.0,
        "Interest Income Non Operating": 155000.0,
        "Operating Income": 32344000.0,
        "Operating Expense": 92446000.0,
        "Other Operating Expenses": NaN,
        "Depreciation Amortization Depletion Income Statement": 11892000.0,
        "Depreciation And Amortization In Income Statement": 11892000.0,
        "Amortization": 11892000.0,
        "Amortization Of Intangibles Income Statement": 11892000.0,
        "Research And Development": 28643000.0,
        "Selling General And Administration": 51911000.0,
        "Selling And Marketing Expense": 32704000.0,
        "General And Administrative Expense": 19207000.0,
        "Other Gand A": 19207000.0,
        "Salaries And Wages": 15751000.0,
        "Gross Profit": 124790000.0,
        "Cost Of Revenue": 23957000.0,
        "Total Revenue": 148747000.0,
        "Operating Revenue": 148747000.0
    },
    "2022-02-28": {
        "Diluted EPS": 0.46,
        "Total Revenue": 145,
        "Gross Profit": 122,
        "Operating Income": 29,
        "EBIT": 49,
        "Net Income": 20
    },
    "2021-11-30": {
        "Diluted EPS": 0.34,
        "Total Revenue": 140,
        "Gross Profit": 119,
        "Operating Income": 20,
        "EBIT": 38,
        "Net Income": 15
    },
    "2021-08-31": {
        "Diluted EPS": 0.7,
        "Total Revenue": 147,
        "Gross Profit": 127,
        "Operating Income": 46,
        "EBIT": 62,
        "Net Income": 31
    },
    "2021-05-31": {
        "Diluted EPS": 0.3,
        "Total Revenue": 122,
        "Gross Profit": 103,
        "Operating Income": 22,
        "EBIT": 37,
        "Net Income": 14
    },
    "2021-02-28": {
        "Diluted EPS": 0.42,
        "Total Revenue": 121,
        "Gross Profit": 103,
        "Operating Income": 27,
        "EBIT": 39,
        "Net Income": 19
    },
    "2020-11-30": {
        "Diluted EPS": 0.4,
        "Total Revenue": 122,
        "Gross Profit": 104,
        "Operating Income": 19,
        "EBIT": 31,
        "Net Income": 18
    },
    "2020-08-31": {
        "Diluted EPS": 0.53,
        "Total Revenue": 110,
        "Gross Profit": 95,
        "Operating Income": 33,
        "EBIT": 41,
        "Net Income": 24
    },
    "2020-05-31": {
        "Diluted EPS": 0.37,
        "Total Revenue": 100,
        "Gross Profit": 86,
        "Operating Income": 25,
        "EBIT": 33,
        "Net Income": 17
    },
    "2020-02-29": {
        "Diluted EPS": 0.46,
        "Total Revenue": 110,
        "Gross Profit": 95,
        "Operating Income": 31,
        "EBIT": 38,
        "Net Income": 21
    },
    "2019-11-30": {
        "Diluted EPS": -0.11,
        "Total Revenue": 117,
        "Gross Profit": 96,
        "Operating Income": -6,
        "EBIT": 35,
        "Net Income": -5
    },
    "2019-08-31": {
        "Diluted EPS": 0.3,
        "Total Revenue": 107,
        "Gross Profit": 86,
        "Operating Income": 16,
        "EBIT": 33,
        "Net Income": 14
    },
    "2019-05-31": {
        "Diluted EPS": 0.18,
        "Total Revenue": 100,
        "Gross Profit": 82,
        "Operating Income": 15,
        "EBIT": 28,
        "Net Income": 8
    },
    "2019-02-28": {
        "Diluted EPS": 0.21,
        "Total Revenue": 90,
        "Gross Profit": 74,
        "Operating Income": 15,
        "EBIT": 26,
        "Net Income": 9
    },
    "2018-11-30": {
        "Diluted EPS": 0.19,
        "Total Revenue": 98,
        "Gross Profit": 81,
        "Operating Income": 11,
        "EBIT": 22,
        "Net Income": 9
    },
    "2018-08-31": {
        "Diluted EPS": 0.32,
        "Total Revenue": 93,
        "Gross Profit": 76,
        "Operating Income": 19,
        "EBIT": 30,
        "Net Income": 14
    },
    "2018-05-31": {
        "Diluted EPS": 0.28,
        "Total Revenue": 93,
        "Gross Profit": 76,
        "Operating Income": 19,
        "EBIT": 30,
        "Net Income": 13
    },
    "2018-02-28": {
        "Diluted EPS": 0.29,
        "Total Revenue": 95,
        "Gross Profit": 79,
        "Operating Income": 19,
        "EBIT": 30,
        "Net Income": 14
    },
    "2017-11-30": {
        "Diluted EPS": 0.17,
        "Total Revenue": 108,
        "Gross Profit": 90,
        "Operating Income": 16,
        "EBIT": 27,
        "Net Income": 8
    },
    "2017-08-31": {
        "Diluted EPS": 0.23,
        "Total Revenue": 97,
        "Gross Profit": 79,
        "Operating Income": 20,
        "EBIT": 32,
        "Net Income": 11
    },
    "2017-05-31": {
        "Diluted EPS": 0.21,
        "Total Revenue": 93,
        "Gross Profit": 76,
        "Operating Income": 20,
        "EBIT": 31,
        "Net Income": 10
    },
    "2017-02-28": {
        "Diluted EPS": -0.01,
        "Total Revenue": 91,
        "Gross Profit": 75,
        "Operating Income": 1,
        "EBIT": 11,
        "Net Income": -1
    },
    "2016-11-30": {
        "Diluted EPS": -1.48,
        "Total Revenue": 118,
        "Gross Profit": 101,
        "Operating Income": -62,
        "EBIT": 44,
        "Net Income": -74
    },
    "2016-08-31": {
        "Diluted EPS": 0.15,
        "Total Revenue": 102,
        "Gross Profit": 85,
        "Operating Income": 14,
        "EBIT": 23,
        "Net Income": 8
    },
    "2016-05-31": {
        "Diluted EPS": 0.14,
        "Total Revenue": 96,
        "Gross Profit": 80,
        "Operating Income": 12,
        "EBIT": 22,
        "Net Income": 7
    },
    "2016-02-29": {
        "Diluted EPS": 0.06,
        "Total Revenue": 89,
        "Gross Profit": 74,
        "Operating Income": 7,
        "EBIT": 17,
        "Net Income": 3
    },
    "2015-11-30": {
        "Diluted EPS": -0.18,
        "Total Revenue": 113,
        "Gross Profit": 97,
        "Operating Income": 20,
        "EBIT": 35,
        "Net Income": -9
    },
    "2015-08-31": {
        "Diluted EPS": -0.08,
        "Total Revenue": 95,
        "Gross Profit": 80,
        "Operating Income": 9,
        "EBIT": 19,
        "Net Income": -4
    },
    "2015-05-31": {
        "Diluted EPS": 0.11,
        "Total Revenue": 89,
        "Gross Profit": 73,
        "Operating Income": -3,
        "EBIT": 8,
        "Net Income": 6
    },
    "2015-02-28": {
        "Diluted EPS": -0.02,
        "Total Revenue": 81,
        "Gross Profit": 64,
        "Operating Income": -11,
        "EBIT": 0,
        "Net Income": -1
    },
    "2014-11-30": {
        "Diluted EPS": 0.28,
        "Total Revenue": 98,
        "Gross Profit": 87,
        "Operating Income": 27,
        "EBIT": 31,
        "Net Income": 14
    },
    "2014-08-31": {
        "Diluted EPS": 0.22,
        "Total Revenue": 79,
        "Gross Profit": 71,
        "Operating Income": 19,
        "EBIT": 23,
        "Net Income": 11
    },
    "2014-05-31": {
        "Diluted EPS": 0.25,
        "Total Revenue": 81,
        "Gross Profit": 73,
        "Operating Income": 20,
        "EBIT": 24,
        "Net Income": 13
    },
    "2014-02-28": {
        "Diluted EPS": 0.21,
        "Total Revenue": 75,
        "Gross Profit": 67,
        "Operating Income": 14,
        "EBIT": 17,
        "Net Income": 11
    },
    "2013-11-30": {
        "Diluted EPS": 0.29,
        "Total Revenue": 91,
        "Gross Profit": 83,
        "Operating Income": 24,
        "EBIT": 27,
        "Net Income": 15
    },
    "2013-08-31": {
        "Diluted EPS": 0.46,
        "Total Revenue": 78,
        "Gross Profit": 69,
        "Operating Income": 10,
        "EBIT": 14,
        "Net Income": 25
    },
    "2013-05-31": {
        "Diluted EPS": 0.07,
        "Total Revenue": 82,
        "Gross Profit": 73,
        "Operating Income": 14,
        "EBIT": 18,
        "Net Income": 4
    },
    "2013-02-28": {
        "Diluted EPS": 0.53,
        "Total Revenue": 84,
        "Gross Profit": 74,
        "Operating Income": 16,
        "EBIT": 19,
        "Net Income": 31
    },
    "2012-11-30": {
        "Diluted EPS": 0.56,
        "Total Revenue": 82,
        "Gross Profit": 74,
        "Operating Income": 24,
        "EBIT": 30,
        "Net Income": 36
    },
    "2012-08-31": {
        "Diluted EPS": 0.09,
        "Total Revenue": 74,
        "Gross Profit": 65,
        "Operating Income": 11,
        "EBIT": 20,
        "Net Income": 6
    },
    "2012-05-31": {
        "Diluted EPS": -0.03,
        "Total Revenue": 74,
        "Gross Profit": 66,
        "Operating Income": 13,
        "EBIT": 21,
        "Net Income": -2
    },
    "2012-02-29": {
        "Diluted EPS": 0.12,
        "Total Revenue": 87,
        "Gross Profit": 77,
        "Operating Income": 19,
        "EBIT": 28,
        "Net Income": 7
    },
    "2011-11-30": {
        "Diluted EPS": 0.19,
        "Total Revenue": 94,
        "Gross Profit": 83,
        "Operating Income": 28,
        "EBIT": 39,
        "Net Income": 12
    },
    "2011-08-31": {
        "Diluted EPS": 0.13,
        "Total Revenue": 125,
        "Gross Profit": 100,
        "Operating Income": 14,
        "EBIT": 22,
        "Net Income": 9
    },
    "2011-05-31": {
        "Diluted EPS": 0.26,
        "Total Revenue": 135,
        "Gross Profit": 109,
        "Operating Income": 27,
        "EBIT": 35,
        "Net Income": 18
    },
    "2011-02-28": {
        "Diluted EPS": 0.29,
        "Total Revenue": 134,
        "Gross Profit": 110,
        "Operating Income": 28,
        "EBIT": 37,
        "Net Income": 21
    },
    "2010-11-30": {
        "Diluted EPS": 0.31,
        "Total Revenue": 145,
        "Gross Profit": 120,
        "Operating Income": 33,
        "EBIT": 43,
        "Net Income": 21
    },
    "2010-08-31": {
        "Diluted EPS": 0.14,
        "Total Revenue": 129,
        "Gross Profit": 104,
        "Operating Income": 16,
        "EBIT": 27,
        "Net Income": 9
    },
    "2010-05-31": {
        "Diluted EPS": 0.29,
        "Total Revenue": 128,
        "Gross Profit": 102,
        "Operating Income": 23,
        "EBIT": 33,
        "Net Income": 19
    },
    "2010-02-28": {
        "Diluted EPS": -0.02,
        "Total Revenue": 128,
        "Gross Profit": 104,
        "Operating Income": -4,
        "EBIT": 6,
        "Net Income": -1
    },
    "2009-11-30": {
        "Diluted EPS": 0.27,
        "Total Revenue": 137,
        "Gross Profit": 113,
        "Operating Income": 26,
        "EBIT": 36,
        "Net Income": 17
    },
    "2009-08-31": {
        "Diluted EPS": 0.09,
        "Total Revenue": 119,
        "Gross Profit": 97,
        "Operating Income": 9,
        "EBIT": 20,
        "Net Income": 6
    },
    "2009-05-31": {
        "Diluted EPS": 0.11,
        "Total Revenue": 117,
        "Gross Profit": 94,
        "Operating Income": 12,
        "EBIT": 22,
        "Net Income": 7
    },
    "2009-02-28": {
        "Diluted EPS": 0.06,
        "Total Revenue": 121,
        "Gross Profit": 96,
        "Operating Income": 5,
        "EBIT": 14,
        "Net Income": 4
    },
    "2023-08-31": {
        "Tax Effect Of Unusual Items": -285120.0,
        "Tax Rate For Calcs": 0.09,
        "Normalized EBITDA": 59994000.0,
        "Total Unusual Items": -3168000.0,
        "Total Unusual Items Excluding Goodwill": -3168000.0,
        "Net Income From Continuing Operation Net Minority Interest": 19098000.0,
        "Reconciled Depreciation": 27342000.0,
        "Reconciled Cost Of Revenue": 23245000.0,
        "EBITDA": 56826000.0,
        "EBIT": 29484000.0,
        "Net Interest Income": -7744000.0,
        "Interest Expense": 8532000.0,
        "Interest Income": 788000.0,
        "Normalized Income": 21980880.0,
        "Net Income From Continuing And Discontinued Operation": 19098000.0,
        "Total Expenses": 143128000.0,
        "Total Operating Income As Reported": 29371000.0,
        "Diluted Average Shares": 44981000.0,
        "Basic Average Shares": 43452000.0,
        "Diluted EPS": 0.42,
        "Basic EPS": 0.44,
        "Diluted NI Availto Com Stockholders": 19098000.0,
        "Net Income Common Stockholders": 19098000.0,
        "Net Income": 19098000.0,
        "Net Income Including Noncontrolling Interests": 19098000.0,
        "Net Income Continuous Operations": 19098000.0,
        "Tax Provision": 1854000.0,
        "Pretax Income": 20952000.0,
        "Other Income Expense": -3168000.0,
        "Special Income Charges": -2493000.0,
        "Gain On Sale Of Ppe": 0.0,
        "Other Special Charges": 951000.0,
        "Restructuring And Mergern Acquisition": 1542000.0,
        "Gain On Sale Of Security": -675000.0,
        "Net Non Operating Interest Income Expense": -7744000.0,
        "Interest Expense Non Operating": 8532000.0,
        "Interest Income Non Operating": 788000.0,
        "Operating Income": 31864000.0,
        "Operating Expense": 110209000.0,
        "Other Operating Expenses": NaN,
        "Depreciation Amortization Depletion Income Statement": 17668000.0,
        "Depreciation And Amortization In Income Statement": 17668000.0,
        "Amortization": 17668000.0,
        "Amortization Of Intangibles Income Statement": 17668000.0,
        "Research And Development": 33138000.0,
        "Selling General And Administration": 59403000.0,
        "Selling And Marketing Expense": 4693000.0,
        "General And Administrative Expense": 54710000.0,
        "Other Gand A": 4920000.0,
        "Salaries And Wages": 49790000.0,
        "Gross Profit": 142073000.0,
        "Cost Of Revenue": 32919000.0,
        "Total Revenue": 174992000.0,
        "Operating Revenue": 174992000.0
    },
    "2023-11-30": {
        "Tax Effect Of Unusual Items": -967680.0,
        "Tax Rate For Calcs": 0.21,
        "Normalized EBITDA": 54002000.0,
        "Total Unusual Items": -4608000.0,
        "Total Unusual Items Excluding Goodwill": -4608000.0,
        "Net Income From Continuing Operation Net Minority Interest": 15335000.0,
        "Reconciled Depreciation": 27336000.0,
        "Reconciled Cost Of Revenue": 23932000.0,
        "EBITDA": 49394000.0,
        "EBIT": 22058000.0,
        "Net Interest Income": -7243000.0,
        "Interest Expense": 7886000.0,
        "Interest Income": 643000.0,
        "Normalized Income": 18975320.0,
        "Net Income From Continuing And Discontinued Operation": 15335000.0,
        "Total Expenses": 150947000.0,
        "Total Operating Income As Reported": 22537000.0,
        "Diluted Average Shares": 44829000.0,
        "Basic Average Shares": 43729000.0,
        "Diluted EPS": 0.34,
        "Basic EPS": 0.35,
        "Diluted NI Availto Com Stockholders": 15335000.0,
        "Net Income Common Stockholders": 15335000.0,
        "Net Income": 15335000.0,
        "Net Income Including Noncontrolling Interests": 15335000.0,
        "Net Income Continuous Operations": 15335000.0,
        "Tax Provision": -1163000.0,
        "Pretax Income": 14172000.0,
        "Other Income Expense": -4608000.0,
        "Special Income Charges": -3486000.0,
        "Gain On Sale Of Ppe": 0.0,
        "Other Special Charges": 1038000.0,
        "Restructuring And Mergern Acquisition": 2448000.0,
        "Gain On Sale Of Security": -1122000.0,
        "Net Non Operating Interest Income Expense": -7243000.0,
        "Interest Expense Non Operating": 7886000.0,
        "Interest Income Non Operating": 643000.0,
        "Operating Income": 26023000.0,
        "Operating Expense": 117284000.0,
        "Other Operating Expenses": NaN,
        "Depreciation Amortization Depletion Income Statement": 17605000.0,
        "Depreciation And Amortization In Income Statement": 17605000.0,
        "Amortization": 17605000.0,
        "Amortization Of Intangibles Income Statement": 17605000.0,
        "Research And Development": 34005000.0,
        "Selling General And Administration": 65674000.0,
        "Selling And Marketing Expense": 6986000.0,
        "General And Administrative Expense": 58688000.0,
        "Other Gand A": 5399000.0,
        "Salaries And Wages": 53289000.0,
        "Gross Profit": 143307000.0,
        "Cost Of Revenue": 33663000.0,
        "Total Revenue": 176970000.0,
        "Operating Revenue": 176970000.0
    },
    "2024-02-29": {
        "Tax Effect Of Unusual Items": -849060.0,
        "Tax Rate For Calcs": 0.18,
        "Normalized EBITDA": 66665000.0,
        "Total Unusual Items": -4717000.0,
        "Total Unusual Items Excluding Goodwill": -4717000.0,
        "Net Income From Continuing Operation Net Minority Interest": 22639000.0,
        "Reconciled Depreciation": 26997000.0,
        "Reconciled Cost Of Revenue": 23201000.0,
        "EBITDA": 61948000.0,
        "EBIT": 34951000.0,
        "Net Interest Income": -6720000.0,
        "Interest Expense": 7344000.0,
        "Interest Income": 624000.0,
        "Normalized Income": 26506940.0,
        "Net Income From Continuing And Discontinued Operation": 22639000.0,
        "Total Expenses": 145641000.0,
        "Total Operating Income As Reported": 35006000.0,
        "Diluted Average Shares": 44826000.0,
        "Basic Average Shares": 43802000.0,
        "Diluted EPS": 0.51,
        "Basic EPS": 0.52,
        "Diluted NI Availto Com Stockholders": 22639000.0,
        "Net Income Common Stockholders": 22639000.0,
        "Net Income": 22639000.0,
        "Net Income Including Noncontrolling Interests": 22639000.0,
        "Net Income Continuous Operations": 22639000.0,
        "Tax Provision": 4968000.0,
        "Pretax Income": 27607000.0,
        "Other Income Expense": -4717000.0,
        "Special Income Charges": -4038000.0,
        "Gain On Sale Of Ppe": NaN,
        "Other Special Charges": 987000.0,
        "Restructuring And Mergern Acquisition": 3051000.0,
        "Gain On Sale Of Security": -679000.0,
        "Net Non Operating Interest Income Expense": -6720000.0,
        "Interest Expense Non Operating": 7344000.0,
        "Interest Income Non Operating": 624000.0,
        "Operating Income": 39044000.0,
        "Operating Expense": 112832000.0,
        "Other Operating Expenses": NaN,
        "Depreciation Amortization Depletion Income Statement": 17389000.0,
        "Depreciation And Amortization In Income Statement": 17389000.0,
        "Amortization": 17389000.0,
        "Amortization Of Intangibles Income Statement": 17389000.0,
        "Research And Development": 34988000.0,
        "Selling General And Administration": 60455000.0,
        "Selling And Marketing Expense": 6018000.0,
        "General And Administrative Expense": 54437000.0,
        "Other Gand A": 3381000.0,
        "Salaries And Wages": 51056000.0,
        "Gross Profit": 151876000.0,
        "Cost Of Revenue": 32809000.0,
        "Total Revenue": 184685000.0,
        "Operating Revenue": 184685000.0
    },
    "2024-05-31": {
        "Tax Effect Of Unusual Items": -1035200.0,
        "Tax Rate For Calcs": 0.2,
        "Normalized EBITDA": 58852000.0,
        "Total Unusual Items": -5176000.0,
        "Total Unusual Items Excluding Goodwill": -5176000.0,
        "Net Income From Continuing Operation Net Minority Interest": 16188000.0,
        "Reconciled Depreciation": 26541000.0,
        "Reconciled Cost Of Revenue": 21846000.0,
        "EBITDA": 53676000.0,
        "EBIT": 27135000.0,
        "Net Interest Income": -6079000.0,
        "Interest Expense": 7007000.0,
        "Interest Income": 928000.0,
        "Normalized Income": 20328800.0,
        "Net Income From Continuing And Discontinued Operation": 16188000.0,
        "Total Expenses": 143694000.0,
        "Total Operating Income As Reported": 27148000.0,
        "Diluted Average Shares": 43964000.0,
        "Basic Average Shares": 43213000.0,
        "Diluted EPS": 0.37,
        "Basic EPS": 0.37,
        "Diluted NI Availto Com Stockholders": 16188000.0,
        "Net Income Common Stockholders": 16188000.0,
        "Net Income": 16188000.0,
        "Net Income Including Noncontrolling Interests": 16188000.0,
        "Net Income Continuous Operations": 16188000.0,
        "Tax Provision": 3940000.0,
        "Pretax Income": 20128000.0,
        "Other Income Expense": -5176000.0,
        "Special Income Charges": -4235000.0,
        "Gain On Sale Of Ppe": NaN,
        "Other Special Charges": 3036000.0,
        "Restructuring And Mergern Acquisition": 1199000.0,
        "Gain On Sale Of Security": -941000.0,
        "Net Non Operating Interest Income Expense": -6079000.0,
        "Interest Expense Non Operating": 7007000.0,
        "Interest Income Non Operating": 928000.0,
        "Operating Income": 31383000.0,
        "Operating Expense": 111623000.0,
        "Other Operating Expenses": NaN,
        "Depreciation Amortization Depletion Income Statement": 16316000.0,
        "Depreciation And Amortization In Income Statement": 16316000.0,
        "Amortization": 16316000.0,
        "Amortization Of Intangibles Income Statement": 16316000.0,
        "Research And Development": 35435000.0,
        "Selling General And Administration": 59872000.0,
        "Selling And Marketing Expense": 4648000.0,
        "General And Administrative Expense": 55224000.0,
        "Other Gand A": 4020000.0,
        "Salaries And Wages": 51204000.0,
        "Gross Profit": 143006000.0,
        "Cost Of Revenue": 32071000.0,
        "Total Revenue": 175077000.0,
        "Operating Revenue": 175077000.0
    }
}