{
    "2024-03-31": {
        "Tax Effect Of Unusual Items": 20570.0,
        "Tax Rate For Calcs": 0.17,
        "Total Unusual Items": 121000.0,
        "Total Unusual Items Excluding Goodwill": 121000.0,
        "Net Income From Continuing Operation Net Minority Interest": 35204000.0,
        "Reconciled Depreciation": 3119000.0,
        "Net Interest Income": 95623000.0,
        "Interest Expense": 31017000.0,
        "Interest Income": 126640000.0,
        "Normalized Income": 35103570.0,
        "Net Income From Continuing And Discontinued Operation": 35204000.0,
        "Diluted Average Shares": 16191065.0,
        "Basic Average Shares": 16116842.0,
        "Diluted EPS": 2.17,
        "Basic EPS": 2.18,
        "Diluted NI Availto Com Stockholders": 35204000.0,
        "Net Income Common Stockholders": 35204000.0,
        "Net Income": 35204000.0,
        "Net Income Including Noncontrolling Interests": 35204000.0,
        "Net Income Continuous Operations": 35204000.0,
        "Tax Provision": 7211000.0,
        "Pretax Income": 42415000.0,
        "Special Income Charges": NaN,
        "Other Special Charges": NaN,
        "Gain On Sale Of Security": -1085000.0,
        "Depreciation Amortization Depletion Income Statement": 320000.0,
        "Depreciation And Amortization In Income Statement": 320000.0,
        "Amortization": 320000.0,
        "Amortization Of Intangibles Income Statement": 320000.0,
        "Selling General And Administration": 50752000.0,
        "Selling And Marketing Expense": 1741000.0,
        "General And Administrative Expense": 49011000.0,
        "Insurance And Claims": 1718000.0,
        "Salaries And Wages": 47293000.0,
        "Total Revenue": 121823000.0,
        "Operating Revenue": 121823000.0,
        "Occupancy And Equipment": 5764000.0,
        "Professional Expense And Contract Services Expense": 6817000.0,
        "Other Non Interest Expense": 13575000.0
    },
    "2023-12-31": {
        "Tax Effect Of Unusual Items": -168291.415891,
        "Tax Rate For Calcs": 0.176221,
        "Total Unusual Items": -955000.0,
        "Total Unusual Items Excluding Goodwill": -955000.0,
        "Net Income From Continuing Operation Net Minority Interest": 24500000.0,
        "Reconciled Depreciation": 3380000.0,
        "Net Interest Income": 95074000.0,
        "Interest Expense": 30132000.0,
        "Interest Income": 125206000.0,
        "Normalized Income": 25286708.584109,
        "Net Income From Continuing And Discontinued Operation": 24500000.0,
        "Diluted Average Shares": 16216562.0,
        "Basic Average Shares": 16113215.0,
        "Diluted EPS": 1.51,
        "Basic EPS": 1.52,
        "Diluted NI Availto Com Stockholders": 24500000.0,
        "Net Income Common Stockholders": 24500000.0,
        "Net Income": 24500000.0,
        "Net Income Including Noncontrolling Interests": 24500000.0,
        "Net Income Continuous Operations": 24500000.0,
        "Tax Provision": 5241000.0,
        "Pretax Income": 29741000.0,
        "Special Income Charges": -1000000.0,
        "Other Special Charges": NaN,
        "Gain On Sale Of Security": -7522000.0,
        "Depreciation Amortization Depletion Income Statement": 334000.0,
        "Depreciation And Amortization In Income Statement": 334000.0,
        "Amortization": 334000.0,
        "Amortization Of Intangibles Income Statement": 334000.0,
        "Selling General And Administration": 49704000.0,
        "Selling And Marketing Expense": 1716000.0,
        "General And Administrative Expense": 47988000.0,
        "Insurance And Claims": 1708000.0,
        "Salaries And Wages": 46280000.0,
        "Total Revenue": 110593000.0,
        "Operating Revenue": 110593000.0,
        "Occupancy And Equipment": 6168000.0,
        "Professional Expense And Contract Services Expense": 7015000.0,
        "Other Non Interest Expense": 14822000.0
    },
    "2023-09-30": {
        "Tax Effect Of Unusual Items": -1158.0,
        "Tax Rate For Calcs": 0.193,
        "Total Unusual Items": -6000.0,
        "Total Unusual Items Excluding Goodwill": -6000.0,
        "Net Income From Continuing Operation Net Minority Interest": 36917000.0,
        "Reconciled Depreciation": 3513000.0,
        "Net Interest Income": 94269000.0,
        "Interest Expense": 26620000.0,
        "Interest Income": 120889000.0,
        "Normalized Income": 36921842.0,
        "Net Income From Continuing And Discontinued Operation": 36917000.0,
        "Diluted Average Shares": 16217880.0,
        "Basic Average Shares": 16133310.0,
        "Diluted EPS": 2.28,
        "Basic EPS": 2.29,
        "Diluted NI Availto Com Stockholders": 36917000.0,
        "Net Income Common Stockholders": 36917000.0,
        "Net Income": 36917000.0,
        "Net Income Including Noncontrolling Interests": 36917000.0,
        "Net Income Continuous Operations": 36917000.0,
        "Tax Provision": 8837000.0,
        "Pretax Income": 45754000.0,
        "Special Income Charges": 0.0,
        "Other Special Charges": NaN,
        "Gain On Sale Of Security": 998000.0,
        "Depreciation Amortization Depletion Income Statement": 334000.0,
        "Depreciation And Amortization In Income Statement": 334000.0,
        "Amortization": 334000.0,
        "Amortization Of Intangibles Income Statement": 334000.0,
        "Selling General And Administration": 48702000.0,
        "Selling And Marketing Expense": 1197000.0,
        "General And Administrative Expense": 47505000.0,
        "Insurance And Claims": 2158000.0,
        "Salaries And Wages": 45347000.0,
        "Total Revenue": 121982000.0,
        "Operating Revenue": 121982000.0,
        "Occupancy And Equipment": 6263000.0,
        "Professional Expense And Contract Services Expense": 7572000.0,
        "Other Non Interest Expense": 14937000.0
    },
    "2023-06-30": {
        "Tax Effect Of Unusual Items": 0.0,
        "Tax Rate For Calcs": 0.17341,
        "Total Unusual Items": 12000.0,
        "Total Unusual Items Excluding Goodwill": 12000.0,
        "Net Income From Continuing Operation Net Minority Interest": 31584000.0,
        "Reconciled Depreciation": 3622000.0,
        "Net Interest Income": 91572000.0,
        "Interest Expense": 23102000.0,
        "Interest Income": 114674000.0,
        "Normalized Income": 31584000.0,
        "Net Income From Continuing And Discontinued Operation": 31584000.0,
        "Diluted Average Shares": 16240600.0,
        "Basic Average Shares": 16165119.0,
        "Diluted EPS": 1.94,
        "Basic EPS": 1.95,
        "Diluted NI Availto Com Stockholders": 31584000.0,
        "Net Income Common Stockholders": 31584000.0,
        "Net Income": 31584000.0,
        "Net Income Including Noncontrolling Interests": 31584000.0,
        "Net Income Continuous Operations": 31584000.0,
        "Tax Provision": 6626000.0,
        "Pretax Income": 38210000.0,
        "Special Income Charges": NaN,
        "Other Special Charges": NaN,
        "Gain On Sale Of Security": 25000.0,
        "Depreciation Amortization Depletion Income Statement": 328000.0,
        "Depreciation And Amortization In Income Statement": 328000.0,
        "Amortization": 328000.0,
        "Amortization Of Intangibles Income Statement": 328000.0,
        "Selling General And Administration": 47386000.0,
        "Selling And Marketing Expense": 1239000.0,
        "General And Administrative Expense": 46147000.0,
        "Insurance And Claims": 1960000.0,
        "Salaries And Wages": 44187000.0,
        "Total Revenue": 116587000.0,
        "Operating Revenue": 116587000.0,
        "Occupancy And Equipment": 6317000.0,
        "Professional Expense And Contract Services Expense": 7365000.0,
        "Other Non Interest Expense": 14489000.0
    },
    "2023-03-31": {
        "Tax Effect Of Unusual Items": NaN,
        "Tax Rate For Calcs": NaN,
        "Total Unusual Items": -9000.0,
        "Total Unusual Items Excluding Goodwill": -9000.0,
        "Net Income From Continuing Operation Net Minority Interest": NaN,
        "Reconciled Depreciation": NaN,
        "Net Interest Income": NaN,
        "Interest Expense": NaN,
        "Interest Income": NaN,
        "Normalized Income": NaN,
        "Net Income From Continuing And Discontinued Operation": NaN,
        "Diluted Average Shares": NaN,
        "Basic Average Shares": NaN,
        "Diluted EPS": NaN,
        "Basic EPS": NaN,
        "Diluted NI Availto Com Stockholders": NaN,
        "Net Income Common Stockholders": NaN,
        "Net Income": NaN,
        "Net Income Including Noncontrolling Interests": NaN,
        "Net Income Continuous Operations": NaN,
        "Tax Provision": NaN,
        "Pretax Income": NaN,
        "Special Income Charges": NaN,
        "Other Special Charges": NaN,
        "Gain On Sale Of Security": NaN,
        "Depreciation Amortization Depletion Income Statement": NaN,
        "Depreciation And Amortization In Income Statement": NaN,
        "Amortization": NaN,
        "Amortization Of Intangibles Income Statement": NaN,
        "Selling General And Administration": NaN,
        "Selling And Marketing Expense": NaN,
        "General And Administrative Expense": NaN,
        "Insurance And Claims": NaN,
        "Salaries And Wages": NaN,
        "Total Revenue": NaN,
        "Operating Revenue": NaN,
        "Occupancy And Equipment": NaN,
        "Professional Expense And Contract Services Expense": NaN,
        "Other Non Interest Expense": NaN
    },
    "2022-12-31": {
        "Tax Effect Of Unusual Items": NaN,
        "Tax Rate For Calcs": NaN,
        "Total Unusual Items": NaN,
        "Total Unusual Items Excluding Goodwill": NaN,
        "Net Income From Continuing Operation Net Minority Interest": NaN,
        "Reconciled Depreciation": NaN,
        "Net Interest Income": NaN,
        "Interest Expense": NaN,
        "Interest Income": NaN,
        "Normalized Income": NaN,
        "Net Income From Continuing And Discontinued Operation": NaN,
        "Diluted Average Shares": NaN,
        "Basic Average Shares": NaN,
        "Diluted EPS": NaN,
        "Basic EPS": NaN,
        "Diluted NI Availto Com Stockholders": NaN,
        "Net Income Common Stockholders": NaN,
        "Net Income": NaN,
        "Net Income Including Noncontrolling Interests": NaN,
        "Net Income Continuous Operations": NaN,
        "Tax Provision": NaN,
        "Pretax Income": NaN,
        "Special Income Charges": 0.0,
        "Other Special Charges": 0.0,
        "Gain On Sale Of Security": NaN,
        "Depreciation Amortization Depletion Income Statement": NaN,
        "Depreciation And Amortization In Income Statement": NaN,
        "Amortization": NaN,
        "Amortization Of Intangibles Income Statement": NaN,
        "Selling General And Administration": NaN,
        "Selling And Marketing Expense": NaN,
        "General And Administrative Expense": NaN,
        "Insurance And Claims": NaN,
        "Salaries And Wages": NaN,
        "Total Revenue": NaN,
        "Operating Revenue": NaN,
        "Occupancy And Equipment": NaN,
        "Professional Expense And Contract Services Expense": NaN,
        "Other Non Interest Expense": NaN
    },
    "2022-09-30": {
        "Tax Effect Of Unusual Items": NaN,
        "Tax Rate For Calcs": NaN,
        "Total Unusual Items": NaN,
        "Total Unusual Items Excluding Goodwill": NaN,
        "Net Income From Continuing Operation Net Minority Interest": NaN,
        "Reconciled Depreciation": NaN,
        "Net Interest Income": NaN,
        "Interest Expense": NaN,
        "Interest Income": NaN,
        "Normalized Income": NaN,
        "Net Income From Continuing And Discontinued Operation": NaN,
        "Diluted Average Shares": NaN,
        "Basic Average Shares": NaN,
        "Diluted EPS": NaN,
        "Basic EPS": NaN,
        "Diluted NI Availto Com Stockholders": NaN,
        "Net Income Common Stockholders": NaN,
        "Net Income": NaN,
        "Net Income Including Noncontrolling Interests": NaN,
        "Net Income Continuous Operations": NaN,
        "Tax Provision": NaN,
        "Pretax Income": NaN,
        "Special Income Charges": -4000000.0,
        "Other Special Charges": 4000000.0,
        "Gain On Sale Of Security": NaN,
        "Depreciation Amortization Depletion Income Statement": NaN,
        "Depreciation And Amortization In Income Statement": NaN,
        "Amortization": NaN,
        "Amortization Of Intangibles Income Statement": NaN,
        "Selling General And Administration": NaN,
        "Selling And Marketing Expense": NaN,
        "General And Administrative Expense": NaN,
        "Other Gand A": 9268000.0,
        "Insurance And Claims": NaN,
        "Salaries And Wages": NaN,
        "Total Revenue": NaN,
        "Operating Revenue": NaN
    },
    "2024-06-30": {
        "Tax Effect Of Unusual Items": 0.0,
        "Tax Rate For Calcs": 0.185396,
        "Total Unusual Items": NaN,
        "Total Unusual Items Excluding Goodwill": NaN,
        "Net Income From Continuing Operation Net Minority Interest": 39369000.0,
        "Reconciled Depreciation": 3019000.0,
        "Net Interest Income": 97837000.0,
        "Interest Expense": 31067000.0,
        "Interest Income": 128904000.0,
        "Normalized Income": 39369000.0,
        "Net Income From Continuing And Discontinued Operation": 39369000.0,
        "Diluted Average Shares": 16239617.0,
        "Basic Average Shares": 16149523.0,
        "Diluted EPS": 2.42,
        "Basic EPS": 2.44,
        "Diluted NI Availto Com Stockholders": 39369000.0,
        "Net Income Common Stockholders": 39369000.0,
        "Net Income": 39369000.0,
        "Net Income Including Noncontrolling Interests": 39369000.0,
        "Net Income Continuous Operations": 39369000.0,
        "Tax Provision": 8960000.0,
        "Pretax Income": 48329000.0,
        "Special Income Charges": NaN,
        "Other Special Charges": NaN,
        "Gain On Sale Of Security": 358000.0,
        "Depreciation Amortization Depletion Income Statement": 320000.0,
        "Depreciation And Amortization In Income Statement": 320000.0,
        "Amortization": 320000.0,
        "Amortization Of Intangibles Income Statement": 320000.0,
        "Selling General And Administration": 48768000.0,
        "Selling And Marketing Expense": 1164000.0,
        "General And Administrative Expense": 47604000.0,
        "Insurance And Claims": 1777000.0,
        "Salaries And Wages": 45827000.0,
        "Total Revenue": 126631000.0,
        "Operating Revenue": 126631000.0,
        "Occupancy And Equipment": 5429000.0,
        "Professional Expense And Contract Services Expense": 6022000.0,
        "Other Non Interest Expense": 14650000.0
    }
}