{
    "2023-03-31": {
        "Tax Effect Of Unusual Items": -26400.0,
        "Tax Rate For Calcs": 0.4,
        "Normalized EBITDA": 13269000.0,
        "Total Unusual Items": -66000.0,
        "Total Unusual Items Excluding Goodwill": -66000.0,
        "Net Income From Continuing Operation Net Minority Interest": 2659000.0,
        "Reconciled Depreciation": 9388000.0,
        "Reconciled Cost Of Revenue": 72083000.0,
        "EBIT": 3815000.0,
        "Normalized Income": 2698600.0,
        "Net Income From Continuing And Discontinued Operation": 2659000.0,
        "Total Expenses": 122044000.0,
        "Total Operating Income As Reported": 3749000.0,
        "Diluted Average Shares": 26605787.0,
        "Basic Average Shares": 26580279.0,
        "Diluted EPS": 0.1,
        "Basic EPS": 0.1,
        "Diluted NI Availto Com Stockholders": 2659000.0,
        "Net Income Common Stockholders": 2659000.0,
        "Net Income": 2659000.0,
        "Net Income Including Noncontrolling Interests": 2659000.0,
        "Net Income Continuous Operations": 2659000.0,
        "Tax Provision": 2380000.0,
        "Pretax Income": 5039000.0,
        "Other Income Expense": 1224000.0,
        "Other Non Operating Income Expenses": 1290000.0,
        "Special Income Charges": -66000.0,
        "Gain On Sale Of Business": -66000.0,
        "Impairment Of Capital Assets": NaN,
        "Restructuring And Mergern Acquisition": NaN,
        "Operating Income": 3815000.0,
        "Operating Expense": 49961000.0,
        "Research And Development": 10677000.0,
        "Selling General And Administration": 39284000.0,
        "Selling And Marketing Expense": 22451000.0,
        "General And Administrative Expense": 16833000.0,
        "Other Gand A": 16833000.0,
        "Gross Profit": 53776000.0,
        "Cost Of Revenue": 72083000.0,
        "Total Revenue": 125859000.0,
        "Operating Revenue": 125625000.0
    },
    "2022-12-31": {
        "Tax Effect Of Unusual Items": -1663811.521555,
        "Tax Rate For Calcs": 0.014036,
        "Normalized EBITDA": 119952000.0,
        "Total Unusual Items": -118542000.0,
        "Total Unusual Items Excluding Goodwill": -118542000.0,
        "Net Income From Continuing Operation Net Minority Interest": -115065000.0,
        "Reconciled Depreciation": 9444000.0,
        "Reconciled Cost Of Revenue": 67000000.0,
        "EBIT": 1410000.0,
        "Normalized Income": 1813188.478445,
        "Net Income From Continuing And Discontinued Operation": -115065000.0,
        "Total Expenses": 114197000.0,
        "Total Operating Income As Reported": -117132000.0,
        "Diluted Average Shares": 27136821.0,
        "Basic Average Shares": 27136821.0,
        "Diluted EPS": -4.24,
        "Basic EPS": -4.24,
        "Diluted NI Availto Com Stockholders": -115065000.0,
        "Net Income Common Stockholders": -115065000.0,
        "Net Income": -115065000.0,
        "Net Income Including Noncontrolling Interests": -115065000.0,
        "Net Income Continuous Operations": -115065000.0,
        "Tax Provision": -1638000.0,
        "Pretax Income": -116703000.0,
        "Other Income Expense": -118113000.0,
        "Other Non Operating Income Expenses": 429000.0,
        "Special Income Charges": -118542000.0,
        "Gain On Sale Of Business": -534000.0,
        "Impairment Of Capital Assets": 118008000.0,
        "Restructuring And Mergern Acquisition": NaN,
        "Operating Income": 1410000.0,
        "Operating Expense": 47197000.0,
        "Research And Development": 8906000.0,
        "Selling General And Administration": 38291000.0,
        "Selling And Marketing Expense": 20517000.0,
        "General And Administrative Expense": 17774000.0,
        "Other Gand A": 17774000.0,
        "Gross Profit": 48607000.0,
        "Cost Of Revenue": 67000000.0,
        "Total Revenue": 115607000.0,
        "Operating Revenue": 115410000.0
    },
    "2022-09-30": {
        "Tax Effect Of Unusual Items": -411930.0,
        "Tax Rate For Calcs": 0.345,
        "Normalized EBITDA": 18153000.0,
        "Total Unusual Items": -1194000.0,
        "Total Unusual Items Excluding Goodwill": -1194000.0,
        "Net Income From Continuing Operation Net Minority Interest": 3951000.0,
        "Reconciled Depreciation": 9707000.0,
        "Reconciled Cost Of Revenue": 68089000.0,
        "EBIT": 7252000.0,
        "Normalized Income": 4733070.0,
        "Net Income From Continuing And Discontinued Operation": 3951000.0,
        "Total Expenses": 114469000.0,
        "Total Operating Income As Reported": 6058000.0,
        "Diluted Average Shares": 27508217.0,
        "Basic Average Shares": 27505097.0,
        "Diluted EPS": 0.14,
        "Basic EPS": 0.14,
        "Diluted NI Availto Com Stockholders": 3951000.0,
        "Net Income Common Stockholders": 3951000.0,
        "Net Income": 3951000.0,
        "Net Income Including Noncontrolling Interests": 3951000.0,
        "Net Income Continuous Operations": 3951000.0,
        "Tax Provision": 2083000.0,
        "Pretax Income": 6034000.0,
        "Other Income Expense": -1218000.0,
        "Other Non Operating Income Expenses": -24000.0,
        "Special Income Charges": -1194000.0,
        "Gain On Sale Of Business": -1194000.0,
        "Impairment Of Capital Assets": NaN,
        "Restructuring And Mergern Acquisition": NaN,
        "Operating Income": 7252000.0,
        "Operating Expense": 46380000.0,
        "Research And Development": 9309000.0,
        "Selling General And Administration": 37071000.0,
        "Selling And Marketing Expense": 20594000.0,
        "General And Administrative Expense": 16477000.0,
        "Other Gand A": 16477000.0,
        "Gross Profit": 53632000.0,
        "Cost Of Revenue": 68089000.0,
        "Total Revenue": 121721000.0,
        "Operating Revenue": 121471000.0
    },
    "2022-06-30": {
        "Tax Effect Of Unusual Items": -2077600.0,
        "Tax Rate For Calcs": 0.4,
        "Normalized EBITDA": 25631000.0,
        "Total Unusual Items": -5194000.0,
        "Total Unusual Items Excluding Goodwill": -5194000.0,
        "Net Income From Continuing Operation Net Minority Interest": 2557000.0,
        "Reconciled Depreciation": 10042000.0,
        "Reconciled Cost Of Revenue": 69480000.0,
        "EBIT": 10395000.0,
        "Normalized Income": 5673400.0,
        "Net Income From Continuing And Discontinued Operation": 2557000.0,
        "Total Expenses": 116507000.0,
        "Total Operating Income As Reported": 5201000.0,
        "Diluted Average Shares": 27536823.0,
        "Basic Average Shares": 27530739.0,
        "Diluted EPS": 0.09,
        "Basic EPS": 0.09,
        "Diluted NI Availto Com Stockholders": 2557000.0,
        "Net Income Common Stockholders": 2557000.0,
        "Net Income": 2557000.0,
        "Net Income Including Noncontrolling Interests": 2557000.0,
        "Net Income Continuous Operations": 2557000.0,
        "Tax Provision": 2645000.0,
        "Pretax Income": 5202000.0,
        "Other Income Expense": -5193000.0,
        "Other Non Operating Income Expenses": 1000.0,
        "Special Income Charges": -5194000.0,
        "Gain On Sale Of Business": -5194000.0,
        "Impairment Of Capital Assets": NaN,
        "Restructuring And Mergern Acquisition": 5194000.0,
        "Operating Income": 10395000.0,
        "Operating Expense": 47027000.0,
        "Research And Development": 9450000.0,
        "Selling General And Administration": 37577000.0,
        "Selling And Marketing Expense": 21055000.0,
        "General And Administrative Expense": 16522000.0,
        "Other Gand A": 16522000.0,
        "Gross Profit": 57422000.0,
        "Cost Of Revenue": 69480000.0,
        "Total Revenue": 126902000.0,
        "Operating Revenue": 126700000.0
    },
    "2022-03-31": {
        "Diluted EPS": 0.19,
        "Total Revenue": 124,
        "Gross Profit": 56,
        "Operating Income": 8,
        "EBIT": 18,
        "Net Income": 5
    },
    "2021-12-31": {
        "Diluted EPS": 0.44,
        "Total Revenue": 124,
        "Gross Profit": 55,
        "Operating Income": 13,
        "EBIT": 23,
        "Net Income": 12
    },
    "2021-09-30": {
        "Diluted EPS": 0.17,
        "Total Revenue": 125,
        "Gross Profit": 55,
        "Operating Income": 7,
        "EBIT": 17,
        "Net Income": 5
    },
    "2021-06-30": {
        "Diluted EPS": 0.47,
        "Total Revenue": 123,
        "Gross Profit": 57,
        "Operating Income": 16,
        "EBIT": 26,
        "Net Income": 13
    },
    "2021-03-31": {
        "Diluted EPS": 0.13,
        "Total Revenue": 116,
        "Gross Profit": 55,
        "Operating Income": 4,
        "EBIT": 14,
        "Net Income": 4
    },
    "2020-12-31": {
        "Diluted EPS": 0.35,
        "Total Revenue": 105,
        "Gross Profit": 53,
        "Operating Income": 11,
        "EBIT": 19,
        "Net Income": 10
    },
    "2020-09-30": {
        "Diluted EPS": 0.55,
        "Total Revenue": 108,
        "Gross Profit": 55,
        "Operating Income": 18,
        "EBIT": 26,
        "Net Income": 15
    },
    "2020-06-30": {
        "Diluted EPS": 0.47,
        "Total Revenue": 107,
        "Gross Profit": 52,
        "Operating Income": 14,
        "EBIT": 22,
        "Net Income": 13
    },
    "2020-03-31": {
        "Diluted EPS": 0.52,
        "Total Revenue": 115,
        "Gross Profit": 58,
        "Operating Income": 17,
        "EBIT": 25,
        "Net Income": 14
    },
    "2019-12-31": {
        "Diluted EPS": 0.56,
        "Total Revenue": 112,
        "Gross Profit": 57,
        "Operating Income": 20,
        "EBIT": 28,
        "Net Income": 15
    },
    "2019-09-30": {
        "Diluted EPS": 0.62,
        "Total Revenue": 117,
        "Gross Profit": 60,
        "Operating Income": 21,
        "EBIT": 29,
        "Net Income": 17
    },
    "2019-06-30": {
        "Diluted EPS": 0.6,
        "Total Revenue": 116,
        "Gross Profit": 60,
        "Operating Income": 20,
        "EBIT": 27,
        "Net Income": 16
    },
    "2019-03-31": {
        "Diluted EPS": 0.57,
        "Total Revenue": 113,
        "Gross Profit": 59,
        "Operating Income": 19,
        "EBIT": 27,
        "Net Income": 16
    },
    "2018-12-31": {
        "Diluted EPS": 0.71,
        "Total Revenue": 113,
        "Gross Profit": 59,
        "Operating Income": 20,
        "EBIT": 27,
        "Net Income": 19
    },
    "2018-09-30": {
        "Diluted EPS": 0.77,
        "Total Revenue": 115,
        "Gross Profit": 62,
        "Operating Income": 25,
        "EBIT": 32,
        "Net Income": 21
    },
    "2018-06-30": {
        "Diluted EPS": 0.67,
        "Total Revenue": 110,
        "Gross Profit": 59,
        "Operating Income": 22,
        "EBIT": 29,
        "Net Income": 18
    },
    "2018-03-31": {
        "Diluted EPS": 0.66,
        "Total Revenue": 108,
        "Gross Profit": 58,
        "Operating Income": 22,
        "EBIT": 28,
        "Net Income": 18
    },
    "2017-12-31": {
        "Diluted EPS": 0.53,
        "Total Revenue": 94,
        "Gross Profit": 53,
        "Operating Income": 19,
        "EBIT": 24,
        "Net Income": 14
    },
    "2017-09-30": {
        "Diluted EPS": 0.49,
        "Total Revenue": 88,
        "Gross Profit": 49,
        "Operating Income": 19,
        "EBIT": 24,
        "Net Income": 13
    },
    "2017-06-30": {
        "Diluted EPS": 0.45,
        "Total Revenue": 82,
        "Gross Profit": 46,
        "Operating Income": 16,
        "EBIT": 21,
        "Net Income": 12
    },
    "2017-03-31": {
        "Diluted EPS": 0.46,
        "Total Revenue": 80,
        "Gross Profit": 45,
        "Operating Income": 18,
        "EBIT": 22,
        "Net Income": 12
    },
    "2016-12-31": {
        "Diluted EPS": 0.36,
        "Total Revenue": 72,
        "Gross Profit": 40,
        "Operating Income": 15,
        "EBIT": 20,
        "Net Income": 9
    },
    "2016-09-30": {
        "Diluted EPS": 0.45,
        "Total Revenue": 78,
        "Gross Profit": 45,
        "Operating Income": 17,
        "EBIT": 22,
        "Net Income": 12
    },
    "2016-06-30": {
        "Diluted EPS": 0.4,
        "Total Revenue": 75,
        "Gross Profit": 42,
        "Operating Income": 15,
        "EBIT": 20,
        "Net Income": 11
    },
    "2016-03-31": {
        "Diluted EPS": 0.4,
        "Total Revenue": 73,
        "Gross Profit": 40,
        "Operating Income": 15,
        "EBIT": 19,
        "Net Income": 11
    },
    "2015-12-31": {
        "Diluted EPS": 0.46,
        "Total Revenue": 74,
        "Gross Profit": 41,
        "Operating Income": 17,
        "EBIT": 21,
        "Net Income": 12
    },
    "2015-09-30": {
        "Diluted EPS": 0.47,
        "Total Revenue": 68,
        "Gross Profit": 40,
        "Operating Income": 17,
        "EBIT": 21,
        "Net Income": 12
    },
    "2015-06-30": {
        "Diluted EPS": 0.44,
        "Total Revenue": 64,
        "Gross Profit": 38,
        "Operating Income": 17,
        "EBIT": 21,
        "Net Income": 12
    },
    "2015-03-31": {
        "Diluted EPS": 0.4,
        "Total Revenue": 59,
        "Gross Profit": 35,
        "Operating Income": 16,
        "EBIT": 20,
        "Net Income": 10
    },
    "2014-12-31": {
        "Diluted EPS": 0.39,
        "Total Revenue": 56,
        "Gross Profit": 34,
        "Operating Income": 15,
        "EBIT": 18,
        "Net Income": 10
    },
    "2014-09-30": {
        "Diluted EPS": 0.4,
        "Total Revenue": 55,
        "Gross Profit": 33,
        "Operating Income": 15,
        "EBIT": 19,
        "Net Income": 10
    },
    "2014-06-30": {
        "Diluted EPS": 0.42,
        "Total Revenue": 53,
        "Gross Profit": 33,
        "Operating Income": 16,
        "EBIT": 19,
        "Net Income": 11
    },
    "2014-03-31": {
        "Diluted EPS": 0.39,
        "Total Revenue": 46,
        "Gross Profit": 29,
        "Operating Income": 14,
        "EBIT": 17,
        "Net Income": 10
    },
    "2013-12-31": {
        "Diluted EPS": 0.37,
        "Total Revenue": 44,
        "Gross Profit": 28,
        "Operating Income": 14,
        "EBIT": 16,
        "Net Income": 10
    },
    "2013-09-30": {
        "Diluted EPS": 0.34,
        "Total Revenue": 42,
        "Gross Profit": 26,
        "Operating Income": 13,
        "EBIT": 16,
        "Net Income": 9
    },
    "2013-06-30": {
        "Diluted EPS": 0.33,
        "Total Revenue": 40,
        "Gross Profit": 25,
        "Operating Income": 13,
        "EBIT": 15,
        "Net Income": 9
    },
    "2013-03-31": {
        "Diluted EPS": 0.32,
        "Total Revenue": 37,
        "Gross Profit": 23,
        "Operating Income": 11,
        "EBIT": 13,
        "Net Income": 8
    },
    "2012-12-31": {
        "Diluted EPS": 0.3,
        "Total Revenue": 34,
        "Gross Profit": 21,
        "Operating Income": 10,
        "EBIT": 12,
        "Net Income": 7
    },
    "2012-09-30": {
        "Diluted EPS": 0.26,
        "Total Revenue": 32,
        "Gross Profit": 20,
        "Operating Income": 10,
        "EBIT": 11,
        "Net Income": 7
    },
    "2012-06-30": {
        "Diluted EPS": 0.2,
        "Total Revenue": 30,
        "Gross Profit": 18,
        "Operating Income": 7,
        "EBIT": 9,
        "Net Income": 5
    },
    "2012-03-31": {
        "Diluted EPS": 0.22,
        "Total Revenue": 30,
        "Gross Profit": 18,
        "Operating Income": 8,
        "EBIT": 9,
        "Net Income": 5
    },
    "2011-12-31": {
        "Diluted EPS": 0.09,
        "Total Revenue": 26,
        "Gross Profit": 15,
        "Operating Income": 5,
        "EBIT": 6,
        "Net Income": 3
    },
    "2011-09-30": {
        "Diluted EPS": 0.22,
        "Total Revenue": 27,
        "Gross Profit": 17,
        "Operating Income": 8,
        "EBIT": 9,
        "Net Income": 3
    },
    "2011-06-30": {
        "Diluted EPS": 0.17,
        "Total Revenue": 24,
        "Gross Profit": 15,
        "Operating Income": 7,
        "EBIT": 8,
        "Net Income": 2
    },
    "2011-03-31": {
        "Diluted EPS": 0.19,
        "Total Revenue": 22,
        "Gross Profit": 14,
        "Operating Income": 7,
        "EBIT": 8,
        "Net Income": 2
    },
    "2010-12-31": {
        "Diluted EPS": 0.0,
        "Total Revenue": 18,
        "Gross Profit": 18,
        "Operating Income": 18,
        "EBIT": 18,
        "Net Income": 3
    },
    "2010-09-30": {
        "Diluted EPS": 0.0,
        "Total Revenue": 18,
        "Gross Profit": 18,
        "Operating Income": 18,
        "EBIT": 18,
        "Net Income": 3
    },
    "2010-06-30": {
        "Diluted EPS": 0.0,
        "Total Revenue": 16,
        "Gross Profit": 16,
        "Operating Income": 16,
        "EBIT": 16,
        "Net Income": 2
    },
    "2010-03-31": {
        "Diluted EPS": 0.0,
        "Total Revenue": 13,
        "Gross Profit": 13,
        "Operating Income": 13,
        "EBIT": 13,
        "Net Income": 2
    },
    "2009-12-31": {
        "Diluted EPS": 0.0,
        "Total Revenue": NaN,
        "Gross Profit": NaN,
        "Operating Income": NaN,
        "EBIT": NaN,
        "Net Income": NaN
    },
    "2023-06-30": {
        "Tax Effect Of Unusual Items": -39200.0,
        "Tax Rate For Calcs": 0.4,
        "Normalized EBITDA": 15299000.0,
        "Total Unusual Items": -98000.0,
        "Total Unusual Items Excluding Goodwill": -98000.0,
        "Net Income From Continuing Operation Net Minority Interest": -383000.0,
        "Reconciled Depreciation": 9495000.0,
        "Reconciled Cost Of Revenue": 69142000.0,
        "EBIT": 5706000.0,
        "Normalized Income": -324200.0,
        "Net Income From Continuing And Discontinued Operation": -383000.0,
        "Total Expenses": 116559000.0,
        "Total Operating Income As Reported": 5608000.0,
        "Diluted Average Shares": 26210478.0,
        "Basic Average Shares": 26210478.0,
        "Diluted EPS": -0.01,
        "Basic EPS": -0.01,
        "Diluted NI Availto Com Stockholders": -383000.0,
        "Net Income Common Stockholders": -383000.0,
        "Net Income": -383000.0,
        "Net Income Including Noncontrolling Interests": -383000.0,
        "Net Income Continuous Operations": -383000.0,
        "Tax Provision": 2623000.0,
        "Pretax Income": 2240000.0,
        "Other Income Expense": -3466000.0,
        "Other Non Operating Income Expenses": -3368000.0,
        "Special Income Charges": -98000.0,
        "Gain On Sale Of Business": -98000.0,
        "Impairment Of Capital Assets": NaN,
        "Restructuring And Mergern Acquisition": NaN,
        "Operating Income": 5706000.0,
        "Operating Expense": 47417000.0,
        "Research And Development": 9865000.0,
        "Selling General And Administration": 37552000.0,
        "Selling And Marketing Expense": 21730000.0,
        "General And Administrative Expense": 15822000.0,
        "Other Gand A": 15822000.0,
        "Gross Profit": 53123000.0,
        "Cost Of Revenue": 69142000.0,
        "Total Revenue": 122265000.0,
        "Operating Revenue": 122060000.0
    }
}