{
    "2023-03-31": {
        "Tax Effect Of Unusual Items": NaN,
        "Tax Rate For Calcs": NaN,
        "Normalized EBITDA": NaN,
        "Net Income From Continuing Operation Net Minority Interest": NaN,
        "Reconciled Depreciation": NaN,
        "EBITDA": NaN,
        "EBIT": NaN,
        "Normalized Income": NaN,
        "Net Income From Continuing And Discontinued Operation": NaN,
        "Total Expenses": NaN,
        "Total Operating Income As Reported": NaN,
        "Diluted Average Shares": 47737190.0,
        "Basic Average Shares": 47737190.0,
        "Diluted EPS": -0.58,
        "Basic EPS": -0.58,
        "Diluted NI Availto Com Stockholders": NaN,
        "Net Income Common Stockholders": NaN,
        "Net Income": NaN,
        "Net Income Including Noncontrolling Interests": NaN,
        "Net Income Continuous Operations": NaN,
        "Pretax Income": NaN,
        "Other Income Expense": NaN,
        "Other Non Operating Income Expenses": NaN,
        "Operating Income": NaN,
        "Operating Expense": NaN,
        "Research And Development": NaN,
        "Selling General And Administration": NaN,
        "General And Administrative Expense": NaN,
        "Other Gand A": NaN,
        "Total Revenue": NaN,
        "Operating Revenue": NaN
    },
    "2022-12-31": {
        "Tax Effect Of Unusual Items": 0.0,
        "Tax Rate For Calcs": 0.0,
        "Normalized EBITDA": -33023000.0,
        "Net Income From Continuing Operation Net Minority Interest": -28641000.0,
        "Reconciled Depreciation": 362000.0,
        "EBITDA": -33023000.0,
        "EBIT": -33385000.0,
        "Normalized Income": -28641000.0,
        "Net Income From Continuing And Discontinued Operation": -28641000.0,
        "Total Expenses": 33385000.0,
        "Total Operating Income As Reported": -33385000.0,
        "Diluted Average Shares": NaN,
        "Basic Average Shares": NaN,
        "Diluted EPS": NaN,
        "Basic EPS": NaN,
        "Diluted NI Availto Com Stockholders": -28641000.0,
        "Net Income Common Stockholders": -28641000.0,
        "Net Income": -28641000.0,
        "Net Income Including Noncontrolling Interests": -28641000.0,
        "Net Income Continuous Operations": -28641000.0,
        "Pretax Income": -28641000.0,
        "Other Income Expense": 4744000.0,
        "Other Non Operating Income Expenses": 4744000.0,
        "Operating Income": -33385000.0,
        "Operating Expense": 33385000.0,
        "Research And Development": 25869000.0,
        "Selling General And Administration": 7516000.0,
        "General And Administrative Expense": 7516000.0,
        "Other Gand A": 7516000.0,
        "Total Revenue": 0.0,
        "Operating Revenue": 0.0
    },
    "2022-09-30": {
        "Tax Effect Of Unusual Items": NaN,
        "Tax Rate For Calcs": NaN,
        "Normalized EBITDA": NaN,
        "Net Income From Continuing Operation Net Minority Interest": NaN,
        "Reconciled Depreciation": NaN,
        "EBITDA": NaN,
        "EBIT": NaN,
        "Normalized Income": NaN,
        "Net Income From Continuing And Discontinued Operation": NaN,
        "Total Expenses": NaN,
        "Total Operating Income As Reported": NaN,
        "Diluted Average Shares": 47449811.0,
        "Basic Average Shares": 47449811.0,
        "Diluted EPS": -0.63,
        "Basic EPS": -0.63,
        "Diluted NI Availto Com Stockholders": NaN,
        "Net Income Common Stockholders": NaN,
        "Net Income": NaN,
        "Net Income Including Noncontrolling Interests": NaN,
        "Net Income Continuous Operations": NaN,
        "Pretax Income": NaN,
        "Other Income Expense": NaN,
        "Other Non Operating Income Expenses": NaN,
        "Operating Income": NaN,
        "Operating Expense": NaN,
        "Research And Development": NaN,
        "Selling General And Administration": NaN,
        "General And Administrative Expense": NaN,
        "Other Gand A": NaN,
        "Total Revenue": NaN,
        "Operating Revenue": NaN
    },
    "2022-06-30": {
        "Tax Effect Of Unusual Items": 0.0,
        "Tax Rate For Calcs": 0.0,
        "Normalized EBITDA": -29143000.0,
        "Net Income From Continuing Operation Net Minority Interest": -27374000.0,
        "Reconciled Depreciation": 318000.0,
        "EBITDA": -29143000.0,
        "EBIT": -29461000.0,
        "Normalized Income": -27374000.0,
        "Net Income From Continuing And Discontinued Operation": -27374000.0,
        "Total Expenses": 29461000.0,
        "Total Operating Income As Reported": -29461000.0,
        "Diluted Average Shares": 47276684.0,
        "Basic Average Shares": 47276684.0,
        "Diluted EPS": -0.58,
        "Basic EPS": -0.58,
        "Diluted NI Availto Com Stockholders": -27374000.0,
        "Net Income Common Stockholders": -27374000.0,
        "Net Income": -27374000.0,
        "Net Income Including Noncontrolling Interests": -27374000.0,
        "Net Income Continuous Operations": -27374000.0,
        "Pretax Income": -27374000.0,
        "Other Income Expense": 2087000.0,
        "Other Non Operating Income Expenses": 2087000.0,
        "Operating Income": -29461000.0,
        "Operating Expense": 29461000.0,
        "Research And Development": 21310000.0,
        "Selling General And Administration": 8151000.0,
        "General And Administrative Expense": 8151000.0,
        "Other Gand A": 8151000.0,
        "Total Revenue": 0.0,
        "Operating Revenue": 0.0
    },
    "2022-03-31": {
        "Diluted EPS": -0.63,
        "Total Revenue": NaN,
        "Gross Profit": NaN,
        "Operating Income": -30,
        "EBIT": -29,
        "Net Income": -29
    },
    "2021-12-31": {
        "Diluted EPS": -0.72,
        "Total Revenue": NaN,
        "Gross Profit": NaN,
        "Operating Income": -33,
        "EBIT": -32,
        "Net Income": -33
    },
    "2021-09-30": {
        "Diluted EPS": -0.66,
        "Total Revenue": NaN,
        "Gross Profit": NaN,
        "Operating Income": -31,
        "EBIT": -30,
        "Net Income": -31
    },
    "2021-06-30": {
        "Diluted EPS": -0.58,
        "Total Revenue": NaN,
        "Gross Profit": NaN,
        "Operating Income": -28,
        "EBIT": -28,
        "Net Income": -27
    },
    "2021-03-31": {
        "Diluted EPS": -0.47,
        "Total Revenue": NaN,
        "Gross Profit": NaN,
        "Operating Income": -22,
        "EBIT": -22,
        "Net Income": -21
    },
    "2020-12-31": {
        "Diluted EPS": 11.31,
        "Total Revenue": NaN,
        "Gross Profit": NaN,
        "Operating Income": -19,
        "EBIT": -19,
        "Net Income": -19
    },
    "2020-09-30": {
        "Diluted EPS": -5.25,
        "Total Revenue": NaN,
        "Gross Profit": NaN,
        "Operating Income": -18,
        "EBIT": -18,
        "Net Income": -17
    },
    "2020-06-30": {
        "Diluted EPS": -5.5,
        "Total Revenue": NaN,
        "Gross Profit": NaN,
        "Operating Income": -11,
        "EBIT": -11,
        "Net Income": -11
    },
    "2020-03-31": {
        "Diluted EPS": -5.12,
        "Total Revenue": NaN,
        "Gross Profit": NaN,
        "Operating Income": -10,
        "EBIT": -10,
        "Net Income": -10
    },
    "2019-12-31": {
        "Diluted EPS": 0.0,
        "Total Revenue": NaN,
        "Gross Profit": NaN,
        "Operating Income": NaN,
        "EBIT": NaN,
        "Net Income": NaN
    },
    "2019-09-30": {
        "Diluted EPS": -3.93,
        "Total Revenue": NaN,
        "Gross Profit": NaN,
        "Operating Income": -7,
        "EBIT": -7,
        "Net Income": -7
    },
    "2023-06-30": {
        "Tax Effect Of Unusual Items": 0.0,
        "Tax Rate For Calcs": 0.0,
        "Normalized EBITDA": -32117000.0,
        "Net Income From Continuing Operation Net Minority Interest": -30431000.0,
        "Reconciled Depreciation": 281000.0,
        "EBITDA": -32117000.0,
        "EBIT": -32398000.0,
        "Normalized Income": -30431000.0,
        "Net Income From Continuing And Discontinued Operation": -30431000.0,
        "Total Expenses": 32398000.0,
        "Total Operating Income As Reported": -32398000.0,
        "Diluted Average Shares": 56240491.0,
        "Basic Average Shares": 56240491.0,
        "Diluted EPS": -0.54,
        "Basic EPS": -0.54,
        "Diluted NI Availto Com Stockholders": -30431000.0,
        "Net Income Common Stockholders": -30431000.0,
        "Net Income": -30431000.0,
        "Net Income Including Noncontrolling Interests": -30431000.0,
        "Net Income Continuous Operations": -30431000.0,
        "Pretax Income": -30431000.0,
        "Other Income Expense": 1967000.0,
        "Other Non Operating Income Expenses": 1967000.0,
        "Operating Income": -32398000.0,
        "Operating Expense": 32398000.0,
        "Research And Development": 24966000.0,
        "Selling General And Administration": 7432000.0,
        "General And Administrative Expense": 7432000.0,
        "Other Gand A": 7432000.0,
        "Total Revenue": 0.0,
        "Operating Revenue": 0.0
    },
    "2023-09-30": {
        "Tax Effect Of Unusual Items": 0.0,
        "Tax Rate For Calcs": 0.0,
        "Normalized EBITDA": -33106000.0,
        "Net Income From Continuing Operation Net Minority Interest": -30608000.0,
        "Reconciled Depreciation": 279000.0,
        "EBITDA": -33106000.0,
        "EBIT": -33385000.0,
        "Normalized Income": -30608000.0,
        "Net Income From Continuing And Discontinued Operation": -30608000.0,
        "Total Expenses": 33385000.0,
        "Total Operating Income As Reported": -33385000.0,
        "Diluted Average Shares": 67639993.0,
        "Basic Average Shares": 67639993.0,
        "Diluted EPS": -0.45,
        "Basic EPS": -0.45,
        "Diluted NI Availto Com Stockholders": -30608000.0,
        "Net Income Common Stockholders": -30608000.0,
        "Net Income": -30608000.0,
        "Net Income Including Noncontrolling Interests": -30608000.0,
        "Net Income Continuous Operations": -30608000.0,
        "Pretax Income": -30608000.0,
        "Other Income Expense": 2777000.0,
        "Other Non Operating Income Expenses": 2777000.0,
        "Operating Income": -33385000.0,
        "Operating Expense": 33385000.0,
        "Research And Development": 26261000.0,
        "Selling General And Administration": 7124000.0,
        "General And Administrative Expense": 7124000.0,
        "Other Gand A": 7124000.0,
        "Total Revenue": 0.0,
        "Operating Revenue": 0.0
    },
    "2023-12-31": {
        "Tax Effect Of Unusual Items": 0.0,
        "Tax Rate For Calcs": 0.0,
        "Normalized EBITDA": -37048000.0,
        "Net Income From Continuing Operation Net Minority Interest": -33075000.0,
        "Reconciled Depreciation": 331000.0,
        "EBITDA": -37048000.0,
        "EBIT": -37379000.0,
        "Normalized Income": -33075000.0,
        "Net Income From Continuing And Discontinued Operation": -33075000.0,
        "Total Expenses": 37379000.0,
        "Total Operating Income As Reported": -37379000.0,
        "Diluted Average Shares": NaN,
        "Basic Average Shares": NaN,
        "Diluted EPS": NaN,
        "Basic EPS": NaN,
        "Diluted NI Availto Com Stockholders": -33075000.0,
        "Net Income Common Stockholders": -33075000.0,
        "Net Income": -33075000.0,
        "Net Income Including Noncontrolling Interests": -33075000.0,
        "Net Income Continuous Operations": -33075000.0,
        "Pretax Income": -33075000.0,
        "Other Income Expense": 4304000.0,
        "Other Non Operating Income Expenses": 4304000.0,
        "Operating Income": -37379000.0,
        "Operating Expense": 37379000.0,
        "Research And Development": 30332000.0,
        "Selling General And Administration": 7047000.0,
        "General And Administrative Expense": 7047000.0,
        "Other Gand A": 7047000.0,
        "Total Revenue": 0.0,
        "Operating Revenue": 0.0
    },
    "2024-03-31": {
        "Tax Effect Of Unusual Items": 0.0,
        "Tax Rate For Calcs": 0.0,
        "Normalized EBITDA": -33917000.0,
        "Net Income From Continuing Operation Net Minority Interest": -31431000.0,
        "Reconciled Depreciation": 426000.0,
        "EBITDA": -33917000.0,
        "EBIT": -34343000.0,
        "Normalized Income": -31431000.0,
        "Net Income From Continuing And Discontinued Operation": -31431000.0,
        "Total Expenses": 34343000.0,
        "Total Operating Income As Reported": -34343000.0,
        "Diluted Average Shares": 75735954.0,
        "Basic Average Shares": 75735954.0,
        "Diluted EPS": -0.42,
        "Basic EPS": -0.42,
        "Diluted NI Availto Com Stockholders": -31431000.0,
        "Net Income Common Stockholders": -31431000.0,
        "Net Income": -31431000.0,
        "Net Income Including Noncontrolling Interests": -31431000.0,
        "Net Income Continuous Operations": -31431000.0,
        "Pretax Income": -31431000.0,
        "Other Income Expense": 2912000.0,
        "Other Non Operating Income Expenses": 2912000.0,
        "Operating Income": -34343000.0,
        "Operating Expense": 34343000.0,
        "Research And Development": 27409000.0,
        "Selling General And Administration": 6934000.0,
        "General And Administrative Expense": 6934000.0,
        "Other Gand A": 6934000.0,
        "Total Revenue": 0.0,
        "Operating Revenue": 0.0
    },
    "2024-06-30": {
        "Tax Effect Of Unusual Items": 0.0,
        "Tax Rate For Calcs": 0.0,
        "Normalized EBITDA": -36712000.0,
        "Net Income From Continuing Operation Net Minority Interest": -34740000.0,
        "Reconciled Depreciation": 452000.0,
        "EBITDA": -36712000.0,
        "EBIT": -37164000.0,
        "Normalized Income": -34740000.0,
        "Net Income From Continuing And Discontinued Operation": -34740000.0,
        "Total Expenses": 37164000.0,
        "Total Operating Income As Reported": -37164000.0,
        "Diluted Average Shares": 75762152.0,
        "Basic Average Shares": 75762152.0,
        "Diluted EPS": -0.46,
        "Basic EPS": -0.46,
        "Diluted NI Availto Com Stockholders": -34740000.0,
        "Net Income Common Stockholders": -34740000.0,
        "Net Income": -34740000.0,
        "Net Income Including Noncontrolling Interests": -34740000.0,
        "Net Income Continuous Operations": -34740000.0,
        "Pretax Income": -34740000.0,
        "Other Income Expense": 2424000.0,
        "Other Non Operating Income Expenses": 2424000.0,
        "Operating Income": -37164000.0,
        "Operating Expense": 37164000.0,
        "Research And Development": 29509000.0,
        "Selling General And Administration": 7655000.0,
        "General And Administrative Expense": 7655000.0,
        "Other Gand A": 7655000.0,
        "Total Revenue": 0.0,
        "Operating Revenue": 0.0
    }
}