{
    "2023-03-31": {
        "Tax Effect Of Unusual Items": NaN,
        "Tax Rate For Calcs": NaN,
        "Normalized EBITDA": NaN,
        "Total Unusual Items": NaN,
        "Total Unusual Items Excluding Goodwill": NaN,
        "Net Income From Continuing Operation Net Minority Interest": NaN,
        "Reconciled Depreciation": NaN,
        "Reconciled Cost Of Revenue": NaN,
        "EBITDA": NaN,
        "EBIT": NaN,
        "Net Interest Income": NaN,
        "Interest Expense": NaN,
        "Normalized Income": NaN,
        "Net Income From Continuing And Discontinued Operation": NaN,
        "Total Expenses": NaN,
        "Total Operating Income As Reported": NaN,
        "Diluted Average Shares": NaN,
        "Basic Average Shares": NaN,
        "Diluted EPS": NaN,
        "Basic EPS": NaN,
        "Diluted NI Availto Com Stockholders": NaN,
        "Net Income Common Stockholders": NaN,
        "Net Income": NaN,
        "Net Income Including Noncontrolling Interests": NaN,
        "Net Income Continuous Operations": NaN,
        "Tax Provision": NaN,
        "Pretax Income": NaN,
        "Other Income Expense": NaN,
        "Other Non Operating Income Expenses": NaN,
        "Special Income Charges": NaN,
        "Impairment Of Capital Assets": NaN,
        "Restructuring And Mergern Acquisition": NaN,
        "Gain On Sale Of Security": NaN,
        "Net Non Operating Interest Income Expense": NaN,
        "Interest Expense Non Operating": NaN,
        "Operating Income": NaN,
        "Operating Expense": NaN,
        "Other Operating Expenses": NaN,
        "Depreciation Amortization Depletion Income Statement": NaN,
        "Depreciation And Amortization In Income Statement": NaN,
        "Amortization": NaN,
        "Amortization Of Intangibles Income Statement": NaN,
        "Selling General And Administration": NaN,
        "General And Administrative Expense": 10465000.0,
        "Other Gand A": 10465000.0,
        "Gross Profit": NaN,
        "Cost Of Revenue": NaN,
        "Total Revenue": NaN,
        "Operating Revenue": NaN
    },
    "2022-12-31": {
        "Tax Effect Of Unusual Items": 1793991.017726,
        "Tax Rate For Calcs": 0.362936,
        "Normalized EBITDA": -28891000.0,
        "Total Unusual Items": 4943000.0,
        "Total Unusual Items Excluding Goodwill": 4943000.0,
        "Net Income From Continuing Operation Net Minority Interest": -31987000.0,
        "Reconciled Depreciation": 16259000.0,
        "Reconciled Cost Of Revenue": 23547000.0,
        "EBITDA": -23948000.0,
        "EBIT": -40207000.0,
        "Net Interest Income": -10003000.0,
        "Interest Expense": 10003000.0,
        "Normalized Income": -35136008.982274,
        "Net Income From Continuing And Discontinued Operation": -31987000.0,
        "Total Expenses": 86106000.0,
        "Total Operating Income As Reported": -44833000.0,
        "Diluted Average Shares": 157945813.0,
        "Basic Average Shares": 157945813.0,
        "Diluted EPS": -0.38,
        "Basic EPS": -0.38,
        "Diluted NI Availto Com Stockholders": -31987000.0,
        "Net Income Common Stockholders": -31987000.0,
        "Net Income": -31987000.0,
        "Net Income Including Noncontrolling Interests": -31987000.0,
        "Net Income Continuous Operations": -31987000.0,
        "Tax Provision": -18223000.0,
        "Pretax Income": -50210000.0,
        "Other Income Expense": 4626000.0,
        "Other Non Operating Income Expenses": -317000.0,
        "Special Income Charges": -336000.0,
        "Impairment Of Capital Assets": NaN,
        "Restructuring And Mergern Acquisition": 336000.0,
        "Gain On Sale Of Security": 5279000.0,
        "Net Non Operating Interest Income Expense": -10003000.0,
        "Interest Expense Non Operating": 10003000.0,
        "Operating Income": -44833000.0,
        "Operating Expense": 60010000.0,
        "Other Operating Expenses": 36784000.0,
        "Depreciation Amortization Depletion Income Statement": 13710000.0,
        "Depreciation And Amortization In Income Statement": 13710000.0,
        "Amortization": 13710000.0,
        "Amortization Of Intangibles Income Statement": 13710000.0,
        "Selling General And Administration": 9516000.0,
        "General And Administrative Expense": NaN,
        "Other Gand A": NaN,
        "Gross Profit": 15177000.0,
        "Cost Of Revenue": 26096000.0,
        "Total Revenue": 41273000.0,
        "Operating Revenue": 40583000.0
    },
    "2022-09-30": {
        "Tax Effect Of Unusual Items": NaN,
        "Tax Rate For Calcs": NaN,
        "Normalized EBITDA": NaN,
        "Total Unusual Items": NaN,
        "Total Unusual Items Excluding Goodwill": NaN,
        "Net Income From Continuing Operation Net Minority Interest": NaN,
        "Reconciled Depreciation": NaN,
        "Reconciled Cost Of Revenue": NaN,
        "EBITDA": NaN,
        "EBIT": NaN,
        "Net Interest Income": NaN,
        "Interest Expense": NaN,
        "Normalized Income": NaN,
        "Net Income From Continuing And Discontinued Operation": NaN,
        "Total Expenses": NaN,
        "Total Operating Income As Reported": NaN,
        "Diluted Average Shares": NaN,
        "Basic Average Shares": NaN,
        "Diluted EPS": NaN,
        "Basic EPS": NaN,
        "Diluted NI Availto Com Stockholders": NaN,
        "Net Income Common Stockholders": NaN,
        "Net Income": NaN,
        "Net Income Including Noncontrolling Interests": NaN,
        "Net Income Continuous Operations": NaN,
        "Tax Provision": NaN,
        "Pretax Income": NaN,
        "Other Income Expense": NaN,
        "Other Non Operating Income Expenses": NaN,
        "Special Income Charges": NaN,
        "Impairment Of Capital Assets": 0.0,
        "Restructuring And Mergern Acquisition": NaN,
        "Gain On Sale Of Security": NaN,
        "Net Non Operating Interest Income Expense": NaN,
        "Interest Expense Non Operating": NaN,
        "Operating Income": NaN,
        "Operating Expense": NaN,
        "Other Operating Expenses": NaN,
        "Depreciation Amortization Depletion Income Statement": NaN,
        "Depreciation And Amortization In Income Statement": NaN,
        "Amortization": NaN,
        "Amortization Of Intangibles Income Statement": NaN,
        "Selling General And Administration": NaN,
        "General And Administrative Expense": -51332000.0,
        "Other Gand A": -51332000.0,
        "Gross Profit": NaN,
        "Cost Of Revenue": NaN,
        "Total Revenue": NaN,
        "Operating Revenue": NaN
    },
    "2022-06-30": {
        "Tax Effect Of Unusual Items": 2496800.0,
        "Tax Rate For Calcs": 0.4,
        "Normalized EBITDA": 29246000.0,
        "Total Unusual Items": 6242000.0,
        "Total Unusual Items Excluding Goodwill": 6242000.0,
        "Net Income From Continuing Operation Net Minority Interest": 7223000.0,
        "Reconciled Depreciation": 16715000.0,
        "Reconciled Cost Of Revenue": 69510000.0,
        "EBITDA": 35488000.0,
        "EBIT": 18773000.0,
        "Net Interest Income": -12142000.0,
        "Interest Expense": 12142000.0,
        "Normalized Income": 3477800.0,
        "Net Income From Continuing And Discontinued Operation": 7223000.0,
        "Total Expenses": 88634000.0,
        "Total Operating Income As Reported": 12331000.0,
        "Diluted Average Shares": 177059844.0,
        "Basic Average Shares": 162917478.0,
        "Diluted EPS": 0.05,
        "Basic EPS": 0.05,
        "Diluted NI Availto Com Stockholders": 7223000.0,
        "Net Income Common Stockholders": 7223000.0,
        "Net Income": 7223000.0,
        "Net Income Including Noncontrolling Interests": 7223000.0,
        "Net Income Continuous Operations": 7223000.0,
        "Tax Provision": -592000.0,
        "Pretax Income": 6631000.0,
        "Other Income Expense": 6442000.0,
        "Other Non Operating Income Expenses": 200000.0,
        "Special Income Charges": 9398000.0,
        "Restructuring And Mergern Acquisition": -9398000.0,
        "Gain On Sale Of Security": -3156000.0,
        "Net Non Operating Interest Income Expense": -12142000.0,
        "Interest Expense Non Operating": 12142000.0,
        "Operating Income": 12331000.0,
        "Operating Expense": 16211000.0,
        "Other Operating Expenses": 260000.0,
        "Depreciation Amortization Depletion Income Statement": 13802000.0,
        "Depreciation And Amortization In Income Statement": 13802000.0,
        "Amortization": 13802000.0,
        "Amortization Of Intangibles Income Statement": 13802000.0,
        "Selling General And Administration": 2149000.0,
        "General And Administrative Expense": 2149000.0,
        "Other Gand A": 2149000.0,
        "Gross Profit": 28542000.0,
        "Cost Of Revenue": 72423000.0,
        "Total Revenue": 100965000.0,
        "Operating Revenue": 100487000.0
    },
    "2023-06-30": {
        "Tax Effect Of Unusual Items": -3322.1,
        "Tax Rate For Calcs": 0.0139,
        "Normalized EBITDA": 79460000.0,
        "Total Unusual Items": -239000.0,
        "Total Unusual Items Excluding Goodwill": -239000.0,
        "Net Income From Continuing Operation Net Minority Interest": 52014000.0,
        "Reconciled Depreciation": 16130000.0,
        "Reconciled Cost Of Revenue": 41781000.0,
        "EBITDA": 79221000.0,
        "EBIT": 63091000.0,
        "Net Interest Income": -10344000.0,
        "Interest Expense": 10344000.0,
        "Normalized Income": 52249677.9,
        "Net Income From Continuing And Discontinued Operation": 52014000.0,
        "Total Expenses": 12790000.0,
        "Total Operating Income As Reported": 63347000.0,
        "Diluted Average Shares": 168310311.0,
        "Basic Average Shares": 156525006.0,
        "Diluted EPS": 0.31,
        "Basic EPS": 0.33,
        "Diluted NI Availto Com Stockholders": 52014000.0,
        "Net Income Common Stockholders": 52014000.0,
        "Net Income": 52014000.0,
        "Net Income Including Noncontrolling Interests": 52014000.0,
        "Net Income Continuous Operations": 52014000.0,
        "Tax Provision": 733000.0,
        "Pretax Income": 52747000.0,
        "Other Income Expense": -256000.0,
        "Other Non Operating Income Expenses": -17000.0,
        "Special Income Charges": -146000.0,
        "Impairment Of Capital Assets": NaN,
        "Restructuring And Mergern Acquisition": 146000.0,
        "Gain On Sale Of Security": -93000.0,
        "Net Non Operating Interest Income Expense": -10344000.0,
        "Interest Expense Non Operating": 10344000.0,
        "Operating Income": 63347000.0,
        "Operating Expense": -31350000.0,
        "Other Operating Expenses": -60018000.0,
        "Depreciation Amortization Depletion Income Statement": 13771000.0,
        "Depreciation And Amortization In Income Statement": 13771000.0,
        "Amortization": 13771000.0,
        "Amortization Of Intangibles Income Statement": 13771000.0,
        "Selling General And Administration": 14897000.0,
        "General And Administrative Expense": NaN,
        "Other Gand A": NaN,
        "Gross Profit": 31997000.0,
        "Cost Of Revenue": 44140000.0,
        "Total Revenue": 76137000.0,
        "Operating Revenue": 75649000.0
    },
    "2022-03-31": {
        "Diluted EPS": 0.21,
        "Total Revenue": 58,
        "Gross Profit": 16,
        "Operating Income": 43,
        "EBIT": 66,
        "Net Income": 37
    },
    "2021-12-31": {
        "Diluted EPS": -4.77,
        "Total Revenue": 46,
        "Gross Profit": 10,
        "Operating Income": -673,
        "EBIT": -642,
        "Net Income": -691
    },
    "2021-09-30": {
        "Diluted EPS": 0.98,
        "Total Revenue": 195,
        "Gross Profit": 109,
        "Operating Income": 80,
        "EBIT": 96,
        "Net Income": 52
    },
    "2021-06-30": {
        "Diluted EPS": -0.07,
        "Total Revenue": 87,
        "Gross Profit": 38,
        "Operating Income": 6,
        "EBIT": 22,
        "Net Income": -4
    },
    "2021-03-31": {
        "Diluted EPS": -0.35,
        "Total Revenue": 34,
        "Gross Profit": 9,
        "Operating Income": -14,
        "EBIT": 2,
        "Net Income": -19
    },
    "2020-12-31": {
        "Diluted EPS": 0.0,
        "Total Revenue": NaN,
        "Gross Profit": NaN,
        "Operating Income": NaN,
        "EBIT": NaN,
        "Net Income": NaN
    },
    "2019-12-31": {
        "Diluted EPS": 0.0,
        "Total Revenue": NaN,
        "Gross Profit": NaN,
        "Operating Income": NaN,
        "EBIT": NaN,
        "Net Income": NaN
    },
    "2023-09-30": {
        "Tax Effect Of Unusual Items": -5647502.3,
        "Tax Rate For Calcs": 0.1639,
        "Normalized EBITDA": 84242000.0,
        "Total Unusual Items": -34457000.0,
        "Total Unusual Items Excluding Goodwill": -34457000.0,
        "Net Income From Continuing Operation Net Minority Interest": 19282000.0,
        "Reconciled Depreciation": 16276000.0,
        "Reconciled Cost Of Revenue": 70327000.0,
        "EBITDA": 49785000.0,
        "EBIT": 33509000.0,
        "Net Interest Income": -10448000.0,
        "Interest Expense": 10448000.0,
        "Normalized Income": 48091497.7,
        "Net Income From Continuing And Discontinued Operation": 19282000.0,
        "Total Expenses": 74752000.0,
        "Total Operating Income As Reported": 27168000.0,
        "Diluted Average Shares": 165479465.0,
        "Basic Average Shares": 153694160.0,
        "Diluted EPS": 0.12,
        "Basic EPS": 0.13,
        "Diluted NI Availto Com Stockholders": 19282000.0,
        "Net Income Common Stockholders": 19282000.0,
        "Net Income": 19282000.0,
        "Net Income Including Noncontrolling Interests": 19282000.0,
        "Net Income Continuous Operations": 19282000.0,
        "Tax Provision": 3779000.0,
        "Pretax Income": 23061000.0,
        "Other Income Expense": -34397000.0,
        "Other Non Operating Income Expenses": 60000.0,
        "Special Income Charges": -33073000.0,
        "Impairment Of Capital Assets": 40738000.0,
        "Restructuring And Mergern Acquisition": -7665000.0,
        "Gain On Sale Of Security": -1384000.0,
        "Net Non Operating Interest Income Expense": -10448000.0,
        "Interest Expense Non Operating": 10448000.0,
        "Operating Income": 67906000.0,
        "Operating Expense": 1927000.0,
        "Other Operating Expenses": -24544000.0,
        "Depreciation Amortization Depletion Income Statement": 13778000.0,
        "Depreciation And Amortization In Income Statement": 13778000.0,
        "Amortization": 13778000.0,
        "Amortization Of Intangibles Income Statement": 13778000.0,
        "Selling General And Administration": 12693000.0,
        "Gross Profit": 69833000.0,
        "Cost Of Revenue": 72825000.0,
        "Total Revenue": 142658000.0,
        "Operating Revenue": 142192000.0
    },
    "2023-12-31": {
        "Tax Effect Of Unusual Items": 569298.66159,
        "Tax Rate For Calcs": 0.236126,
        "Normalized EBITDA": 7057000.0,
        "Total Unusual Items": 2411000.0,
        "Total Unusual Items Excluding Goodwill": 2411000.0,
        "Net Income From Continuing Operation Net Minority Interest": -13241000.0,
        "Reconciled Depreciation": 16362000.0,
        "Reconciled Cost Of Revenue": 36135000.0,
        "EBITDA": 9468000.0,
        "EBIT": -6894000.0,
        "Net Interest Income": -10440000.0,
        "Interest Expense": 10440000.0,
        "Normalized Income": -15082701.33841,
        "Net Income From Continuing And Discontinued Operation": -13241000.0,
        "Total Expenses": 68372000.0,
        "Total Operating Income As Reported": -8917000.0,
        "Diluted Average Shares": 150833523.0,
        "Basic Average Shares": 150833523.0,
        "Diluted EPS": -0.09,
        "Basic EPS": -0.09,
        "Diluted NI Availto Com Stockholders": -13241000.0,
        "Net Income Common Stockholders": -13241000.0,
        "Net Income": -13241000.0,
        "Net Income Including Noncontrolling Interests": -13241000.0,
        "Net Income Continuous Operations": -13241000.0,
        "Tax Provision": -4093000.0,
        "Pretax Income": -17334000.0,
        "Other Income Expense": 2023000.0,
        "Other Non Operating Income Expenses": -388000.0,
        "Special Income Charges": 0.0,
        "Impairment Of Capital Assets": 0.0,
        "Restructuring And Mergern Acquisition": 0.0,
        "Gain On Sale Of Security": 2411000.0,
        "Net Non Operating Interest Income Expense": -10440000.0,
        "Interest Expense Non Operating": 10440000.0,
        "Operating Income": -8917000.0,
        "Operating Expense": 29628000.0,
        "Other Operating Expenses": 325000.0,
        "Depreciation Amortization Depletion Income Statement": 13753000.0,
        "Depreciation And Amortization In Income Statement": 13753000.0,
        "Amortization": 13753000.0,
        "Amortization Of Intangibles Income Statement": 13753000.0,
        "Selling General And Administration": 15550000.0,
        "Gross Profit": 20711000.0,
        "Cost Of Revenue": 38744000.0,
        "Total Revenue": 59455000.0,
        "Operating Revenue": 59188000.0
    },
    "2024-03-31": {
        "Tax Effect Of Unusual Items": -63615.6,
        "Tax Rate For Calcs": 0.0492,
        "Normalized EBITDA": -58479000.0,
        "Total Unusual Items": -1293000.0,
        "Total Unusual Items Excluding Goodwill": -1293000.0,
        "Net Income From Continuing Operation Net Minority Interest": -82558000.0,
        "Reconciled Depreciation": 16412000.0,
        "Reconciled Cost Of Revenue": 35701000.0,
        "EBITDA": -59772000.0,
        "EBIT": -76184000.0,
        "Net Interest Income": -10648000.0,
        "Interest Expense": 10648000.0,
        "Normalized Income": -81328615.6,
        "Net Income From Continuing And Discontinued Operation": -82558000.0,
        "Total Expenses": 133908000.0,
        "Total Operating Income As Reported": 74864000.0,
        "Diluted Average Shares": 145326933.0,
        "Basic Average Shares": 145326933.0,
        "Diluted EPS": -0.57,
        "Basic EPS": -0.57,
        "Diluted NI Availto Com Stockholders": -82558000.0,
        "Net Income Common Stockholders": -82558000.0,
        "Net Income": -82558000.0,
        "Net Income Including Noncontrolling Interests": -82558000.0,
        "Net Income Continuous Operations": -82558000.0,
        "Tax Provision": -4274000.0,
        "Pretax Income": -86832000.0,
        "Other Income Expense": -1320000.0,
        "Other Non Operating Income Expenses": -27000.0,
        "Special Income Charges": 0.0,
        "Impairment Of Capital Assets": NaN,
        "Restructuring And Mergern Acquisition": 0.0,
        "Gain On Sale Of Security": -1293000.0,
        "Net Non Operating Interest Income Expense": -10648000.0,
        "Interest Expense Non Operating": 10648000.0,
        "Operating Income": -74864000.0,
        "Operating Expense": 95566000.0,
        "Other Operating Expenses": 68333000.0,
        "Depreciation Amortization Depletion Income Statement": 13771000.0,
        "Depreciation And Amortization In Income Statement": 13771000.0,
        "Amortization": 13771000.0,
        "Amortization Of Intangibles Income Statement": 13771000.0,
        "Selling General And Administration": 13462000.0,
        "Gross Profit": 20702000.0,
        "Cost Of Revenue": 38342000.0,
        "Total Revenue": 59044000.0,
        "Operating Revenue": 58964000.0
    },
    "2024-06-30": {
        "Tax Effect Of Unusual Items": -81916.8,
        "Tax Rate For Calcs": 0.3657,
        "Normalized EBITDA": 61303000.0,
        "Total Unusual Items": -224000.0,
        "Total Unusual Items Excluding Goodwill": -224000.0,
        "Net Income From Continuing Operation Net Minority Interest": 21650000.0,
        "Reconciled Depreciation": 16359000.0,
        "Reconciled Cost Of Revenue": 51405000.0,
        "EBITDA": 61079000.0,
        "EBIT": 44720000.0,
        "Net Interest Income": -10590000.0,
        "Interest Expense": 10590000.0,
        "Normalized Income": 21792083.2,
        "Net Income From Continuing And Discontinued Operation": 21650000.0,
        "Total Expenses": 82258000.0,
        "Total Operating Income As Reported": 45018000.0,
        "Diluted Average Shares": 154664770.0,
        "Basic Average Shares": 145236526.0,
        "Diluted EPS": 0.14,
        "Basic EPS": 0.15,
        "Diluted NI Availto Com Stockholders": 21650000.0,
        "Net Income Common Stockholders": 21650000.0,
        "Net Income": 21650000.0,
        "Net Income Including Noncontrolling Interests": 21650000.0,
        "Net Income Continuous Operations": 21650000.0,
        "Tax Provision": 12480000.0,
        "Pretax Income": 34130000.0,
        "Other Income Expense": -298000.0,
        "Other Non Operating Income Expenses": -74000.0,
        "Special Income Charges": 0.0,
        "Impairment Of Capital Assets": NaN,
        "Restructuring And Mergern Acquisition": 0.0,
        "Gain On Sale Of Security": -224000.0,
        "Net Non Operating Interest Income Expense": -10590000.0,
        "Interest Expense Non Operating": 10590000.0,
        "Operating Income": 45018000.0,
        "Operating Expense": 28249000.0,
        "Other Operating Expenses": 588000.0,
        "Depreciation Amortization Depletion Income Statement": 13755000.0,
        "Depreciation And Amortization In Income Statement": 13755000.0,
        "Amortization": 13755000.0,
        "Amortization Of Intangibles Income Statement": 13755000.0,
        "Selling General And Administration": 13906000.0,
        "Gross Profit": 73267000.0,
        "Cost Of Revenue": 54009000.0,
        "Total Revenue": 127276000.0,
        "Operating Revenue": 127170000.0
    },
    "2024-09-30": {
        "Tax Effect Of Unusual Items": 284340.0,
        "Tax Rate For Calcs": 0.21,
        "Normalized EBITDA": -18946000.0,
        "Total Unusual Items": 1354000.0,
        "Total Unusual Items Excluding Goodwill": 1354000.0,
        "Net Income From Continuing Operation Net Minority Interest": -89167000.0,
        "Reconciled Depreciation": 16444000.0,
        "Reconciled Cost Of Revenue": 104516000.0,
        "EBITDA": -17592000.0,
        "EBIT": -34036000.0,
        "Net Interest Income": -10054000.0,
        "Interest Expense": 10054000.0,
        "Normalized Income": -90236660.0,
        "Net Income From Continuing And Discontinued Operation": -89167000.0,
        "Total Expenses": 323656000.0,
        "Total Operating Income As Reported": -35239000.0,
        "Diluted Average Shares": 145222189.0,
        "Basic Average Shares": 145222189.0,
        "Diluted EPS": -0.61,
        "Basic EPS": -0.61,
        "Diluted NI Availto Com Stockholders": -89167000.0,
        "Net Income Common Stockholders": -89167000.0,
        "Net Income": -89167000.0,
        "Net Income Including Noncontrolling Interests": -89167000.0,
        "Net Income Continuous Operations": -89167000.0,
        "Tax Provision": 45077000.0,
        "Pretax Income": -44090000.0,
        "Other Income Expense": 1203000.0,
        "Other Non Operating Income Expenses": -151000.0,
        "Special Income Charges": 0.0,
        "Impairment Of Capital Assets": 0.0,
        "Restructuring And Mergern Acquisition": 0.0,
        "Gain On Sale Of Security": 1354000.0,
        "Net Non Operating Interest Income Expense": -10054000.0,
        "Interest Expense Non Operating": 10054000.0,
        "Operating Income": -35239000.0,
        "Operating Expense": 216461000.0,
        "Other Operating Expenses": 184176000.0,
        "Depreciation Amortization Depletion Income Statement": 13765000.0,
        "Depreciation And Amortization In Income Statement": 13765000.0,
        "Amortization": 13765000.0,
        "Amortization Of Intangibles Income Statement": 13765000.0,
        "Selling General And Administration": 18520000.0,
        "Gross Profit": 181222000.0,
        "Cost Of Revenue": 107195000.0,
        "Total Revenue": 288417000.0,
        "Operating Revenue": 288377000.0
    }
}