{
    "2023-03-31": {
        "Tax Effect Of Unusual Items": NaN,
        "Tax Rate For Calcs": NaN,
        "Normalized EBITDA": NaN,
        "Total Unusual Items": NaN,
        "Total Unusual Items Excluding Goodwill": NaN,
        "Net Income From Continuing Operation Net Minority Interest": NaN,
        "Reconciled Depreciation": NaN,
        "Reconciled Cost Of Revenue": NaN,
        "EBITDA": NaN,
        "EBIT": NaN,
        "Net Interest Income": NaN,
        "Interest Expense": NaN,
        "Normalized Income": NaN,
        "Net Income From Continuing And Discontinued Operation": NaN,
        "Total Expenses": NaN,
        "Total Operating Income As Reported": NaN,
        "Diluted Average Shares": NaN,
        "Basic Average Shares": NaN,
        "Diluted EPS": NaN,
        "Basic EPS": NaN,
        "Diluted NI Availto Com Stockholders": NaN,
        "Net Income Common Stockholders": NaN,
        "Net Income": NaN,
        "Net Income Including Noncontrolling Interests": NaN,
        "Net Income Discontinuous Operations": 2600000.0,
        "Net Income Continuous Operations": NaN,
        "Tax Provision": NaN,
        "Pretax Income": NaN,
        "Other Income Expense": NaN,
        "Other Non Operating Income Expenses": NaN,
        "Special Income Charges": NaN,
        "Gain On Sale Of Ppe": NaN,
        "Write Off": NaN,
        "Impairment Of Capital Assets": NaN,
        "Restructuring And Mergern Acquisition": NaN,
        "Net Non Operating Interest Income Expense": NaN,
        "Interest Expense Non Operating": NaN,
        "Operating Income": NaN,
        "Operating Expense": NaN,
        "Selling General And Administration": NaN,
        "Gross Profit": NaN,
        "Cost Of Revenue": NaN,
        "Total Revenue": NaN,
        "Operating Revenue": NaN
    },
    "2022-12-31": {
        "Tax Effect Of Unusual Items": NaN,
        "Tax Rate For Calcs": NaN,
        "Normalized EBITDA": NaN,
        "Total Unusual Items": NaN,
        "Total Unusual Items Excluding Goodwill": NaN,
        "Net Income From Continuing Operation Net Minority Interest": NaN,
        "Reconciled Depreciation": NaN,
        "Reconciled Cost Of Revenue": NaN,
        "EBITDA": NaN,
        "EBIT": NaN,
        "Net Interest Income": NaN,
        "Interest Expense": NaN,
        "Normalized Income": NaN,
        "Net Income From Continuing And Discontinued Operation": NaN,
        "Total Expenses": NaN,
        "Total Operating Income As Reported": NaN,
        "Diluted Average Shares": NaN,
        "Basic Average Shares": NaN,
        "Diluted EPS": NaN,
        "Basic EPS": NaN,
        "Diluted NI Availto Com Stockholders": NaN,
        "Net Income Common Stockholders": NaN,
        "Net Income": NaN,
        "Net Income Including Noncontrolling Interests": NaN,
        "Net Income Discontinuous Operations": NaN,
        "Net Income Continuous Operations": NaN,
        "Tax Provision": NaN,
        "Pretax Income": NaN,
        "Other Income Expense": NaN,
        "Other Non Operating Income Expenses": NaN,
        "Special Income Charges": NaN,
        "Gain On Sale Of Ppe": NaN,
        "Write Off": NaN,
        "Impairment Of Capital Assets": 0.0,
        "Restructuring And Mergern Acquisition": NaN,
        "Net Non Operating Interest Income Expense": NaN,
        "Interest Expense Non Operating": NaN,
        "Operating Income": NaN,
        "Operating Expense": NaN,
        "Selling General And Administration": NaN,
        "Gross Profit": NaN,
        "Cost Of Revenue": NaN,
        "Total Revenue": NaN,
        "Operating Revenue": NaN
    },
    "2022-09-30": {
        "Tax Effect Of Unusual Items": NaN,
        "Tax Rate For Calcs": NaN,
        "Normalized EBITDA": NaN,
        "Total Unusual Items": NaN,
        "Total Unusual Items Excluding Goodwill": NaN,
        "Net Income From Continuing Operation Net Minority Interest": NaN,
        "Reconciled Depreciation": NaN,
        "Reconciled Cost Of Revenue": NaN,
        "EBITDA": NaN,
        "EBIT": NaN,
        "Net Interest Income": NaN,
        "Interest Expense": NaN,
        "Normalized Income": NaN,
        "Net Income From Continuing And Discontinued Operation": NaN,
        "Total Expenses": NaN,
        "Total Operating Income As Reported": NaN,
        "Diluted Average Shares": NaN,
        "Basic Average Shares": NaN,
        "Diluted EPS": NaN,
        "Basic EPS": NaN,
        "Diluted NI Availto Com Stockholders": NaN,
        "Net Income Common Stockholders": NaN,
        "Net Income": NaN,
        "Net Income Including Noncontrolling Interests": NaN,
        "Net Income Discontinuous Operations": NaN,
        "Net Income Continuous Operations": NaN,
        "Tax Provision": NaN,
        "Pretax Income": NaN,
        "Other Income Expense": NaN,
        "Other Non Operating Income Expenses": NaN,
        "Special Income Charges": NaN,
        "Gain On Sale Of Ppe": NaN,
        "Write Off": 0.0,
        "Impairment Of Capital Assets": 0.0,
        "Restructuring And Mergern Acquisition": NaN,
        "Net Non Operating Interest Income Expense": NaN,
        "Interest Expense Non Operating": NaN,
        "Operating Income": NaN,
        "Operating Expense": NaN,
        "Selling General And Administration": NaN,
        "Gross Profit": NaN,
        "Cost Of Revenue": NaN,
        "Total Revenue": NaN,
        "Operating Revenue": NaN
    },
    "2022-06-30": {
        "Tax Effect Of Unusual Items": -13640000.0,
        "Tax Rate For Calcs": 0.4,
        "Normalized EBITDA": 90200000.0,
        "Total Unusual Items": -34100000.0,
        "Total Unusual Items Excluding Goodwill": -34100000.0,
        "Net Income From Continuing Operation Net Minority Interest": -22500000.0,
        "Reconciled Depreciation": 60200000.0,
        "Reconciled Cost Of Revenue": 239100000.0,
        "EBITDA": 56100000.0,
        "EBIT": -4100000.0,
        "Net Interest Income": -17000000.0,
        "Interest Expense": 17000000.0,
        "Normalized Income": -2040000.0,
        "Net Income From Continuing And Discontinued Operation": -22500000.0,
        "Total Expenses": 530700000.0,
        "Total Operating Income As Reported": 6600000.0,
        "Diluted Average Shares": 161149000.0,
        "Basic Average Shares": 161149000.0,
        "Diluted EPS": -0.14,
        "Basic EPS": -0.14,
        "Diluted NI Availto Com Stockholders": -22500000.0,
        "Net Income Common Stockholders": -22500000.0,
        "Net Income": -22500000.0,
        "Net Income Including Noncontrolling Interests": -22500000.0,
        "Net Income Continuous Operations": -22500000.0,
        "Tax Provision": 1400000.0,
        "Pretax Income": -21100000.0,
        "Other Income Expense": -44800000.0,
        "Other Non Operating Income Expenses": -10700000.0,
        "Special Income Charges": -34100000.0,
        "Gain On Sale Of Ppe": -100000.0,
        "Impairment Of Capital Assets": 29100000.0,
        "Restructuring And Mergern Acquisition": 4900000.0,
        "Net Non Operating Interest Income Expense": -17000000.0,
        "Interest Expense Non Operating": 17000000.0,
        "Operating Income": 40700000.0,
        "Operating Expense": 291600000.0,
        "Selling General And Administration": 291600000.0,
        "Gross Profit": 332300000.0,
        "Cost Of Revenue": 239100000.0,
        "Total Revenue": 571400000.0,
        "Operating Revenue": 571400000.0
    },
    "2022-03-31": {
        "Diluted EPS": -0.04,
        "Total Revenue": 526,
        "Gross Profit": 300,
        "Operating Income": 15,
        "EBIT": 77,
        "Net Income": -7
    },
    "2021-12-31": {
        "Diluted EPS": -0.02,
        "Total Revenue": 518,
        "Gross Profit": 287,
        "Operating Income": 16,
        "EBIT": 78,
        "Net Income": -3
    },
    "2021-09-30": {
        "Diluted EPS": 0.11,
        "Total Revenue": 551,
        "Gross Profit": 308,
        "Operating Income": 42,
        "EBIT": 96,
        "Net Income": 18
    },
    "2021-06-30": {
        "Diluted EPS": -0.05,
        "Total Revenue": 526,
        "Gross Profit": 297,
        "Operating Income": 32,
        "EBIT": 85,
        "Net Income": -8
    },
    "2021-03-31": {
        "Diluted EPS": -0.06,
        "Total Revenue": 478,
        "Gross Profit": 265,
        "Operating Income": 13,
        "EBIT": 67,
        "Net Income": -10
    },
    "2020-12-31": {
        "Diluted EPS": -0.16,
        "Total Revenue": 505,
        "Gross Profit": 282,
        "Operating Income": 25,
        "EBIT": 76,
        "Net Income": -21
    },
    "2020-09-30": {
        "Diluted EPS": 0.14,
        "Total Revenue": 518,
        "Gross Profit": 304,
        "Operating Income": 41,
        "EBIT": 96,
        "Net Income": 22
    },
    "2020-06-30": {
        "Diluted EPS": -0.85,
        "Total Revenue": 457,
        "Gross Profit": 255,
        "Operating Income": -114,
        "EBIT": -60,
        "Net Income": -136
    },
    "2020-03-31": {
        "Diluted EPS": 0.02,
        "Total Revenue": 474,
        "Gross Profit": 273,
        "Operating Income": -4,
        "EBIT": 42,
        "Net Income": 4
    },
    "2019-12-31": {
        "Diluted EPS": 0.06,
        "Total Revenue": 440,
        "Gross Profit": 260,
        "Operating Income": 14,
        "EBIT": 60,
        "Net Income": 8
    },
    "2019-09-30": {
        "Diluted EPS": 0.07,
        "Total Revenue": 472,
        "Gross Profit": 286,
        "Operating Income": 38,
        "EBIT": 81,
        "Net Income": 10
    },
    "2019-06-30": {
        "Diluted EPS": 0.03,
        "Total Revenue": 456,
        "Gross Profit": 272,
        "Operating Income": 22,
        "EBIT": 65,
        "Net Income": 4
    },
    "2019-03-31": {
        "Diluted EPS": -0.14,
        "Total Revenue": 428,
        "Gross Profit": 243,
        "Operating Income": 1,
        "EBIT": 41,
        "Net Income": -20
    },
    "2018-12-31": {
        "Diluted EPS": 0.02,
        "Total Revenue": 17,
        "Gross Profit": 138,
        "Operating Income": -12,
        "EBIT": 15,
        "Net Income": 1
    },
    "2018-09-30": {
        "Diluted EPS": 0.07,
        "Total Revenue": 609,
        "Gross Profit": 311,
        "Operating Income": 28,
        "EBIT": 78,
        "Net Income": 10
    },
    "2018-06-30": {
        "Diluted EPS": 0.08,
        "Total Revenue": 604,
        "Gross Profit": 301,
        "Operating Income": 21,
        "EBIT": 70,
        "Net Income": 11
    },
    "2018-03-31": {
        "Diluted EPS": 2.54,
        "Total Revenue": 561,
        "Gross Profit": 274,
        "Operating Income": 6,
        "EBIT": 54,
        "Net Income": 361
    },
    "2017-12-31": {
        "Diluted EPS": 0.12,
        "Total Revenue": 571,
        "Gross Profit": 279,
        "Operating Income": 0,
        "EBIT": 51,
        "Net Income": 17
    },
    "2017-09-30": {
        "Diluted EPS": 0.3,
        "Total Revenue": 581,
        "Gross Profit": 293,
        "Operating Income": 22,
        "EBIT": 71,
        "Net Income": 43
    },
    "2017-06-30": {
        "Diluted EPS": -0.18,
        "Total Revenue": 581,
        "Gross Profit": 287,
        "Operating Income": 17,
        "EBIT": 65,
        "Net Income": -25
    },
    "2017-03-31": {
        "Diluted EPS": -0.26,
        "Total Revenue": 537,
        "Gross Profit": 269,
        "Operating Income": 5,
        "EBIT": 48,
        "Net Income": -36
    },
    "2016-12-31": {
        "Diluted EPS": -0.58,
        "Total Revenue": 521,
        "Gross Profit": 259,
        "Operating Income": -9,
        "EBIT": 38,
        "Net Income": -80
    },
    "2016-09-30": {
        "Diluted EPS": -0.02,
        "Total Revenue": 477,
        "Gross Profit": 248,
        "Operating Income": 14,
        "EBIT": 7,
        "Net Income": -3
    },
    "2016-06-30": {
        "Diluted EPS": 0.06,
        "Total Revenue": 765,
        "Gross Profit": 253,
        "Operating Income": 37,
        "EBIT": 90,
        "Net Income": 7
    },
    "2016-03-31": {
        "Diluted EPS": -0.02,
        "Total Revenue": 698,
        "Gross Profit": 214,
        "Operating Income": 15,
        "EBIT": 67,
        "Net Income": -3
    },
    "2015-12-31": {
        "Diluted EPS": -0.04,
        "Total Revenue": 699,
        "Gross Profit": 221,
        "Operating Income": 18,
        "EBIT": -32,
        "Net Income": -4
    },
    "2015-09-30": {
        "Diluted EPS": 0.04,
        "Total Revenue": 756,
        "Gross Profit": 233,
        "Operating Income": 29,
        "EBIT": 87,
        "Net Income": 5
    },
    "2015-06-30": {
        "Diluted EPS": 0.02,
        "Total Revenue": 780,
        "Gross Profit": 241,
        "Operating Income": 46,
        "EBIT": 104,
        "Net Income": 2
    },
    "2015-03-31": {
        "Diluted EPS": -0.06,
        "Total Revenue": 710,
        "Gross Profit": 201,
        "Operating Income": 7,
        "EBIT": 64,
        "Net Income": -6
    },
    "2014-12-31": {
        "Diluted EPS": 0.19,
        "Total Revenue": 544,
        "Gross Profit": 72,
        "Operating Income": -34,
        "EBIT": 0,
        "Net Income": 19
    },
    "2014-09-30": {
        "Diluted EPS": 0.01,
        "Total Revenue": 535,
        "Gross Profit": 70,
        "Operating Income": 19,
        "EBIT": 46,
        "Net Income": 1
    },
    "2014-06-30": {
        "Diluted EPS": -0.06,
        "Total Revenue": 549,
        "Gross Profit": 79,
        "Operating Income": 26,
        "EBIT": 53,
        "Net Income": -6
    },
    "2014-03-31": {
        "Diluted EPS": -0.04,
        "Total Revenue": 475,
        "Gross Profit": 56,
        "Operating Income": 4,
        "EBIT": 30,
        "Net Income": -4
    },
    "2013-12-31": {
        "Diluted EPS": -0.12,
        "Total Revenue": 482,
        "Gross Profit": 77,
        "Operating Income": 15,
        "EBIT": 41,
        "Net Income": -12
    },
    "2013-09-30": {
        "Diluted EPS": 0.13,
        "Total Revenue": 543,
        "Gross Profit": 65,
        "Operating Income": 26,
        "EBIT": 52,
        "Net Income": 12
    },
    "2013-06-30": {
        "Diluted EPS": 0.17,
        "Total Revenue": 564,
        "Gross Profit": 77,
        "Operating Income": 33,
        "EBIT": 58,
        "Net Income": 17
    },
    "2013-03-31": {
        "Diluted EPS": 0.0,
        "Total Revenue": 505,
        "Gross Profit": 56,
        "Operating Income": 15,
        "EBIT": 41,
        "Net Income": NaN
    },
    "2012-12-31": {
        "Diluted EPS": 0.03,
        "Total Revenue": 517,
        "Gross Profit": 84,
        "Operating Income": 17,
        "EBIT": 43,
        "Net Income": 3
    },
    "2012-09-30": {
        "Diluted EPS": 0.15,
        "Total Revenue": 584,
        "Gross Profit": 73,
        "Operating Income": 29,
        "EBIT": 54,
        "Net Income": 15
    },
    "2012-06-30": {
        "Diluted EPS": 0.26,
        "Total Revenue": 626,
        "Gross Profit": 92,
        "Operating Income": 43,
        "EBIT": 68,
        "Net Income": 25
    },
    "2012-03-31": {
        "Diluted EPS": 0.06,
        "Total Revenue": 524,
        "Gross Profit": 63,
        "Operating Income": 21,
        "EBIT": 46,
        "Net Income": 6
    },
    "2011-12-31": {
        "Diluted EPS": -0.12,
        "Total Revenue": 549,
        "Gross Profit": 51,
        "Operating Income": 4,
        "EBIT": 29,
        "Net Income": -12
    },
    "2011-09-30": {
        "Diluted EPS": 0.17,
        "Total Revenue": 611,
        "Gross Profit": 68,
        "Operating Income": 29,
        "EBIT": 54,
        "Net Income": 16
    },
    "2011-06-30": {
        "Diluted EPS": 0.28,
        "Total Revenue": 640,
        "Gross Profit": 88,
        "Operating Income": 43,
        "EBIT": 68,
        "Net Income": 27
    },
    "2011-03-31": {
        "Diluted EPS": 0.07,
        "Total Revenue": 534,
        "Gross Profit": 70,
        "Operating Income": 25,
        "EBIT": 49,
        "Net Income": 7
    },
    "2010-12-31": {
        "Diluted EPS": 0.14,
        "Total Revenue": 529,
        "Gross Profit": 69,
        "Operating Income": 15,
        "EBIT": 41,
        "Net Income": 15
    },
    "2010-09-30": {
        "Diluted EPS": 0.07,
        "Total Revenue": 487,
        "Gross Profit": 67,
        "Operating Income": 20,
        "EBIT": 39,
        "Net Income": 6
    },
    "2010-06-30": {
        "Diluted EPS": 0.28,
        "Total Revenue": 425,
        "Gross Profit": 74,
        "Operating Income": 39,
        "EBIT": 55,
        "Net Income": 22
    },
    "2010-03-31": {
        "Diluted EPS": 0.14,
        "Total Revenue": 363,
        "Gross Profit": 57,
        "Operating Income": 25,
        "EBIT": 42,
        "Net Income": 12
    },
    "2009-12-31": {
        "Diluted EPS": 0.14,
        "Total Revenue": 386,
        "Gross Profit": 55,
        "Operating Income": 14,
        "EBIT": 31,
        "Net Income": 14
    },
    "2009-09-30": {
        "Diluted EPS": 0.18,
        "Total Revenue": 405,
        "Gross Profit": 64,
        "Operating Income": 27,
        "EBIT": 44,
        "Net Income": 14
    },
    "2009-06-30": {
        "Diluted EPS": 0.48,
        "Total Revenue": 439,
        "Gross Profit": 73,
        "Operating Income": 34,
        "EBIT": 51,
        "Net Income": 34
    },
    "2009-03-31": {
        "Diluted EPS": 0.28,
        "Total Revenue": 367,
        "Gross Profit": 58,
        "Operating Income": 22,
        "EBIT": 40,
        "Net Income": 20
    },
    "2023-06-30": {
        "Tax Effect Of Unusual Items": NaN,
        "Tax Rate For Calcs": NaN,
        "Normalized EBITDA": NaN,
        "Total Unusual Items": NaN,
        "Total Unusual Items Excluding Goodwill": NaN,
        "Net Income From Continuing Operation Net Minority Interest": NaN,
        "Reconciled Depreciation": NaN,
        "Reconciled Cost Of Revenue": NaN,
        "EBITDA": NaN,
        "EBIT": NaN,
        "Net Interest Income": NaN,
        "Interest Expense": NaN,
        "Interest Income": NaN,
        "Normalized Income": NaN,
        "Net Income From Continuing And Discontinued Operation": NaN,
        "Total Expenses": NaN,
        "Total Operating Income As Reported": NaN,
        "Diluted Average Shares": NaN,
        "Basic Average Shares": NaN,
        "Diluted EPS": NaN,
        "Basic EPS": NaN,
        "Diluted NI Availto Com Stockholders": NaN,
        "Net Income Common Stockholders": NaN,
        "Net Income": NaN,
        "Net Income Including Noncontrolling Interests": NaN,
        "Net Income Discontinuous Operations": 7700000.0,
        "Net Income Continuous Operations": NaN,
        "Tax Provision": NaN,
        "Pretax Income": NaN,
        "Other Income Expense": NaN,
        "Other Non Operating Income Expenses": NaN,
        "Special Income Charges": NaN,
        "Gain On Sale Of Ppe": NaN,
        "Write Off": NaN,
        "Impairment Of Capital Assets": 0.0,
        "Restructuring And Mergern Acquisition": NaN,
        "Net Non Operating Interest Income Expense": NaN,
        "Interest Expense Non Operating": NaN,
        "Interest Income Non Operating": NaN,
        "Operating Income": NaN,
        "Operating Expense": NaN,
        "Selling General And Administration": NaN,
        "Gross Profit": NaN,
        "Cost Of Revenue": NaN,
        "Total Revenue": NaN,
        "Operating Revenue": NaN
    },
    "2023-09-30": {
        "Tax Effect Of Unusual Items": 347100.0,
        "Tax Rate For Calcs": 0.267,
        "Normalized EBITDA": 111800000.0,
        "Total Unusual Items": 1300000.0,
        "Total Unusual Items Excluding Goodwill": 1300000.0,
        "Net Income From Continuing Operation Net Minority Interest": 33700000.0,
        "Reconciled Depreciation": 49300000.0,
        "Reconciled Cost Of Revenue": 166700000.0,
        "EBITDA": 113100000.0,
        "EBIT": 63800000.0,
        "Net Interest Income": -17800000.0,
        "Interest Expense": 17800000.0,
        "Interest Income": 0.0,
        "Normalized Income": 32747100.0,
        "Net Income From Continuing And Discontinued Operation": 33400000.0,
        "Total Expenses": 411500000.0,
        "Total Operating Income As Reported": 59800000.0,
        "Diluted Average Shares": 160042000.0,
        "Basic Average Shares": 159407000.0,
        "Diluted EPS": 0.21,
        "Basic EPS": 0.21,
        "Diluted NI Availto Com Stockholders": 33400000.0,
        "Net Income Common Stockholders": 33400000.0,
        "Net Income": 33400000.0,
        "Net Income Including Noncontrolling Interests": 33400000.0,
        "Net Income Discontinuous Operations": -300000.0,
        "Net Income Continuous Operations": 33700000.0,
        "Tax Provision": 12300000.0,
        "Pretax Income": 46000000.0,
        "Other Income Expense": 5300000.0,
        "Other Non Operating Income Expenses": 4000000.0,
        "Special Income Charges": 1300000.0,
        "Gain On Sale Of Ppe": 3700000.0,
        "Write Off": 0.0,
        "Impairment Of Capital Assets": NaN,
        "Restructuring And Mergern Acquisition": 2400000.0,
        "Net Non Operating Interest Income Expense": -17800000.0,
        "Interest Expense Non Operating": 17800000.0,
        "Interest Income Non Operating": 0.0,
        "Operating Income": 58500000.0,
        "Operating Expense": 244800000.0,
        "Selling General And Administration": 244800000.0,
        "Gross Profit": 303300000.0,
        "Cost Of Revenue": 166700000.0,
        "Total Revenue": 470000000.0,
        "Operating Revenue": 448300000.0
    },
    "2023-12-31": {
        "Tax Effect Of Unusual Items": 720000.0,
        "Tax Rate For Calcs": 0.4,
        "Normalized EBITDA": 17600000.0,
        "Total Unusual Items": 1800000.0,
        "Total Unusual Items Excluding Goodwill": 1800000.0,
        "Net Income From Continuing Operation Net Minority Interest": 3300000.0,
        "Reconciled Depreciation": 2900000.0,
        "Reconciled Cost Of Revenue": -43900000.0,
        "EBITDA": 19400000.0,
        "EBIT": 16500000.0,
        "Net Interest Income": -14200000.0,
        "Interest Expense": 14200000.0,
        "Interest Income": NaN,
        "Normalized Income": 2220000.0,
        "Net Income From Continuing And Discontinued Operation": 177600000.0,
        "Total Expenses": -4400000.0,
        "Total Operating Income As Reported": 21900000.0,
        "Diluted Average Shares": 160523000.0,
        "Basic Average Shares": 159471000.0,
        "Diluted EPS": 1.11,
        "Basic EPS": 1.11,
        "Diluted NI Availto Com Stockholders": 177600000.0,
        "Net Income Common Stockholders": 177600000.0,
        "Net Income": 177600000.0,
        "Net Income Including Noncontrolling Interests": 177600000.0,
        "Net Income Discontinuous Operations": NaN,
        "Net Income Continuous Operations": 3300000.0,
        "Tax Provision": -1000000.0,
        "Pretax Income": 2300000.0,
        "Other Income Expense": 2100000.0,
        "Other Non Operating Income Expenses": 300000.0,
        "Special Income Charges": 7500000.0,
        "Gain On Sale Of Ppe": 10600000.0,
        "Write Off": 0.0,
        "Impairment Of Capital Assets": NaN,
        "Restructuring And Mergern Acquisition": 3100000.0,
        "Net Non Operating Interest Income Expense": -14200000.0,
        "Interest Expense Non Operating": 14200000.0,
        "Interest Income Non Operating": NaN,
        "Operating Income": 14400000.0,
        "Operating Expense": 39500000.0,
        "Selling General And Administration": 39500000.0,
        "Gross Profit": 53900000.0,
        "Cost Of Revenue": -43900000.0,
        "Total Revenue": 10000000.0,
        "Operating Revenue": 10000000.0
    },
    "2024-03-31": {
        "Tax Effect Of Unusual Items": -2460100.0,
        "Tax Rate For Calcs": 0.337,
        "Normalized EBITDA": 93700000.0,
        "Total Unusual Items": -7300000.0,
        "Total Unusual Items Excluding Goodwill": -7300000.0,
        "Net Income From Continuing Operation Net Minority Interest": 18700000.0,
        "Reconciled Depreciation": 48200000.0,
        "Reconciled Cost Of Revenue": 160700000.0,
        "EBITDA": 86400000.0,
        "EBIT": 38200000.0,
        "Net Interest Income": -10000000.0,
        "Interest Expense": 10000000.0,
        "Interest Income": NaN,
        "Normalized Income": 23539900.0,
        "Net Income From Continuing And Discontinued Operation": 25000000.0,
        "Total Expenses": 410100000.0,
        "Total Operating Income As Reported": 35600000.0,
        "Diluted Average Shares": 160449000.0,
        "Basic Average Shares": 159573000.0,
        "Diluted EPS": 0.16,
        "Basic EPS": 0.16,
        "Diluted NI Availto Com Stockholders": 25000000.0,
        "Net Income Common Stockholders": 25000000.0,
        "Net Income": 25000000.0,
        "Net Income Including Noncontrolling Interests": 25000000.0,
        "Net Income Discontinuous Operations": 6300000.0,
        "Net Income Continuous Operations": 18700000.0,
        "Tax Provision": 9500000.0,
        "Pretax Income": 28200000.0,
        "Other Income Expense": -4700000.0,
        "Other Non Operating Income Expenses": 2600000.0,
        "Special Income Charges": -7300000.0,
        "Gain On Sale Of Ppe": -2000000.0,
        "Write Off": NaN,
        "Impairment Of Capital Assets": NaN,
        "Restructuring And Mergern Acquisition": 5300000.0,
        "Net Non Operating Interest Income Expense": -10000000.0,
        "Interest Expense Non Operating": 10000000.0,
        "Interest Income Non Operating": NaN,
        "Operating Income": 41900000.0,
        "Operating Expense": 249400000.0,
        "Selling General And Administration": 249400000.0,
        "Gross Profit": 291300000.0,
        "Cost Of Revenue": 160700000.0,
        "Total Revenue": 452000000.0,
        "Operating Revenue": 452000000.0
    },
    "2024-06-30": {
        "Tax Effect Of Unusual Items": -2160000.0,
        "Tax Rate For Calcs": 0.15,
        "Normalized EBITDA": 100600000.0,
        "Total Unusual Items": -14400000.0,
        "Total Unusual Items Excluding Goodwill": -14400000.0,
        "Net Income From Continuing Operation Net Minority Interest": 13300000.0,
        "Reconciled Depreciation": 49700000.0,
        "Reconciled Cost Of Revenue": 167000000.0,
        "EBITDA": 86200000.0,
        "EBIT": 36500000.0,
        "Net Interest Income": -9200000.0,
        "Interest Expense": 9200000.0,
        "Interest Income": NaN,
        "Normalized Income": 25540000.0,
        "Net Income From Continuing And Discontinued Operation": 16000000.0,
        "Total Expenses": 431400000.0,
        "Total Operating Income As Reported": 39200000.0,
        "Diluted Average Shares": 161384000.0,
        "Basic Average Shares": 160112000.0,
        "Diluted EPS": 0.1,
        "Basic EPS": 0.1,
        "Diluted NI Availto Com Stockholders": 16000000.0,
        "Net Income Common Stockholders": 16000000.0,
        "Net Income": 16000000.0,
        "Net Income Including Noncontrolling Interests": 16000000.0,
        "Net Income Discontinuous Operations": 2700000.0,
        "Net Income Continuous Operations": 13300000.0,
        "Tax Provision": 14000000.0,
        "Pretax Income": 27300000.0,
        "Other Income Expense": -17100000.0,
        "Other Non Operating Income Expenses": -2700000.0,
        "Special Income Charges": -14400000.0,
        "Gain On Sale Of Ppe": -1300000.0,
        "Write Off": NaN,
        "Impairment Of Capital Assets": NaN,
        "Restructuring And Mergern Acquisition": 13100000.0,
        "Net Non Operating Interest Income Expense": -9200000.0,
        "Interest Expense Non Operating": 9200000.0,
        "Interest Income Non Operating": NaN,
        "Operating Income": 53600000.0,
        "Operating Expense": 264400000.0,
        "Selling General And Administration": 264400000.0,
        "Gross Profit": 318000000.0,
        "Cost Of Revenue": 167000000.0,
        "Total Revenue": 485000000.0,
        "Operating Revenue": 465400000.0
    },
    "2024-09-30": {
        "Tax Effect Of Unusual Items": -2536500.0,
        "Tax Rate For Calcs": 0.267,
        "Normalized EBITDA": 127500000.0,
        "Total Unusual Items": -9500000.0,
        "Total Unusual Items Excluding Goodwill": -9500000.0,
        "Net Income From Continuing Operation Net Minority Interest": 38200000.0,
        "Reconciled Depreciation": 51000000.0,
        "Reconciled Cost Of Revenue": 180600000.0,
        "EBITDA": 118000000.0,
        "EBIT": 67000000.0,
        "Net Interest Income": -5800000.0,
        "Interest Expense": 14900000.0,
        "Interest Income": 9100000.0,
        "Normalized Income": 45163500.0,
        "Net Income From Continuing And Discontinued Operation": 38600000.0,
        "Total Expenses": 442900000.0,
        "Total Operating Income As Reported": 59000000.0,
        "Diluted Average Shares": 162062000.0,
        "Basic Average Shares": 160363000.0,
        "Diluted EPS": 0.24,
        "Basic EPS": 0.24,
        "Diluted NI Availto Com Stockholders": 38600000.0,
        "Net Income Common Stockholders": 38600000.0,
        "Net Income": 38600000.0,
        "Net Income Including Noncontrolling Interests": 38600000.0,
        "Net Income Discontinuous Operations": 400000.0,
        "Net Income Continuous Operations": 38200000.0,
        "Tax Provision": 13900000.0,
        "Pretax Income": 52100000.0,
        "Other Income Expense": -10600000.0,
        "Other Non Operating Income Expenses": -1100000.0,
        "Special Income Charges": -9500000.0,
        "Gain On Sale Of Ppe": -1300000.0,
        "Write Off": NaN,
        "Impairment Of Capital Assets": NaN,
        "Restructuring And Mergern Acquisition": 8200000.0,
        "Net Non Operating Interest Income Expense": -5800000.0,
        "Interest Expense Non Operating": 14900000.0,
        "Interest Income Non Operating": 9100000.0,
        "Operating Income": 68500000.0,
        "Operating Expense": 262300000.0,
        "Selling General And Administration": 262300000.0,
        "Gross Profit": 330800000.0,
        "Cost Of Revenue": 180600000.0,
        "Total Revenue": 511400000.0,
        "Operating Revenue": 497400000.0
    }
}