{
    "2023-06-30": {
        "Tax Effect Of Unusual Items": -54390.0,
        "Tax Rate For Calcs": 0.21,
        "Normalized EBITDA": -8927000.0,
        "Total Unusual Items": -259000.0,
        "Total Unusual Items Excluding Goodwill": -259000.0,
        "Net Income From Continuing Operation Net Minority Interest": NaN,
        "Reconciled Depreciation": 2751000.0,
        "Reconciled Cost Of Revenue": 28571000.0,
        "EBITDA": -9186000.0,
        "EBIT": -11937000.0,
        "Net Interest Income": 475000.0,
        "Interest Expense": 1203000.0,
        "Interest Income": 2051000.0,
        "Normalized Income": -13084390.0,
        "Net Income From Continuing And Discontinued Operation": -13289000.0,
        "Total Expenses": 89147000.0,
        "Total Operating Income As Reported": -13355000.0,
        "Diluted Average Shares": 46101000.0,
        "Basic Average Shares": 46101000.0,
        "Diluted EPS": -0.29,
        "Basic EPS": -0.29,
        "Diluted NI Availto Com Stockholders": -13289000.0,
        "Net Income Common Stockholders": -13289000.0,
        "Net Income": -13289000.0,
        "Net Income Including Noncontrolling Interests": -13289000.0,
        "Net Income Continuous Operations": -13289000.0,
        "Tax Provision": 149000.0,
        "Pretax Income": -13140000.0,
        "Other Income Expense": -260000.0,
        "Other Non Operating Income Expenses": -1000.0,
        "Special Income Charges": 0.0,
        "Other Special Charges": NaN,
        "Impairment Of Capital Assets": 0.0,
        "Gain On Sale Of Security": -259000.0,
        "Net Non Operating Interest Income Expense": 475000.0,
        "Total Other Finance Cost": 373000.0,
        "Interest Expense Non Operating": 1203000.0,
        "Interest Income Non Operating": 2051000.0,
        "Operating Income": -13355000.0,
        "Operating Expense": 60576000.0,
        "Research And Development": 21847000.0,
        "Selling General And Administration": 38729000.0,
        "Selling And Marketing Expense": 24880000.0,
        "General And Administrative Expense": 13849000.0,
        "Other Gand A": 13849000.0,
        "Gross Profit": 47221000.0,
        "Cost Of Revenue": 28571000.0,
        "Total Revenue": 75792000.0,
        "Operating Revenue": 75792000.0
    },
    "2023-03-31": {
        "Tax Effect Of Unusual Items": NaN,
        "Tax Rate For Calcs": NaN,
        "Normalized EBITDA": NaN,
        "Total Unusual Items": NaN,
        "Total Unusual Items Excluding Goodwill": NaN,
        "Net Income From Continuing Operation Net Minority Interest": NaN,
        "Reconciled Depreciation": NaN,
        "Reconciled Cost Of Revenue": NaN,
        "EBITDA": NaN,
        "EBIT": NaN,
        "Net Interest Income": NaN,
        "Interest Expense": NaN,
        "Interest Income": NaN,
        "Normalized Income": NaN,
        "Net Income From Continuing And Discontinued Operation": NaN,
        "Total Expenses": NaN,
        "Total Operating Income As Reported": NaN,
        "Diluted Average Shares": NaN,
        "Basic Average Shares": NaN,
        "Diluted EPS": NaN,
        "Basic EPS": NaN,
        "Diluted NI Availto Com Stockholders": NaN,
        "Net Income Common Stockholders": NaN,
        "Net Income": NaN,
        "Net Income Including Noncontrolling Interests": NaN,
        "Net Income Continuous Operations": NaN,
        "Tax Provision": NaN,
        "Pretax Income": NaN,
        "Other Income Expense": NaN,
        "Other Non Operating Income Expenses": NaN,
        "Special Income Charges": 0.0,
        "Other Special Charges": NaN,
        "Impairment Of Capital Assets": 0.0,
        "Gain On Sale Of Security": NaN,
        "Net Non Operating Interest Income Expense": NaN,
        "Total Other Finance Cost": NaN,
        "Interest Expense Non Operating": NaN,
        "Interest Income Non Operating": NaN,
        "Operating Income": NaN,
        "Operating Expense": NaN,
        "Research And Development": NaN,
        "Selling General And Administration": NaN,
        "Selling And Marketing Expense": NaN,
        "General And Administrative Expense": NaN,
        "Other Gand A": NaN,
        "Gross Profit": NaN,
        "Cost Of Revenue": NaN,
        "Total Revenue": NaN,
        "Operating Revenue": NaN
    },
    "2022-12-31": {
        "Tax Effect Of Unusual Items": NaN,
        "Tax Rate For Calcs": NaN,
        "Normalized EBITDA": NaN,
        "Total Unusual Items": NaN,
        "Total Unusual Items Excluding Goodwill": NaN,
        "Net Income From Continuing Operation Net Minority Interest": NaN,
        "Reconciled Depreciation": NaN,
        "Reconciled Cost Of Revenue": NaN,
        "EBITDA": NaN,
        "EBIT": NaN,
        "Net Interest Income": NaN,
        "Interest Expense": NaN,
        "Interest Income": NaN,
        "Normalized Income": NaN,
        "Net Income From Continuing And Discontinued Operation": NaN,
        "Total Expenses": NaN,
        "Total Operating Income As Reported": NaN,
        "Diluted Average Shares": NaN,
        "Basic Average Shares": NaN,
        "Diluted EPS": NaN,
        "Basic EPS": NaN,
        "Diluted NI Availto Com Stockholders": NaN,
        "Net Income Common Stockholders": NaN,
        "Net Income": NaN,
        "Net Income Including Noncontrolling Interests": NaN,
        "Net Income Continuous Operations": NaN,
        "Tax Provision": NaN,
        "Pretax Income": NaN,
        "Other Income Expense": NaN,
        "Other Non Operating Income Expenses": NaN,
        "Special Income Charges": 0.0,
        "Other Special Charges": NaN,
        "Impairment Of Capital Assets": 0.0,
        "Gain On Sale Of Security": NaN,
        "Net Non Operating Interest Income Expense": NaN,
        "Total Other Finance Cost": NaN,
        "Interest Expense Non Operating": NaN,
        "Interest Income Non Operating": NaN,
        "Operating Income": NaN,
        "Operating Expense": NaN,
        "Research And Development": NaN,
        "Selling General And Administration": NaN,
        "Selling And Marketing Expense": NaN,
        "General And Administrative Expense": NaN,
        "Other Gand A": NaN,
        "Gross Profit": NaN,
        "Cost Of Revenue": NaN,
        "Total Revenue": NaN,
        "Operating Revenue": NaN
    },
    "2022-09-30": {
        "Tax Effect Of Unusual Items": NaN,
        "Tax Rate For Calcs": NaN,
        "Normalized EBITDA": NaN,
        "Total Unusual Items": NaN,
        "Total Unusual Items Excluding Goodwill": NaN,
        "Net Income From Continuing Operation Net Minority Interest": NaN,
        "Reconciled Depreciation": NaN,
        "Reconciled Cost Of Revenue": NaN,
        "EBITDA": NaN,
        "EBIT": NaN,
        "Net Interest Income": NaN,
        "Interest Expense": NaN,
        "Interest Income": 891000.0,
        "Normalized Income": NaN,
        "Net Income From Continuing And Discontinued Operation": NaN,
        "Total Expenses": NaN,
        "Total Operating Income As Reported": NaN,
        "Diluted Average Shares": NaN,
        "Basic Average Shares": NaN,
        "Diluted EPS": NaN,
        "Basic EPS": NaN,
        "Diluted NI Availto Com Stockholders": NaN,
        "Net Income Common Stockholders": NaN,
        "Net Income": NaN,
        "Net Income Including Noncontrolling Interests": NaN,
        "Net Income Continuous Operations": NaN,
        "Tax Provision": NaN,
        "Pretax Income": NaN,
        "Other Income Expense": NaN,
        "Other Non Operating Income Expenses": NaN,
        "Special Income Charges": NaN,
        "Other Special Charges": NaN,
        "Impairment Of Capital Assets": NaN,
        "Gain On Sale Of Security": 3301000.0,
        "Net Non Operating Interest Income Expense": NaN,
        "Total Other Finance Cost": NaN,
        "Interest Expense Non Operating": NaN,
        "Interest Income Non Operating": 891000.0,
        "Operating Income": NaN,
        "Operating Expense": NaN,
        "Research And Development": NaN,
        "Selling General And Administration": NaN,
        "Selling And Marketing Expense": NaN,
        "General And Administrative Expense": NaN,
        "Other Gand A": NaN,
        "Gross Profit": NaN,
        "Cost Of Revenue": NaN,
        "Total Revenue": NaN,
        "Operating Revenue": NaN
    },
    "2022-06-30": {
        "Tax Effect Of Unusual Items": 0.0,
        "Tax Rate For Calcs": 0.4,
        "Normalized EBITDA": -17111000.0,
        "Total Unusual Items": 0.0,
        "Total Unusual Items Excluding Goodwill": 0.0,
        "Net Income From Continuing Operation Net Minority Interest": -22406000.0,
        "Reconciled Depreciation": 3801000.0,
        "Reconciled Cost Of Revenue": 27641000.0,
        "EBITDA": -17111000.0,
        "EBIT": -20912000.0,
        "Net Interest Income": -1576000.0,
        "Interest Expense": 1203000.0,
        "Normalized Income": -22406000.0,
        "Net Income From Continuing And Discontinued Operation": -22406000.0,
        "Total Expenses": 88899000.0,
        "Total Operating Income As Reported": -20537000.0,
        "Diluted Average Shares": 45222000.0,
        "Basic Average Shares": 45222000.0,
        "Diluted EPS": -0.5,
        "Basic EPS": -0.5,
        "Diluted NI Availto Com Stockholders": -22406000.0,
        "Net Income Common Stockholders": -22406000.0,
        "Net Income": -22406000.0,
        "Net Income Including Noncontrolling Interests": -22406000.0,
        "Net Income Continuous Operations": -22406000.0,
        "Tax Provision": 291000.0,
        "Pretax Income": -22115000.0,
        "Other Income Expense": -2000.0,
        "Other Non Operating Income Expenses": -2000.0,
        "Special Income Charges": 0.0,
        "Impairment Of Capital Assets": 0.0,
        "Restructuring And Mergern Acquisition": NaN,
        "Net Non Operating Interest Income Expense": -1576000.0,
        "Total Other Finance Cost": 373000.0,
        "Interest Expense Non Operating": 1203000.0,
        "Operating Income": -20537000.0,
        "Operating Expense": 61258000.0,
        "Research And Development": 23401000.0,
        "Selling General And Administration": 37857000.0,
        "Selling And Marketing Expense": 24020000.0,
        "General And Administrative Expense": 13837000.0,
        "Other Gand A": 13837000.0,
        "Gross Profit": 40721000.0,
        "Cost Of Revenue": 27641000.0,
        "Total Revenue": 68362000.0,
        "Operating Revenue": 68362000.0
    },
    "2022-03-31": {
        "Diluted EPS": -0.64,
        "Total Revenue": 66,
        "Gross Profit": 39,
        "Operating Income": -27,
        "EBIT": -21,
        "Net Income": -29
    },
    "2021-12-31": {
        "Diluted EPS": -0.53,
        "Total Revenue": 65,
        "Gross Profit": 39,
        "Operating Income": -22,
        "EBIT": -18,
        "Net Income": -24
    },
    "2021-09-30": {
        "Diluted EPS": -0.39,
        "Total Revenue": 63,
        "Gross Profit": 37,
        "Operating Income": -16,
        "EBIT": -13,
        "Net Income": -18
    },
    "2021-06-30": {
        "Diluted EPS": -0.41,
        "Total Revenue": 62,
        "Gross Profit": 36,
        "Operating Income": -16,
        "EBIT": -13,
        "Net Income": -18
    },
    "2021-03-31": {
        "Diluted EPS": -0.5,
        "Total Revenue": 61,
        "Gross Profit": 35,
        "Operating Income": -21,
        "EBIT": -17,
        "Net Income": -22
    },
    "2020-12-31": {
        "Diluted EPS": -0.41,
        "Total Revenue": 61,
        "Gross Profit": 36,
        "Operating Income": -13,
        "EBIT": -6,
        "Net Income": -18
    },
    "2020-09-30": {
        "Diluted EPS": -0.44,
        "Total Revenue": 62,
        "Gross Profit": 37,
        "Operating Income": -16,
        "EBIT": -11,
        "Net Income": -19
    },
    "2020-06-30": {
        "Diluted EPS": -0.4,
        "Total Revenue": 64,
        "Gross Profit": 38,
        "Operating Income": -15,
        "EBIT": -10,
        "Net Income": -17
    },
    "2020-03-31": {
        "Diluted EPS": -0.53,
        "Total Revenue": 66,
        "Gross Profit": 38,
        "Operating Income": -21,
        "EBIT": -16,
        "Net Income": -23
    },
    "2019-12-31": {
        "Diluted EPS": -0.41,
        "Total Revenue": 66,
        "Gross Profit": 38,
        "Operating Income": -15,
        "EBIT": -10,
        "Net Income": -17
    },
    "2019-09-30": {
        "Diluted EPS": -0.42,
        "Total Revenue": 64,
        "Gross Profit": 38,
        "Operating Income": -13,
        "EBIT": -6,
        "Net Income": -17
    },
    "2019-06-30": {
        "Diluted EPS": -0.44,
        "Total Revenue": 64,
        "Gross Profit": 40,
        "Operating Income": -12,
        "EBIT": -5,
        "Net Income": -18
    },
    "2019-03-31": {
        "Diluted EPS": -0.45,
        "Total Revenue": 56,
        "Gross Profit": 35,
        "Operating Income": -14,
        "EBIT": -7,
        "Net Income": -17
    },
    "2018-12-31": {
        "Diluted EPS": -0.32,
        "Total Revenue": 53,
        "Gross Profit": 33,
        "Operating Income": -10,
        "EBIT": -3,
        "Net Income": -13
    },
    "2018-09-30": {
        "Diluted EPS": -0.44,
        "Total Revenue": 49,
        "Gross Profit": 30,
        "Operating Income": -12,
        "EBIT": -6,
        "Net Income": -16
    },
    "2018-06-30": {
        "Diluted EPS": -0.52,
        "Total Revenue": 47,
        "Gross Profit": 29,
        "Operating Income": -13,
        "EBIT": -7,
        "Net Income": -17
    },
    "2018-03-31": {
        "Diluted EPS": -0.58,
        "Total Revenue": 48,
        "Gross Profit": 28,
        "Operating Income": -15,
        "EBIT": -8,
        "Net Income": -19
    },
    "2017-12-31": {
        "Diluted EPS": -0.52,
        "Total Revenue": 46,
        "Gross Profit": 28,
        "Operating Income": -13,
        "EBIT": -6,
        "Net Income": -17
    },
    "2017-09-30": {
        "Diluted EPS": -0.67,
        "Total Revenue": 42,
        "Gross Profit": 24,
        "Operating Income": -18,
        "EBIT": -12,
        "Net Income": -21
    },
    "2017-06-30": {
        "Diluted EPS": -0.62,
        "Total Revenue": 40,
        "Gross Profit": 24,
        "Operating Income": -17,
        "EBIT": -13,
        "Net Income": -20
    },
    "2017-03-31": {
        "Diluted EPS": -0.65,
        "Total Revenue": 40,
        "Gross Profit": 24,
        "Operating Income": -18,
        "EBIT": -14,
        "Net Income": -20
    },
    "2016-12-31": {
        "Diluted EPS": -0.59,
        "Total Revenue": 40,
        "Gross Profit": 24,
        "Operating Income": -16,
        "EBIT": -12,
        "Net Income": -19
    },
    "2016-09-30": {
        "Diluted EPS": -0.52,
        "Total Revenue": 38,
        "Gross Profit": 23,
        "Operating Income": -13,
        "EBIT": -9,
        "Net Income": -16
    },
    "2016-06-30": {
        "Diluted EPS": -0.68,
        "Total Revenue": 37,
        "Gross Profit": 21,
        "Operating Income": -18,
        "EBIT": -14,
        "Net Income": -21
    },
    "2016-03-31": {
        "Diluted EPS": -0.68,
        "Total Revenue": 38,
        "Gross Profit": 22,
        "Operating Income": -18,
        "EBIT": -14,
        "Net Income": -20
    },
    "2015-12-31": {
        "Diluted EPS": -0.61,
        "Total Revenue": 42,
        "Gross Profit": 27,
        "Operating Income": -15,
        "EBIT": -11,
        "Net Income": -18
    },
    "2015-09-30": {
        "Diluted EPS": -0.61,
        "Total Revenue": 41,
        "Gross Profit": 26,
        "Operating Income": -16,
        "EBIT": -11,
        "Net Income": -18
    },
    "2015-06-30": {
        "Diluted EPS": -0.53,
        "Total Revenue": 42,
        "Gross Profit": 26,
        "Operating Income": -13,
        "EBIT": -9,
        "Net Income": -16
    },
    "2015-03-31": {
        "Diluted EPS": -0.48,
        "Total Revenue": 44,
        "Gross Profit": 29,
        "Operating Income": -12,
        "EBIT": -8,
        "Net Income": -14
    },
    "2014-12-31": {
        "Diluted EPS": -0.61,
        "Total Revenue": 54,
        "Gross Profit": 39,
        "Operating Income": -2,
        "EBIT": 0,
        "Net Income": -17
    },
    "2014-09-30": {
        "Diluted EPS": -0.13,
        "Total Revenue": 47,
        "Gross Profit": 32,
        "Operating Income": -4,
        "EBIT": -1,
        "Net Income": -4
    },
    "2014-06-30": {
        "Diluted EPS": -0.24,
        "Total Revenue": 44,
        "Gross Profit": 30,
        "Operating Income": -8,
        "EBIT": -5,
        "Net Income": -7
    },
    "2014-03-31": {
        "Diluted EPS": -0.29,
        "Total Revenue": 41,
        "Gross Profit": 26,
        "Operating Income": -9,
        "EBIT": -6,
        "Net Income": -8
    },
    "2013-12-31": {
        "Diluted EPS": 0.0,
        "Total Revenue": 39,
        "Gross Profit": 28,
        "Operating Income": 1,
        "EBIT": 2,
        "Net Income": 0
    },
    "2013-09-30": {
        "Diluted EPS": 0.03,
        "Total Revenue": 37,
        "Gross Profit": 26,
        "Operating Income": 1,
        "EBIT": 2,
        "Net Income": 1
    },
    "2013-06-30": {
        "Diluted EPS": 0.02,
        "Total Revenue": 36,
        "Gross Profit": 25,
        "Operating Income": 1,
        "EBIT": 2,
        "Net Income": 1
    },
    "2013-03-31": {
        "Diluted EPS": 0.06,
        "Total Revenue": 34,
        "Gross Profit": 23,
        "Operating Income": 1,
        "EBIT": 2,
        "Net Income": 2
    },
    "2012-12-31": {
        "Diluted EPS": 0.04,
        "Total Revenue": 33,
        "Gross Profit": 23,
        "Operating Income": 2,
        "EBIT": 3,
        "Net Income": 1
    },
    "2012-09-30": {
        "Diluted EPS": 0.05,
        "Total Revenue": 30,
        "Gross Profit": 21,
        "Operating Income": 2,
        "EBIT": 2,
        "Net Income": 1
    },
    "2012-06-30": {
        "Diluted EPS": 0.04,
        "Total Revenue": 28,
        "Gross Profit": 21,
        "Operating Income": 2,
        "EBIT": 2,
        "Net Income": 1
    },
    "2012-03-31": {
        "Diluted EPS": 0.04,
        "Total Revenue": 27,
        "Gross Profit": 19,
        "Operating Income": 2,
        "EBIT": 3,
        "Net Income": 1
    },
    "2011-12-31": {
        "Diluted EPS": 0.08,
        "Total Revenue": 26,
        "Gross Profit": 19,
        "Operating Income": 3,
        "EBIT": 3,
        "Net Income": 2
    },
    "2011-09-30": {
        "Diluted EPS": 0.07,
        "Total Revenue": 25,
        "Gross Profit": 19,
        "Operating Income": 3,
        "EBIT": 3,
        "Net Income": 2
    },
    "2011-06-30": {
        "Diluted EPS": 0.05,
        "Total Revenue": 24,
        "Gross Profit": 17,
        "Operating Income": 2,
        "EBIT": 3,
        "Net Income": 1
    },
    "2011-03-31": {
        "Diluted EPS": 0.03,
        "Total Revenue": 21,
        "Gross Profit": 15,
        "Operating Income": 1,
        "EBIT": 2,
        "Net Income": 1
    },
    "2010-12-31": {
        "Diluted EPS": 0.02,
        "Total Revenue": 20,
        "Gross Profit": 15,
        "Operating Income": 0,
        "EBIT": 0,
        "Net Income": 1
    },
    "2010-09-30": {
        "Diluted EPS": -0.09,
        "Total Revenue": 16,
        "Gross Profit": 10,
        "Operating Income": -4,
        "EBIT": -3,
        "Net Income": -2
    },
    "2010-06-30": {
        "Diluted EPS": -0.02,
        "Total Revenue": 18,
        "Gross Profit": 13,
        "Operating Income": -1,
        "EBIT": -1,
        "Net Income": -1
    },
    "2010-03-31": {
        "Diluted EPS": 0.02,
        "Total Revenue": 17,
        "Gross Profit": 13,
        "Operating Income": 1,
        "EBIT": 1,
        "Net Income": 0
    },
    "2009-12-31": {
        "Diluted EPS": 0.04,
        "Total Revenue": 17,
        "Gross Profit": 12,
        "Operating Income": 2,
        "EBIT": 2,
        "Net Income": 1
    },
    "2009-09-30": {
        "Diluted EPS": 0.03,
        "Total Revenue": 17,
        "Gross Profit": 12,
        "Operating Income": 1,
        "EBIT": 1,
        "Net Income": 1
    },
    "2009-06-30": {
        "Diluted EPS": 0.06,
        "Total Revenue": 17,
        "Gross Profit": 12,
        "Operating Income": 2,
        "EBIT": 2,
        "Net Income": 2
    },
    "2009-03-31": {
        "Diluted EPS": 0.08,
        "Total Revenue": 18,
        "Gross Profit": 13,
        "Operating Income": 3,
        "EBIT": 3,
        "Net Income": 2
    },
    "2023-09-30": {
        "Tax Effect Of Unusual Items": -1335600.0,
        "Tax Rate For Calcs": 0.21,
        "Normalized EBITDA": -3515000.0,
        "Total Unusual Items": -6360000.0,
        "Total Unusual Items Excluding Goodwill": -6360000.0,
        "Net Income From Continuing Operation Net Minority Interest": NaN,
        "Reconciled Depreciation": 2549000.0,
        "Reconciled Cost Of Revenue": 28464000.0,
        "EBITDA": -9875000.0,
        "EBIT": -12424000.0,
        "Net Interest Income": 589000.0,
        "Interest Expense": 1203000.0,
        "Interest Income": 2086000.0,
        "Normalized Income": -8843600.0,
        "Net Income From Continuing And Discontinued Operation": -13868000.0,
        "Total Expenses": 85092000.0,
        "Total Operating Income As Reported": -7842000.0,
        "Diluted Average Shares": 46225000.0,
        "Basic Average Shares": 46225000.0,
        "Diluted EPS": -0.3,
        "Basic EPS": -0.3,
        "Diluted NI Availto Com Stockholders": -13868000.0,
        "Net Income Common Stockholders": -13868000.0,
        "Net Income": -13868000.0,
        "Net Income Including Noncontrolling Interests": -13868000.0,
        "Net Income Continuous Operations": -13868000.0,
        "Tax Provision": 241000.0,
        "Pretax Income": -13627000.0,
        "Other Income Expense": -6374000.0,
        "Other Non Operating Income Expenses": -14000.0,
        "Special Income Charges": -1779000.0,
        "Other Special Charges": 1779000.0,
        "Impairment Of Capital Assets": 0.0,
        "Gain On Sale Of Security": -4581000.0,
        "Net Non Operating Interest Income Expense": 589000.0,
        "Total Other Finance Cost": 294000.0,
        "Interest Expense Non Operating": 1203000.0,
        "Interest Income Non Operating": 2086000.0,
        "Operating Income": -7842000.0,
        "Operating Expense": 56628000.0,
        "Research And Development": 22205000.0,
        "Selling General And Administration": 34423000.0,
        "Selling And Marketing Expense": 20324000.0,
        "General And Administrative Expense": 14099000.0,
        "Other Gand A": 14099000.0,
        "Gross Profit": 48786000.0,
        "Cost Of Revenue": 28464000.0,
        "Total Revenue": 77250000.0,
        "Operating Revenue": 77250000.0
    },
    "2023-12-31": {
        "Tax Effect Of Unusual Items": 54180.0,
        "Tax Rate For Calcs": 0.21,
        "Normalized EBITDA": -6049000.0,
        "Total Unusual Items": 258000.0,
        "Total Unusual Items Excluding Goodwill": 258000.0,
        "Net Income From Continuing Operation Net Minority Interest": NaN,
        "Reconciled Depreciation": 2406000.0,
        "Reconciled Cost Of Revenue": 28736000.0,
        "EBITDA": -5791000.0,
        "EBIT": -8197000.0,
        "Net Interest Income": 628000.0,
        "Interest Expense": 1536000.0,
        "Interest Income": 2473000.0,
        "Normalized Income": -10398820.0,
        "Net Income From Continuing And Discontinued Operation": -10195000.0,
        "Total Expenses": 88093000.0,
        "Total Operating Income As Reported": -10609000.0,
        "Diluted Average Shares": 46370000.0,
        "Basic Average Shares": 46370000.0,
        "Diluted EPS": -0.22,
        "Basic EPS": -0.22,
        "Diluted NI Availto Com Stockholders": -10195000.0,
        "Net Income Common Stockholders": -10195000.0,
        "Net Income": -10195000.0,
        "Net Income Including Noncontrolling Interests": -10195000.0,
        "Net Income Continuous Operations": -10195000.0,
        "Tax Provision": 462000.0,
        "Pretax Income": -9733000.0,
        "Other Income Expense": 248000.0,
        "Other Non Operating Income Expenses": -10000.0,
        "Special Income Charges": 0.0,
        "Other Special Charges": 0.0,
        "Impairment Of Capital Assets": 0.0,
        "Gain On Sale Of Security": 258000.0,
        "Net Non Operating Interest Income Expense": 628000.0,
        "Total Other Finance Cost": 309000.0,
        "Interest Expense Non Operating": 1536000.0,
        "Interest Income Non Operating": 2473000.0,
        "Operating Income": -10609000.0,
        "Operating Expense": 59357000.0,
        "Research And Development": 23018000.0,
        "Selling General And Administration": 36339000.0,
        "Selling And Marketing Expense": 21175000.0,
        "General And Administrative Expense": 15164000.0,
        "Other Gand A": 15164000.0,
        "Gross Profit": 48748000.0,
        "Cost Of Revenue": 28736000.0,
        "Total Revenue": 77484000.0,
        "Operating Revenue": 77484000.0
    },
    "2024-03-31": {
        "Tax Effect Of Unusual Items": -112560.0,
        "Tax Rate For Calcs": 0.21,
        "Normalized EBITDA": -6751000.0,
        "Total Unusual Items": -536000.0,
        "Total Unusual Items Excluding Goodwill": -536000.0,
        "Net Income From Continuing Operation Net Minority Interest": NaN,
        "Reconciled Depreciation": 2204000.0,
        "Reconciled Cost Of Revenue": 28833000.0,
        "EBITDA": -7287000.0,
        "EBIT": -9491000.0,
        "Net Interest Income": 560000.0,
        "Interest Expense": 1555000.0,
        "Interest Income": 2438000.0,
        "Normalized Income": -10933560.0,
        "Net Income From Continuing And Discontinued Operation": -11357000.0,
        "Total Expenses": 90990000.0,
        "Total Operating Income As Reported": -10302000.0,
        "Diluted Average Shares": 46817000.0,
        "Basic Average Shares": 46817000.0,
        "Diluted EPS": -0.24,
        "Basic EPS": -0.24,
        "Diluted NI Availto Com Stockholders": -11357000.0,
        "Net Income Common Stockholders": -11357000.0,
        "Net Income": -11357000.0,
        "Net Income Including Noncontrolling Interests": -11357000.0,
        "Net Income Continuous Operations": -11357000.0,
        "Tax Provision": 311000.0,
        "Pretax Income": -11046000.0,
        "Other Income Expense": -1304000.0,
        "Other Non Operating Income Expenses": -768000.0,
        "Special Income Charges": NaN,
        "Other Special Charges": NaN,
        "Impairment Of Capital Assets": NaN,
        "Gain On Sale Of Security": -536000.0,
        "Net Non Operating Interest Income Expense": 560000.0,
        "Total Other Finance Cost": 323000.0,
        "Interest Expense Non Operating": 1555000.0,
        "Interest Income Non Operating": 2438000.0,
        "Operating Income": -10302000.0,
        "Operating Expense": 62157000.0,
        "Research And Development": 24413000.0,
        "Selling General And Administration": 37744000.0,
        "Selling And Marketing Expense": 22682000.0,
        "General And Administrative Expense": 15062000.0,
        "Other Gand A": 15062000.0,
        "Gross Profit": 51855000.0,
        "Cost Of Revenue": 28833000.0,
        "Total Revenue": 80688000.0,
        "Operating Revenue": 80688000.0
    },
    "2024-06-30": {
        "Tax Effect Of Unusual Items": -47880.0,
        "Tax Rate For Calcs": 0.21,
        "Normalized EBITDA": -3070000.0,
        "Total Unusual Items": -228000.0,
        "Total Unusual Items Excluding Goodwill": -228000.0,
        "Net Income From Continuing Operation Net Minority Interest": -7386000.0,
        "Reconciled Depreciation": 2191000.0,
        "Reconciled Cost Of Revenue": 28819000.0,
        "EBITDA": -3298000.0,
        "EBIT": -5489000.0,
        "Net Interest Income": 408000.0,
        "Interest Expense": 1520000.0,
        "Interest Income": 2229000.0,
        "Normalized Income": -7205880.0,
        "Net Income From Continuing And Discontinued Operation": -7386000.0,
        "Total Expenses": 89197000.0,
        "Total Operating Income As Reported": -7184000.0,
        "Diluted Average Shares": 47068000.0,
        "Basic Average Shares": 47068000.0,
        "Diluted EPS": -0.16,
        "Basic EPS": -0.16,
        "Diluted NI Availto Com Stockholders": -7386000.0,
        "Net Income Common Stockholders": -7386000.0,
        "Net Income": -7386000.0,
        "Net Income Including Noncontrolling Interests": -7386000.0,
        "Net Income Continuous Operations": -7386000.0,
        "Tax Provision": 377000.0,
        "Pretax Income": -7009000.0,
        "Other Income Expense": -233000.0,
        "Other Non Operating Income Expenses": -5000.0,
        "Special Income Charges": NaN,
        "Other Special Charges": NaN,
        "Impairment Of Capital Assets": NaN,
        "Gain On Sale Of Security": -228000.0,
        "Net Non Operating Interest Income Expense": 408000.0,
        "Total Other Finance Cost": 301000.0,
        "Interest Expense Non Operating": 1520000.0,
        "Interest Income Non Operating": 2229000.0,
        "Operating Income": -7184000.0,
        "Operating Expense": 60378000.0,
        "Research And Development": 21786000.0,
        "Selling General And Administration": 38592000.0,
        "Selling And Marketing Expense": 23537000.0,
        "General And Administrative Expense": 15055000.0,
        "Other Gand A": 15055000.0,
        "Gross Profit": 53194000.0,
        "Cost Of Revenue": 28819000.0,
        "Total Revenue": 82013000.0,
        "Operating Revenue": 82013000.0
    }
}