{
    "2023-03-31": {
        "Tax Effect Of Unusual Items": 0.0,
        "Tax Rate For Calcs": 0.21,
        "Normalized EBITDA": -34747000.0,
        "Net Income From Continuing Operation Net Minority Interest": -9665000.0,
        "Reconciled Depreciation": 832000.0,
        "EBITDA": -34747000.0,
        "EBIT": -35579000.0,
        "Net Interest Income": 5294000.0,
        "Interest Expense": 3000.0,
        "Interest Income": 5297000.0,
        "Normalized Income": -9665000.0,
        "Net Income From Continuing And Discontinued Operation": -9665000.0,
        "Total Expenses": 40876000.0,
        "Total Operating Income As Reported": -40876000.0,
        "Diluted Average Shares": 61540231.0,
        "Basic Average Shares": 61540231.0,
        "Diluted EPS": -0.16,
        "Basic EPS": -0.16,
        "Diluted NI Availto Com Stockholders": -9665000.0,
        "Net Income Common Stockholders": -9665000.0,
        "Net Income": -9665000.0,
        "Minority Interests": 27244000.0,
        "Net Income Including Noncontrolling Interests": -36909000.0,
        "Net Income Continuous Operations": -36909000.0,
        "Tax Provision": 1327000.0,
        "Pretax Income": -35582000.0,
        "Net Non Operating Interest Income Expense": 5294000.0,
        "Interest Expense Non Operating": 3000.0,
        "Interest Income Non Operating": 5297000.0,
        "Operating Income": -40876000.0,
        "Operating Expense": 40876000.0,
        "Research And Development": 25617000.0,
        "Selling General And Administration": 15259000.0,
        "General And Administrative Expense": 15259000.0,
        "Other Gand A": 15259000.0,
        "Total Revenue": 0.0,
        "Operating Revenue": 0.0
    },
    "2022-12-31": {
        "Tax Effect Of Unusual Items": 0.0,
        "Tax Rate For Calcs": 0.048848,
        "Normalized EBITDA": -25042000.0,
        "Net Income From Continuing Operation Net Minority Interest": -6487000.0,
        "Reconciled Depreciation": 791000.0,
        "EBITDA": -25042000.0,
        "EBIT": -25833000.0,
        "Net Interest Income": 4400000.0,
        "Interest Expense": 2000.0,
        "Interest Income": 4402000.0,
        "Normalized Income": -6487000.0,
        "Net Income From Continuing And Discontinued Operation": -6487000.0,
        "Total Expenses": 30235000.0,
        "Total Operating Income As Reported": -30235000.0,
        "Diluted Average Shares": NaN,
        "Basic Average Shares": NaN,
        "Diluted EPS": NaN,
        "Basic EPS": NaN,
        "Diluted NI Availto Com Stockholders": -6487000.0,
        "Net Income Common Stockholders": -6487000.0,
        "Net Income": -6487000.0,
        "Minority Interests": 18086000.0,
        "Net Income Including Noncontrolling Interests": -24573000.0,
        "Net Income Continuous Operations": -24573000.0,
        "Tax Provision": -1262000.0,
        "Pretax Income": -25835000.0,
        "Net Non Operating Interest Income Expense": 4400000.0,
        "Interest Expense Non Operating": 2000.0,
        "Interest Income Non Operating": 4402000.0,
        "Operating Income": -30235000.0,
        "Operating Expense": 30235000.0,
        "Research And Development": 20890000.0,
        "Selling General And Administration": 9345000.0,
        "General And Administrative Expense": 9345000.0,
        "Other Gand A": 9345000.0,
        "Total Revenue": 0.0,
        "Operating Revenue": 0.0
    },
    "2022-09-30": {
        "Tax Effect Of Unusual Items": NaN,
        "Tax Rate For Calcs": NaN,
        "Normalized EBITDA": NaN,
        "Net Income From Continuing Operation Net Minority Interest": NaN,
        "Reconciled Depreciation": NaN,
        "EBITDA": NaN,
        "EBIT": NaN,
        "Net Interest Income": NaN,
        "Interest Expense": NaN,
        "Interest Income": NaN,
        "Normalized Income": NaN,
        "Net Income From Continuing And Discontinued Operation": NaN,
        "Total Expenses": NaN,
        "Total Operating Income As Reported": NaN,
        "Diluted Average Shares": 61540231.0,
        "Basic Average Shares": 61540231.0,
        "Diluted EPS": -0.13,
        "Basic EPS": -0.13,
        "Diluted NI Availto Com Stockholders": NaN,
        "Net Income Common Stockholders": NaN,
        "Net Income": NaN,
        "Minority Interests": NaN,
        "Net Income Including Noncontrolling Interests": NaN,
        "Net Income Continuous Operations": NaN,
        "Tax Provision": NaN,
        "Pretax Income": NaN,
        "Net Non Operating Interest Income Expense": NaN,
        "Interest Expense Non Operating": NaN,
        "Interest Income Non Operating": NaN,
        "Operating Income": NaN,
        "Operating Expense": NaN,
        "Research And Development": NaN,
        "Selling General And Administration": NaN,
        "General And Administrative Expense": NaN,
        "Other Gand A": NaN,
        "Total Revenue": NaN,
        "Operating Revenue": NaN
    },
    "2022-06-30": {
        "Tax Effect Of Unusual Items": 0.0,
        "Tax Rate For Calcs": 0.4,
        "Normalized EBITDA": -20738000.0,
        "Net Income From Continuing Operation Net Minority Interest": -22131000.0,
        "Reconciled Depreciation": 752000.0,
        "EBITDA": -20738000.0,
        "EBIT": -20738000.0,
        "Net Interest Income": -170000.0,
        "Interest Expense": 170000.0,
        "Interest Income": 0.0,
        "Normalized Income": -22131000.0,
        "Net Income From Continuing And Discontinued Operation": -22131000.0,
        "Total Expenses": 20738000.0,
        "Total Operating Income As Reported": -20738000.0,
        "Diluted Average Shares": 61540231.0,
        "Basic Average Shares": 61540231.0,
        "Diluted EPS": -0.359618,
        "Basic EPS": -0.359618,
        "Diluted NI Availto Com Stockholders": -22131000.0,
        "Net Income Common Stockholders": -22131000.0,
        "Net Income": -22131000.0,
        "Minority Interests": NaN,
        "Net Income Including Noncontrolling Interests": -22131000.0,
        "Net Income Continuous Operations": -22131000.0,
        "Tax Provision": 1223000.0,
        "Pretax Income": -20908000.0,
        "Net Non Operating Interest Income Expense": -170000.0,
        "Interest Expense Non Operating": 170000.0,
        "Interest Income Non Operating": 0.0,
        "Operating Income": -20738000.0,
        "Operating Expense": 20738000.0,
        "Research And Development": 11558000.0,
        "Selling General And Administration": 9180000.0,
        "General And Administrative Expense": 9180000.0,
        "Other Gand A": 9180000.0,
        "Total Revenue": 0.0,
        "Operating Revenue": 0.0
    },
    "2022-03-31": {
        "Diluted EPS": 0.0,
        "Total Revenue": NaN,
        "Gross Profit": NaN,
        "Operating Income": -66,
        "EBIT": -66,
        "Net Income": -67
    },
    "2021-12-31": {
        "Diluted EPS": 0.0,
        "Total Revenue": NaN,
        "Gross Profit": NaN,
        "Operating Income": NaN,
        "EBIT": NaN,
        "Net Income": NaN
    },
    "2021-09-30": {
        "Diluted EPS": 0.0,
        "Total Revenue": NaN,
        "Gross Profit": NaN,
        "Operating Income": -17,
        "EBIT": -17,
        "Net Income": -17
    },
    "2021-06-30": {
        "Diluted EPS": 0.0,
        "Total Revenue": NaN,
        "Gross Profit": NaN,
        "Operating Income": 0,
        "EBIT": 0,
        "Net Income": 0
    },
    "2021-03-31": {
        "Diluted EPS": 0.0,
        "Total Revenue": NaN,
        "Gross Profit": NaN,
        "Operating Income": NaN,
        "EBIT": NaN,
        "Net Income": NaN
    },
    "2020-12-31": {
        "Diluted EPS": 0.0,
        "Total Revenue": NaN,
        "Gross Profit": NaN,
        "Operating Income": NaN,
        "EBIT": NaN,
        "Net Income": NaN
    },
    "2023-06-30": {
        "Tax Effect Of Unusual Items": 0.0,
        "Tax Rate For Calcs": 0.21,
        "Normalized EBITDA": -32984000.0,
        "Net Income From Continuing Operation Net Minority Interest": -9118000.0,
        "Reconciled Depreciation": 870000.0,
        "EBITDA": -32984000.0,
        "EBIT": -33854000.0,
        "Net Interest Income": 5961000.0,
        "Interest Expense": 4000.0,
        "Interest Income": 5965000.0,
        "Normalized Income": -9118000.0,
        "Net Income From Continuing And Discontinued Operation": -9118000.0,
        "Total Expenses": 39819000.0,
        "Total Operating Income As Reported": -39819000.0,
        "Diluted Average Shares": 64562209.0,
        "Basic Average Shares": 64562209.0,
        "Diluted EPS": -0.14,
        "Basic EPS": -0.14,
        "Diluted NI Availto Com Stockholders": -9118000.0,
        "Net Income Common Stockholders": -9118000.0,
        "Net Income": -9118000.0,
        "Minority Interests": 25705000.0,
        "Net Income Including Noncontrolling Interests": -34823000.0,
        "Net Income Continuous Operations": -34823000.0,
        "Tax Provision": 965000.0,
        "Pretax Income": -33858000.0,
        "Net Non Operating Interest Income Expense": 5961000.0,
        "Interest Expense Non Operating": 4000.0,
        "Interest Income Non Operating": 5965000.0,
        "Operating Income": -39819000.0,
        "Operating Expense": 39819000.0,
        "Research And Development": 26364000.0,
        "Selling General And Administration": 13455000.0,
        "General And Administrative Expense": 13455000.0,
        "Other Gand A": 13455000.0,
        "Total Revenue": 0.0,
        "Operating Revenue": 0.0
    },
    "2023-09-30": {
        "Tax Effect Of Unusual Items": 0.0,
        "Tax Rate For Calcs": 0.21,
        "Normalized EBITDA": -40071000.0,
        "Net Income From Continuing Operation Net Minority Interest": -10984000.0,
        "Reconciled Depreciation": 1005000.0,
        "EBITDA": -40071000.0,
        "EBIT": -41076000.0,
        "Net Interest Income": 5539000.0,
        "Interest Expense": 2000.0,
        "Interest Income": 5541000.0,
        "Normalized Income": -10984000.0,
        "Net Income From Continuing And Discontinued Operation": -10984000.0,
        "Total Expenses": 46617000.0,
        "Total Operating Income As Reported": -46617000.0,
        "Diluted Average Shares": 61592876.0,
        "Basic Average Shares": 61592876.0,
        "Diluted EPS": -0.18,
        "Basic EPS": -0.18,
        "Diluted NI Availto Com Stockholders": -10984000.0,
        "Net Income Common Stockholders": -10984000.0,
        "Net Income": -10984000.0,
        "Minority Interests": 31007000.0,
        "Net Income Including Noncontrolling Interests": -41991000.0,
        "Net Income Continuous Operations": -41991000.0,
        "Tax Provision": 913000.0,
        "Pretax Income": -41078000.0,
        "Net Non Operating Interest Income Expense": 5539000.0,
        "Interest Expense Non Operating": 2000.0,
        "Interest Income Non Operating": 5541000.0,
        "Operating Income": -46617000.0,
        "Operating Expense": 46617000.0,
        "Research And Development": 32198000.0,
        "Selling General And Administration": 14419000.0,
        "General And Administrative Expense": 14419000.0,
        "Other Gand A": 14419000.0,
        "Total Revenue": 0.0,
        "Operating Revenue": 0.0
    },
    "2023-12-31": {
        "Tax Effect Of Unusual Items": 0.0,
        "Tax Rate For Calcs": 0.21,
        "Normalized EBITDA": -17784000.0,
        "Net Income From Continuing Operation Net Minority Interest": -5701000.0,
        "Reconciled Depreciation": 1146000.0,
        "EBITDA": -17784000.0,
        "EBIT": -18930000.0,
        "Net Interest Income": 5277000.0,
        "Interest Expense": 3000.0,
        "Interest Income": 5280000.0,
        "Normalized Income": -5701000.0,
        "Net Income From Continuing And Discontinued Operation": -5701000.0,
        "Total Expenses": 24210000.0,
        "Total Operating Income As Reported": -24210000.0,
        "Diluted Average Shares": NaN,
        "Basic Average Shares": NaN,
        "Diluted EPS": NaN,
        "Basic EPS": NaN,
        "Diluted NI Availto Com Stockholders": -5701000.0,
        "Net Income Common Stockholders": -5701000.0,
        "Net Income": -5701000.0,
        "Minority Interests": 16023000.0,
        "Net Income Including Noncontrolling Interests": -21724000.0,
        "Net Income Continuous Operations": -21724000.0,
        "Tax Provision": 2791000.0,
        "Pretax Income": -18933000.0,
        "Net Non Operating Interest Income Expense": 5277000.0,
        "Interest Expense Non Operating": 3000.0,
        "Interest Income Non Operating": 5280000.0,
        "Operating Income": -24210000.0,
        "Operating Expense": 24210000.0,
        "Research And Development": 22528000.0,
        "Selling General And Administration": 1682000.0,
        "General And Administrative Expense": 1682000.0,
        "Other Gand A": 1682000.0,
        "Total Revenue": 0.0,
        "Operating Revenue": 0.0
    },
    "2024-03-31": {
        "Tax Effect Of Unusual Items": 0.0,
        "Tax Rate For Calcs": 0.4,
        "Normalized EBITDA": -34131000.0,
        "Net Income From Continuing Operation Net Minority Interest": -9492000.0,
        "Reconciled Depreciation": 1102000.0,
        "EBITDA": -34131000.0,
        "EBIT": -35233000.0,
        "Net Interest Income": 4841000.0,
        "Interest Expense": 2000.0,
        "Interest Income": 4843000.0,
        "Normalized Income": -9492000.0,
        "Net Income From Continuing And Discontinued Operation": -9492000.0,
        "Total Expenses": 40076000.0,
        "Total Operating Income As Reported": -40076000.0,
        "Diluted Average Shares": 60951721.0,
        "Basic Average Shares": 60951721.0,
        "Diluted EPS": -0.16,
        "Basic EPS": -0.16,
        "Diluted NI Availto Com Stockholders": -9492000.0,
        "Net Income Common Stockholders": -9492000.0,
        "Net Income": -9492000.0,
        "Minority Interests": 25841000.0,
        "Net Income Including Noncontrolling Interests": -35333000.0,
        "Net Income Continuous Operations": -35333000.0,
        "Tax Provision": 98000.0,
        "Pretax Income": -35235000.0,
        "Net Non Operating Interest Income Expense": 4841000.0,
        "Interest Expense Non Operating": 2000.0,
        "Interest Income Non Operating": 4843000.0,
        "Operating Income": -40076000.0,
        "Operating Expense": 40076000.0,
        "Research And Development": 27233000.0,
        "Selling General And Administration": 12843000.0,
        "General And Administrative Expense": 12843000.0,
        "Other Gand A": 12843000.0,
        "Total Revenue": 0.0,
        "Operating Revenue": 0.0
    }
}