{
    "2023-06-30": {
        "Tax Effect Of Unusual Items": 0.0,
        "Tax Rate For Calcs": 0.35841,
        "Net Income From Continuing Operation Net Minority Interest": 1808000.0,
        "Reconciled Depreciation": 776000.0,
        "Net Interest Income": 9234000.0,
        "Interest Expense": 3681000.0,
        "Interest Income": 12915000.0,
        "Normalized Income": 1808000.0,
        "Net Income From Continuing And Discontinued Operation": 1808000.0,
        "Diluted Average Shares": 7071644.0,
        "Basic Average Shares": 7031674.0,
        "Diluted EPS": 0.26,
        "Basic EPS": 0.26,
        "Diluted NI Availto Com Stockholders": 1808000.0,
        "Net Income Common Stockholders": 1808000.0,
        "Net Income": 1808000.0,
        "Net Income Including Noncontrolling Interests": 1808000.0,
        "Net Income Continuous Operations": 1808000.0,
        "Tax Provision": 1010000.0,
        "Pretax Income": 2818000.0,
        "Selling General And Administration": 5165000.0,
        "Selling And Marketing Expense": 118000.0,
        "General And Administrative Expense": 5047000.0,
        "Insurance And Claims": 192000.0,
        "Salaries And Wages": 4855000.0,
        "Total Revenue": 10369000.0,
        "Operating Revenue": 10369000.0
    },
    "2023-03-31": {
        "Tax Effect Of Unusual Items": 0.0,
        "Tax Rate For Calcs": 0.294,
        "Net Income From Continuing Operation Net Minority Interest": 2323000.0,
        "Reconciled Depreciation": 776000.0,
        "Net Interest Income": 9401000.0,
        "Interest Expense": 2607000.0,
        "Interest Income": 12008000.0,
        "Normalized Income": 2323000.0,
        "Net Income From Continuing And Discontinued Operation": 2323000.0,
        "Diluted Average Shares": 7146000.0,
        "Basic Average Shares": 7081000.0,
        "Diluted EPS": 0.33,
        "Basic EPS": 0.33,
        "Diluted NI Availto Com Stockholders": 2323000.0,
        "Net Income Common Stockholders": 2323000.0,
        "Net Income": 2323000.0,
        "Net Income Including Noncontrolling Interests": 2323000.0,
        "Net Income Continuous Operations": 2323000.0,
        "Tax Provision": 966000.0,
        "Pretax Income": 3289000.0,
        "Selling General And Administration": 4732000.0,
        "Selling And Marketing Expense": 182000.0,
        "General And Administrative Expense": 4550000.0,
        "Insurance And Claims": 191000.0,
        "Salaries And Wages": 4359000.0,
        "Total Revenue": 10382000.0,
        "Operating Revenue": 10382000.0
    },
    "2022-12-31": {
        "Tax Effect Of Unusual Items": 0.0,
        "Tax Rate For Calcs": 0.292661,
        "Net Income From Continuing Operation Net Minority Interest": 2371000.0,
        "Reconciled Depreciation": 747000.0,
        "Net Interest Income": 9385000.0,
        "Interest Expense": 1786000.0,
        "Interest Income": 11171000.0,
        "Normalized Income": 2371000.0,
        "Net Income From Continuing And Discontinued Operation": 2371000.0,
        "Diluted Average Shares": 7237000.0,
        "Basic Average Shares": 7185000.0,
        "Diluted EPS": 0.33,
        "Basic EPS": 0.33,
        "Diluted NI Availto Com Stockholders": 2371000.0,
        "Net Income Common Stockholders": 2371000.0,
        "Net Income": 2371000.0,
        "Net Income Including Noncontrolling Interests": 2371000.0,
        "Net Income Continuous Operations": 2371000.0,
        "Tax Provision": 981000.0,
        "Pretax Income": 3352000.0,
        "Selling General And Administration": 4698000.0,
        "Selling And Marketing Expense": 175000.0,
        "General And Administrative Expense": 4523000.0,
        "Insurance And Claims": 139000.0,
        "Salaries And Wages": 4384000.0,
        "Total Revenue": 10341000.0,
        "Operating Revenue": 10341000.0
    },
    "2022-09-30": {
        "Tax Effect Of Unusual Items": 0.0,
        "Tax Rate For Calcs": 0.293,
        "Net Income From Continuing Operation Net Minority Interest": 2090000.0,
        "Reconciled Depreciation": 889000.0,
        "Net Interest Income": 8965000.0,
        "Interest Expense": 933000.0,
        "Interest Income": 9898000.0,
        "Normalized Income": 2090000.0,
        "Net Income From Continuing And Discontinued Operation": 2090000.0,
        "Diluted Average Shares": 7310000.0,
        "Basic Average Shares": 7273000.0,
        "Diluted EPS": 0.29,
        "Basic EPS": 0.29,
        "Diluted NI Availto Com Stockholders": 2090000.0,
        "Net Income Common Stockholders": 2090000.0,
        "Net Income": 2090000.0,
        "Net Income Including Noncontrolling Interests": 2090000.0,
        "Net Income Continuous Operations": 2090000.0,
        "Tax Provision": 867000.0,
        "Pretax Income": 2957000.0,
        "Selling General And Administration": 4421000.0,
        "Selling And Marketing Expense": 147000.0,
        "General And Administrative Expense": 4274000.0,
        "Insurance And Claims": 135000.0,
        "Salaries And Wages": 4139000.0,
        "Total Revenue": 9968000.0,
        "Operating Revenue": 9968000.0
    },
    "2022-06-30": {
        "Tax Effect Of Unusual Items": 0.0,
        "Tax Rate For Calcs": 0.322,
        "Net Income From Continuing Operation Net Minority Interest": 2463000.0,
        "Reconciled Depreciation": 820000.0,
        "Net Interest Income": 8506000.0,
        "Interest Expense": 709000.0,
        "Interest Income": 9215000.0,
        "Normalized Income": 2463000.0,
        "Net Income From Continuing And Discontinued Operation": 2463000.0,
        "Diluted Average Shares": 7323016.0,
        "Basic Average Shares": 7290356.0,
        "Diluted EPS": 0.34,
        "Basic EPS": 0.34,
        "Diluted NI Availto Com Stockholders": 2463000.0,
        "Net Income Common Stockholders": 2463000.0,
        "Net Income": 2463000.0,
        "Net Income Including Noncontrolling Interests": 2463000.0,
        "Net Income Continuous Operations": 2463000.0,
        "Tax Provision": 1170000.0,
        "Pretax Income": 3633000.0,
        "Selling General And Administration": 4354000.0,
        "Selling And Marketing Expense": 165000.0,
        "General And Administrative Expense": 4189000.0,
        "Insurance And Claims": 134000.0,
        "Salaries And Wages": 4055000.0,
        "Total Revenue": 9671000.0,
        "Operating Revenue": 9671000.0
    },
    "2022-03-31": {
        "Diluted EPS": 0.23,
        "Total Revenue": 9,
        "Gross Profit": 9,
        "Operating Income": 2,
        "EBIT": NaN,
        "Net Income": 2
    },
    "2021-12-31": {
        "Diluted EPS": 0.3,
        "Total Revenue": 10,
        "Gross Profit": 9,
        "Operating Income": 3,
        "EBIT": NaN,
        "Net Income": 2
    },
    "2021-09-30": {
        "Diluted EPS": 0.35,
        "Total Revenue": 10,
        "Gross Profit": 9,
        "Operating Income": 4,
        "EBIT": NaN,
        "Net Income": 3
    },
    "2021-06-30": {
        "Diluted EPS": 0.43,
        "Total Revenue": 10,
        "Gross Profit": 9,
        "Operating Income": 4,
        "EBIT": NaN,
        "Net Income": 3
    },
    "2021-03-31": {
        "Diluted EPS": 0.21,
        "Total Revenue": 10,
        "Gross Profit": 9,
        "Operating Income": 2,
        "EBIT": NaN,
        "Net Income": 2
    },
    "2020-12-31": {
        "Diluted EPS": 0.16,
        "Total Revenue": 10,
        "Gross Profit": 9,
        "Operating Income": 2,
        "EBIT": NaN,
        "Net Income": 1
    },
    "2020-09-30": {
        "Diluted EPS": 0.2,
        "Total Revenue": 11,
        "Gross Profit": 9,
        "Operating Income": 2,
        "EBIT": NaN,
        "Net Income": 1
    },
    "2020-06-30": {
        "Diluted EPS": 0.22,
        "Total Revenue": 11,
        "Gross Profit": 9,
        "Operating Income": 2,
        "EBIT": NaN,
        "Net Income": 2
    },
    "2020-03-31": {
        "Diluted EPS": 0.15,
        "Total Revenue": 12,
        "Gross Profit": 10,
        "Operating Income": 2,
        "EBIT": NaN,
        "Net Income": 1
    },
    "2019-12-31": {
        "Diluted EPS": 0.31,
        "Total Revenue": 13,
        "Gross Profit": 11,
        "Operating Income": 3,
        "EBIT": NaN,
        "Net Income": 2
    },
    "2019-09-30": {
        "Diluted EPS": 0.33,
        "Total Revenue": 12,
        "Gross Profit": 11,
        "Operating Income": 4,
        "EBIT": NaN,
        "Net Income": 3
    },
    "2019-06-30": {
        "Diluted EPS": 0.1,
        "Total Revenue": 12,
        "Gross Profit": 11,
        "Operating Income": 1,
        "EBIT": NaN,
        "Net Income": 1
    },
    "2019-03-31": {
        "Diluted EPS": -0.02,
        "Total Revenue": 14,
        "Gross Profit": 13,
        "Operating Income": 0,
        "EBIT": NaN,
        "Net Income": 0
    },
    "2018-12-31": {
        "Diluted EPS": 0.26,
        "Total Revenue": 15,
        "Gross Profit": 13,
        "Operating Income": 3,
        "EBIT": NaN,
        "Net Income": 2
    },
    "2018-09-30": {
        "Diluted EPS": 0.24,
        "Total Revenue": 16,
        "Gross Profit": 14,
        "Operating Income": 2,
        "EBIT": NaN,
        "Net Income": 2
    },
    "2018-06-30": {
        "Diluted EPS": 0.18,
        "Total Revenue": 16,
        "Gross Profit": 14,
        "Operating Income": 2,
        "EBIT": NaN,
        "Net Income": 1
    },
    "2018-03-31": {
        "Diluted EPS": 0.23,
        "Total Revenue": 16,
        "Gross Profit": 14,
        "Operating Income": 2,
        "EBIT": NaN,
        "Net Income": 2
    },
    "2017-12-31": {
        "Diluted EPS": -0.1,
        "Total Revenue": 16,
        "Gross Profit": 14,
        "Operating Income": 1,
        "EBIT": NaN,
        "Net Income": -1
    },
    "2017-09-30": {
        "Diluted EPS": -0.03,
        "Total Revenue": 17,
        "Gross Profit": 15,
        "Operating Income": 0,
        "EBIT": NaN,
        "Net Income": 0
    },
    "2017-06-30": {
        "Diluted EPS": 0.12,
        "Total Revenue": 17,
        "Gross Profit": 16,
        "Operating Income": 2,
        "EBIT": NaN,
        "Net Income": 1
    },
    "2017-03-31": {
        "Diluted EPS": 0.14,
        "Total Revenue": 17,
        "Gross Profit": 15,
        "Operating Income": 2,
        "EBIT": NaN,
        "Net Income": 1
    },
    "2016-12-31": {
        "Diluted EPS": 0.18,
        "Total Revenue": 19,
        "Gross Profit": 17,
        "Operating Income": 3,
        "EBIT": NaN,
        "Net Income": 2
    },
    "2016-09-30": {
        "Diluted EPS": 0.2,
        "Total Revenue": 20,
        "Gross Profit": 18,
        "Operating Income": 3,
        "EBIT": NaN,
        "Net Income": 2
    },
    "2016-06-30": {
        "Diluted EPS": 0.31,
        "Total Revenue": 21,
        "Gross Profit": 19,
        "Operating Income": 4,
        "EBIT": NaN,
        "Net Income": 3
    },
    "2016-03-31": {
        "Diluted EPS": 0.18,
        "Total Revenue": 18,
        "Gross Profit": 16,
        "Operating Income": 3,
        "EBIT": NaN,
        "Net Income": 1
    },
    "2015-12-31": {
        "Diluted EPS": 0.11,
        "Total Revenue": 17,
        "Gross Profit": 15,
        "Operating Income": 2,
        "EBIT": NaN,
        "Net Income": 1
    },
    "2015-09-30": {
        "Diluted EPS": 0.28,
        "Total Revenue": 20,
        "Gross Profit": 19,
        "Operating Income": 4,
        "EBIT": NaN,
        "Net Income": 2
    },
    "2015-06-30": {
        "Diluted EPS": 0.28,
        "Total Revenue": 21,
        "Gross Profit": 19,
        "Operating Income": 4,
        "EBIT": NaN,
        "Net Income": 2
    },
    "2015-03-31": {
        "Diluted EPS": 0.29,
        "Total Revenue": 21,
        "Gross Profit": 20,
        "Operating Income": 5,
        "EBIT": NaN,
        "Net Income": 3
    },
    "2014-12-31": {
        "Diluted EPS": 0.25,
        "Total Revenue": 19,
        "Gross Profit": 18,
        "Operating Income": 4,
        "EBIT": NaN,
        "Net Income": 2
    },
    "2014-09-30": {
        "Diluted EPS": 0.25,
        "Total Revenue": 19,
        "Gross Profit": 17,
        "Operating Income": 4,
        "EBIT": NaN,
        "Net Income": 2
    },
    "2014-06-30": {
        "Diluted EPS": 0.21,
        "Total Revenue": 19,
        "Gross Profit": 17,
        "Operating Income": 4,
        "EBIT": NaN,
        "Net Income": 2
    },
    "2014-03-31": {
        "Diluted EPS": 0.14,
        "Total Revenue": 16,
        "Gross Profit": 14,
        "Operating Income": 3,
        "EBIT": NaN,
        "Net Income": 1
    },
    "2013-12-31": {
        "Diluted EPS": 0.16,
        "Total Revenue": 17,
        "Gross Profit": 15,
        "Operating Income": 3,
        "EBIT": NaN,
        "Net Income": 2
    },
    "2013-09-30": {
        "Diluted EPS": 0.14,
        "Total Revenue": 18,
        "Gross Profit": 16,
        "Operating Income": 3,
        "EBIT": NaN,
        "Net Income": 2
    },
    "2013-06-30": {
        "Diluted EPS": 0.49,
        "Total Revenue": 28,
        "Gross Profit": 25,
        "Operating Income": 9,
        "EBIT": NaN,
        "Net Income": 5
    },
    "2013-03-31": {
        "Diluted EPS": 0.45,
        "Total Revenue": 26,
        "Gross Profit": 23,
        "Operating Income": 8,
        "EBIT": NaN,
        "Net Income": 5
    },
    "2012-12-31": {
        "Diluted EPS": 0.64,
        "Total Revenue": 32,
        "Gross Profit": 29,
        "Operating Income": 12,
        "EBIT": NaN,
        "Net Income": 7
    },
    "2012-09-30": {
        "Diluted EPS": 0.8,
        "Total Revenue": 34,
        "Gross Profit": 31,
        "Operating Income": 13,
        "EBIT": NaN,
        "Net Income": 9
    },
    "2012-06-30": {
        "Diluted EPS": 0.39,
        "Total Revenue": 28,
        "Gross Profit": 25,
        "Operating Income": 7,
        "EBIT": NaN,
        "Net Income": 4
    },
    "2012-03-31": {
        "Diluted EPS": 0.21,
        "Total Revenue": 24,
        "Gross Profit": 20,
        "Operating Income": 4,
        "EBIT": NaN,
        "Net Income": 2
    },
    "2011-12-31": {
        "Diluted EPS": 0.16,
        "Total Revenue": 21,
        "Gross Profit": 17,
        "Operating Income": 3,
        "EBIT": NaN,
        "Net Income": 2
    },
    "2011-09-30": {
        "Diluted EPS": 0.2,
        "Total Revenue": 22,
        "Gross Profit": 17,
        "Operating Income": 4,
        "EBIT": NaN,
        "Net Income": 2
    },
    "2011-06-30": {
        "Diluted EPS": 0.19,
        "Total Revenue": 21,
        "Gross Profit": 16,
        "Operating Income": 4,
        "EBIT": NaN,
        "Net Income": 2
    },
    "2011-03-31": {
        "Diluted EPS": 0.2,
        "Total Revenue": 23,
        "Gross Profit": 18,
        "Operating Income": 4,
        "EBIT": NaN,
        "Net Income": 2
    },
    "2010-12-31": {
        "Diluted EPS": 0.37,
        "Total Revenue": 25,
        "Gross Profit": 20,
        "Operating Income": 7,
        "EBIT": NaN,
        "Net Income": 4
    },
    "2010-09-30": {
        "Diluted EPS": 0.4,
        "Total Revenue": 26,
        "Gross Profit": 20,
        "Operating Income": 8,
        "EBIT": NaN,
        "Net Income": 5
    },
    "2010-06-30": {
        "Diluted EPS": 0.55,
        "Total Revenue": 22,
        "Gross Profit": 16,
        "Operating Income": 6,
        "EBIT": NaN,
        "Net Income": 3
    },
    "2010-03-31": {
        "Diluted EPS": 0.03,
        "Total Revenue": 19,
        "Gross Profit": 12,
        "Operating Income": 1,
        "EBIT": NaN,
        "Net Income": 0
    },
    "2009-12-31": {
        "Diluted EPS": 0.37,
        "Total Revenue": 24,
        "Gross Profit": 16,
        "Operating Income": 4,
        "EBIT": NaN,
        "Net Income": 3
    },
    "2009-09-30": {
        "Diluted EPS": -0.82,
        "Total Revenue": 26,
        "Gross Profit": 17,
        "Operating Income": -9,
        "EBIT": NaN,
        "Net Income": -5
    },
    "2009-06-30": {
        "Diluted EPS": 0.21,
        "Total Revenue": 30,
        "Gross Profit": 21,
        "Operating Income": 0,
        "EBIT": NaN,
        "Net Income": 1
    },
    "2009-03-31": {
        "Diluted EPS": -0.41,
        "Total Revenue": 27,
        "Gross Profit": 17,
        "Operating Income": -4,
        "EBIT": NaN,
        "Net Income": -3
    },
    "2023-09-30": {
        "Tax Effect Of Unusual Items": 0.0,
        "Tax Rate For Calcs": 0.292,
        "Net Income From Continuing Operation Net Minority Interest": 1762000.0,
        "Reconciled Depreciation": 757000.0,
        "Net Interest Income": 9139000.0,
        "Interest Expense": 4203000.0,
        "Interest Income": 13342000.0,
        "Normalized Income": 1762000.0,
        "Net Income From Continuing And Discontinued Operation": 1762000.0,
        "Diluted Average Shares": 7027000.0,
        "Basic Average Shares": 7017000.0,
        "Diluted EPS": 0.25,
        "Basic EPS": 0.25,
        "Diluted NI Availto Com Stockholders": 1762000.0,
        "Net Income Common Stockholders": 1762000.0,
        "Net Income": 1762000.0,
        "Net Income Including Noncontrolling Interests": 1762000.0,
        "Net Income Continuous Operations": 1762000.0,
        "Tax Provision": 727000.0,
        "Pretax Income": 2489000.0,
        "Selling General And Administration": 4479000.0,
        "Selling And Marketing Expense": 168000.0,
        "General And Administrative Expense": 4311000.0,
        "Insurance And Claims": 197000.0,
        "Salaries And Wages": 4114000.0,
        "Total Revenue": 9890000.0,
        "Operating Revenue": 9890000.0
    },
    "2023-12-31": {
        "Tax Effect Of Unusual Items": 0.0,
        "Tax Rate For Calcs": 0.292231,
        "Net Income From Continuing Operation Net Minority Interest": 2141000.0,
        "Reconciled Depreciation": 767000.0,
        "Net Interest Income": 8774000.0,
        "Interest Expense": 4891000.0,
        "Interest Income": 13665000.0,
        "Normalized Income": 2141000.0,
        "Net Income From Continuing And Discontinued Operation": 2141000.0,
        "Diluted Average Shares": 6981000.0,
        "Basic Average Shares": 6969000.0,
        "Diluted EPS": 0.31,
        "Basic EPS": 0.31,
        "Diluted NI Availto Com Stockholders": 2141000.0,
        "Net Income Common Stockholders": 2141000.0,
        "Net Income": 2141000.0,
        "Net Income Including Noncontrolling Interests": 2141000.0,
        "Net Income Continuous Operations": 2141000.0,
        "Tax Provision": 884000.0,
        "Pretax Income": 3025000.0,
        "Selling General And Administration": 4959000.0,
        "Selling And Marketing Expense": 181000.0,
        "General And Administrative Expense": 4778000.0,
        "Insurance And Claims": 209000.0,
        "Salaries And Wages": 4569000.0,
        "Total Revenue": 9649000.0,
        "Operating Revenue": 9649000.0
    },
    "2024-03-31": {
        "Tax Effect Of Unusual Items": 0.0,
        "Tax Rate For Calcs": 0.293,
        "Net Income From Continuing Operation Net Minority Interest": 1495000.0,
        "Reconciled Depreciation": 782000.0,
        "Net Interest Income": 8559000.0,
        "Interest Expense": 5248000.0,
        "Interest Income": 13807000.0,
        "Normalized Income": 1495000.0,
        "Net Income From Continuing And Discontinued Operation": 1495000.0,
        "Diluted Average Shares": 6935000.0,
        "Basic Average Shares": 6919000.0,
        "Diluted EPS": 0.22,
        "Basic EPS": 0.22,
        "Diluted NI Availto Com Stockholders": 1495000.0,
        "Net Income Common Stockholders": 1495000.0,
        "Net Income": 1495000.0,
        "Net Income Including Noncontrolling Interests": 1495000.0,
        "Net Income Continuous Operations": 1495000.0,
        "Tax Provision": 620000.0,
        "Pretax Income": 2115000.0,
        "Selling General And Administration": 4897000.0,
        "Selling And Marketing Expense": 167000.0,
        "General And Administrative Expense": 4730000.0,
        "Insurance And Claims": 190000.0,
        "Salaries And Wages": 4540000.0,
        "Total Revenue": 9407000.0,
        "Operating Revenue": 9407000.0
    }
}