{
    "2023-03-31": {
        "Tax Effect Of Unusual Items": NaN,
        "Tax Rate For Calcs": NaN,
        "Normalized EBITDA": NaN,
        "Total Unusual Items": NaN,
        "Total Unusual Items Excluding Goodwill": NaN,
        "Net Income From Continuing Operation Net Minority Interest": NaN,
        "Reconciled Depreciation": NaN,
        "Reconciled Cost Of Revenue": NaN,
        "EBITDA": NaN,
        "EBIT": NaN,
        "Net Interest Income": NaN,
        "Interest Expense": NaN,
        "Normalized Income": NaN,
        "Net Income From Continuing And Discontinued Operation": NaN,
        "Total Expenses": NaN,
        "Total Operating Income As Reported": NaN,
        "Diluted Average Shares": 98852000.0,
        "Basic Average Shares": 98404000.0,
        "Diluted EPS": -0.26,
        "Basic EPS": -0.26,
        "Diluted NI Availto Com Stockholders": NaN,
        "Average Dilution Earnings": NaN,
        "Net Income Common Stockholders": NaN,
        "Net Income": NaN,
        "Minority Interests": NaN,
        "Net Income Including Noncontrolling Interests": NaN,
        "Net Income Continuous Operations": NaN,
        "Tax Provision": NaN,
        "Pretax Income": NaN,
        "Other Income Expense": NaN,
        "Other Non Operating Income Expenses": NaN,
        "Special Income Charges": NaN,
        "Other Special Charges": 1217000.0,
        "Impairment Of Capital Assets": NaN,
        "Gain On Sale Of Security": NaN,
        "Net Non Operating Interest Income Expense": NaN,
        "Interest Expense Non Operating": NaN,
        "Operating Income": NaN,
        "Operating Expense": NaN,
        "Other Taxes": NaN,
        "Research And Development": NaN,
        "Selling General And Administration": NaN,
        "Selling And Marketing Expense": NaN,
        "General And Administrative Expense": NaN,
        "Other Gand A": NaN,
        "Gross Profit": NaN,
        "Cost Of Revenue": NaN,
        "Total Revenue": NaN,
        "Operating Revenue": NaN
    },
    "2022-12-31": {
        "Tax Effect Of Unusual Items": NaN,
        "Tax Rate For Calcs": NaN,
        "Normalized EBITDA": NaN,
        "Total Unusual Items": NaN,
        "Total Unusual Items Excluding Goodwill": NaN,
        "Net Income From Continuing Operation Net Minority Interest": NaN,
        "Reconciled Depreciation": NaN,
        "Reconciled Cost Of Revenue": NaN,
        "EBITDA": NaN,
        "EBIT": NaN,
        "Net Interest Income": NaN,
        "Interest Expense": NaN,
        "Normalized Income": NaN,
        "Net Income From Continuing And Discontinued Operation": NaN,
        "Total Expenses": NaN,
        "Total Operating Income As Reported": NaN,
        "Diluted Average Shares": NaN,
        "Basic Average Shares": NaN,
        "Diluted EPS": NaN,
        "Basic EPS": NaN,
        "Diluted NI Availto Com Stockholders": NaN,
        "Average Dilution Earnings": NaN,
        "Net Income Common Stockholders": NaN,
        "Net Income": NaN,
        "Minority Interests": NaN,
        "Net Income Including Noncontrolling Interests": NaN,
        "Net Income Continuous Operations": NaN,
        "Tax Provision": NaN,
        "Pretax Income": NaN,
        "Other Income Expense": NaN,
        "Other Non Operating Income Expenses": NaN,
        "Special Income Charges": NaN,
        "Other Special Charges": NaN,
        "Impairment Of Capital Assets": NaN,
        "Gain On Sale Of Security": 122000.0,
        "Net Non Operating Interest Income Expense": NaN,
        "Interest Expense Non Operating": NaN,
        "Operating Income": NaN,
        "Operating Expense": NaN,
        "Other Taxes": -161970000.0,
        "Research And Development": NaN,
        "Selling General And Administration": NaN,
        "Selling And Marketing Expense": NaN,
        "General And Administrative Expense": NaN,
        "Other Gand A": NaN,
        "Gross Profit": NaN,
        "Cost Of Revenue": NaN,
        "Total Revenue": NaN,
        "Operating Revenue": NaN
    },
    "2022-09-30": {
        "Tax Effect Of Unusual Items": NaN,
        "Tax Rate For Calcs": NaN,
        "Normalized EBITDA": NaN,
        "Total Unusual Items": NaN,
        "Total Unusual Items Excluding Goodwill": NaN,
        "Net Income From Continuing Operation Net Minority Interest": NaN,
        "Reconciled Depreciation": NaN,
        "Reconciled Cost Of Revenue": NaN,
        "EBITDA": NaN,
        "EBIT": NaN,
        "Net Interest Income": NaN,
        "Interest Expense": NaN,
        "Normalized Income": NaN,
        "Net Income From Continuing And Discontinued Operation": NaN,
        "Total Expenses": NaN,
        "Total Operating Income As Reported": NaN,
        "Diluted Average Shares": NaN,
        "Basic Average Shares": NaN,
        "Diluted EPS": NaN,
        "Basic EPS": NaN,
        "Diluted NI Availto Com Stockholders": NaN,
        "Average Dilution Earnings": NaN,
        "Net Income Common Stockholders": NaN,
        "Net Income": NaN,
        "Minority Interests": NaN,
        "Net Income Including Noncontrolling Interests": NaN,
        "Net Income Continuous Operations": NaN,
        "Tax Provision": NaN,
        "Pretax Income": NaN,
        "Other Income Expense": NaN,
        "Other Non Operating Income Expenses": NaN,
        "Special Income Charges": NaN,
        "Other Special Charges": NaN,
        "Impairment Of Capital Assets": 0.0,
        "Gain On Sale Of Security": -53000.0,
        "Net Non Operating Interest Income Expense": NaN,
        "Total Other Finance Cost": 717000.0,
        "Interest Expense Non Operating": NaN,
        "Operating Income": NaN,
        "Operating Expense": NaN,
        "Other Taxes": 0.0,
        "Research And Development": NaN,
        "Selling General And Administration": NaN,
        "Selling And Marketing Expense": NaN,
        "General And Administrative Expense": NaN,
        "Other Gand A": NaN,
        "Gross Profit": NaN,
        "Cost Of Revenue": NaN,
        "Total Revenue": NaN,
        "Operating Revenue": NaN
    },
    "2022-06-30": {
        "Tax Effect Of Unusual Items": 114783.472388,
        "Tax Rate For Calcs": 0.331744,
        "Normalized EBITDA": -8483000.0,
        "Total Unusual Items": 346000.0,
        "Total Unusual Items Excluding Goodwill": 346000.0,
        "Net Income From Continuing Operation Net Minority Interest": -8340000.0,
        "Reconciled Depreciation": 3741000.0,
        "Reconciled Cost Of Revenue": 95297000.0,
        "EBITDA": -8137000.0,
        "EBIT": -11878000.0,
        "Net Interest Income": -707000.0,
        "Interest Expense": 707000.0,
        "Normalized Income": -8571216.527612,
        "Net Income From Continuing And Discontinued Operation": -8340000.0,
        "Total Expenses": 156197000.0,
        "Total Operating Income As Reported": -12088000.0,
        "Diluted Average Shares": 83151000.0,
        "Basic Average Shares": 82703000.0,
        "Diluted EPS": -0.1,
        "Basic EPS": -0.1,
        "Diluted NI Availto Com Stockholders": -8410000.0,
        "Average Dilution Earnings": -70000.0,
        "Net Income Common Stockholders": -8340000.0,
        "Net Income": -8340000.0,
        "Minority Interests": 70000.0,
        "Net Income Including Noncontrolling Interests": -8410000.0,
        "Net Income Continuous Operations": -8410000.0,
        "Tax Provision": -4175000.0,
        "Pretax Income": -12585000.0,
        "Other Income Expense": 210000.0,
        "Other Non Operating Income Expenses": -136000.0,
        "Special Income Charges": NaN,
        "Other Special Charges": NaN,
        "Gain On Sale Of Security": 346000.0,
        "Net Non Operating Interest Income Expense": -707000.0,
        "Total Other Finance Cost": NaN,
        "Interest Expense Non Operating": 707000.0,
        "Operating Income": -12088000.0,
        "Operating Expense": 60900000.0,
        "Other Taxes": 0.0,
        "Research And Development": 1748000.0,
        "Selling General And Administration": 59152000.0,
        "Selling And Marketing Expense": 40373000.0,
        "General And Administrative Expense": 18779000.0,
        "Other Gand A": 18779000.0,
        "Gross Profit": 48812000.0,
        "Cost Of Revenue": 95297000.0,
        "Total Revenue": 144109000.0,
        "Operating Revenue": 144109000.0
    },
    "2022-03-31": {
        "Diluted EPS": -0.2,
        "Total Revenue": 143,
        "Gross Profit": 52,
        "Operating Income": -18,
        "EBIT": -15,
        "Net Income": -14
    },
    "2021-12-31": {
        "Diluted EPS": -0.39,
        "Total Revenue": 186,
        "Gross Profit": 65,
        "Operating Income": -31,
        "EBIT": -28,
        "Net Income": -22
    },
    "2021-09-30": {
        "Diluted EPS": -0.05,
        "Total Revenue": 171,
        "Gross Profit": 61,
        "Operating Income": -7,
        "EBIT": -4,
        "Net Income": 2
    },
    "2021-06-30": {
        "Diluted EPS": -0.03,
        "Total Revenue": 183,
        "Gross Profit": 82,
        "Operating Income": -3,
        "EBIT": -1,
        "Net Income": 3
    },
    "2021-03-31": {
        "Diluted EPS": 0.17,
        "Total Revenue": 186,
        "Gross Profit": 88,
        "Operating Income": 17,
        "EBIT": 18,
        "Net Income": 21
    },
    "2020-12-31": {
        "Diluted EPS": -1.31,
        "Total Revenue": 174,
        "Gross Profit": 82,
        "Operating Income": 7,
        "EBIT": 9,
        "Net Income": -73
    },
    "2020-09-30": {
        "Diluted EPS": -1.97,
        "Total Revenue": 187,
        "Gross Profit": 88,
        "Operating Income": 24,
        "EBIT": 27,
        "Net Income": -87
    },
    "2020-06-30": {
        "Diluted EPS": -3.19,
        "Total Revenue": 165,
        "Gross Profit": 82,
        "Operating Income": 32,
        "EBIT": 34,
        "Net Income": -93
    },
    "2020-03-31": {
        "Diluted EPS": 0.43,
        "Total Revenue": 122,
        "Gross Profit": 53,
        "Operating Income": 8,
        "EBIT": 9,
        "Net Income": 17
    },
    "2019-12-31": {
        "Diluted EPS": -2.24,
        "Total Revenue": 124,
        "Gross Profit": 59,
        "Operating Income": 3,
        "EBIT": 5,
        "Net Income": -23
    },
    "2019-09-30": {
        "Diluted EPS": 0.16,
        "Total Revenue": 117,
        "Gross Profit": 53,
        "Operating Income": 11,
        "EBIT": 12,
        "Net Income": 2
    },
    "2019-06-30": {
        "Diluted EPS": -0.16,
        "Total Revenue": 103,
        "Gross Profit": 43,
        "Operating Income": -2,
        "EBIT": -2,
        "Net Income": -1
    },
    "2019-03-31": {
        "Diluted EPS": -0.02,
        "Total Revenue": 84,
        "Gross Profit": 34,
        "Operating Income": 5,
        "EBIT": 6,
        "Net Income": 0
    },
    "2018-12-31": {
        "Diluted EPS": -0.12,
        "Total Revenue": 78,
        "Gross Profit": 27,
        "Operating Income": -5,
        "EBIT": -5,
        "Net Income": -1
    },
    "2018-09-30": {
        "Diluted EPS": -0.09,
        "Total Revenue": 71,
        "Gross Profit": 28,
        "Operating Income": -3,
        "EBIT": -3,
        "Net Income": -1
    },
    "2018-06-30": {
        "Diluted EPS": -0.12,
        "Total Revenue": 76,
        "Gross Profit": 32,
        "Operating Income": -5,
        "EBIT": -4,
        "Net Income": -1
    },
    "2018-03-31": {
        "Diluted EPS": -0.18,
        "Total Revenue": 61,
        "Gross Profit": 26,
        "Operating Income": -4,
        "EBIT": -3,
        "Net Income": -2
    },
    "2017-12-31": {
        "Diluted EPS": -0.59,
        "Total Revenue": 63,
        "Gross Profit": 25,
        "Operating Income": -5,
        "EBIT": -5,
        "Net Income": -5
    },
    "2017-09-30": {
        "Diluted EPS": -0.65,
        "Total Revenue": 56,
        "Gross Profit": 24,
        "Operating Income": -5,
        "EBIT": -5,
        "Net Income": -5
    },
    "2017-06-30": {
        "Diluted EPS": 0.43,
        "Total Revenue": 48,
        "Gross Profit": 21,
        "Operating Income": 4,
        "EBIT": 4,
        "Net Income": 4
    },
    "2017-03-31": {
        "Diluted EPS": -0.24,
        "Total Revenue": 30,
        "Gross Profit": 14,
        "Operating Income": -2,
        "EBIT": -2,
        "Net Income": -2
    },
    "2016-12-31": {
        "Diluted EPS": -0.44,
        "Total Revenue": NaN,
        "Gross Profit": NaN,
        "Operating Income": -2,
        "EBIT": -2,
        "Net Income": -2
    },
    "2016-09-30": {
        "Diluted EPS": -0.03,
        "Total Revenue": NaN,
        "Gross Profit": NaN,
        "Operating Income": 0,
        "EBIT": 0,
        "Net Income": 0
    },
    "2016-06-30": {
        "Diluted EPS": -0.01,
        "Total Revenue": NaN,
        "Gross Profit": NaN,
        "Operating Income": 0,
        "EBIT": 0,
        "Net Income": 0
    },
    "2016-03-31": {
        "Diluted EPS": -0.01,
        "Total Revenue": NaN,
        "Gross Profit": NaN,
        "Operating Income": 0,
        "EBIT": 0,
        "Net Income": 0
    },
    "2015-12-31": {
        "Diluted EPS": 0.0,
        "Total Revenue": NaN,
        "Gross Profit": NaN,
        "Operating Income": NaN,
        "EBIT": NaN,
        "Net Income": NaN
    },
    "2015-09-30": {
        "Diluted EPS": -0.03,
        "Total Revenue": NaN,
        "Gross Profit": NaN,
        "Operating Income": 0,
        "EBIT": 0,
        "Net Income": 0
    },
    "2023-06-30": {
        "Tax Effect Of Unusual Items": 0.0,
        "Tax Rate For Calcs": 0.21,
        "Normalized EBITDA": -34223000.0,
        "Total Unusual Items": 0.0,
        "Total Unusual Items Excluding Goodwill": 0.0,
        "Net Income From Continuing Operation Net Minority Interest": -40487000.0,
        "Reconciled Depreciation": 6007000.0,
        "Reconciled Cost Of Revenue": 82408000.0,
        "EBITDA": -34223000.0,
        "EBIT": -40230000.0,
        "Net Interest Income": -352000.0,
        "Interest Expense": 352000.0,
        "Normalized Income": -40487000.0,
        "Net Income From Continuing And Discontinued Operation": -40487000.0,
        "Total Expenses": 158149000.0,
        "Total Operating Income As Reported": -40267000.0,
        "Diluted Average Shares": 105079000.0,
        "Basic Average Shares": 105079000.0,
        "Diluted EPS": -0.39,
        "Basic EPS": -0.39,
        "Diluted NI Availto Com Stockholders": -40487000.0,
        "Average Dilution Earnings": 0.0,
        "Net Income Common Stockholders": -40487000.0,
        "Net Income": -40487000.0,
        "Minority Interests": 167000.0,
        "Net Income Including Noncontrolling Interests": -40654000.0,
        "Net Income Continuous Operations": -40654000.0,
        "Tax Provision": 72000.0,
        "Pretax Income": -40582000.0,
        "Other Income Expense": 37000.0,
        "Other Non Operating Income Expenses": 37000.0,
        "Special Income Charges": 0.0,
        "Other Special Charges": NaN,
        "Impairment Of Capital Assets": NaN,
        "Gain On Sale Of Security": NaN,
        "Net Non Operating Interest Income Expense": -352000.0,
        "Interest Expense Non Operating": 352000.0,
        "Operating Income": -40267000.0,
        "Operating Expense": 75741000.0,
        "Other Taxes": NaN,
        "Research And Development": 2925000.0,
        "Selling General And Administration": 72816000.0,
        "Selling And Marketing Expense": 46379000.0,
        "General And Administrative Expense": 26437000.0,
        "Other Gand A": 26437000.0,
        "Gross Profit": 35474000.0,
        "Cost Of Revenue": 82408000.0,
        "Total Revenue": 117882000.0,
        "Operating Revenue": 117882000.0
    },
    "2023-09-30": {
        "Tax Effect Of Unusual Items": -2098530.0,
        "Tax Rate For Calcs": 0.21,
        "Normalized EBITDA": -19457000.0,
        "Total Unusual Items": -9993000.0,
        "Total Unusual Items Excluding Goodwill": -9993000.0,
        "Net Income From Continuing Operation Net Minority Interest": -36004000.0,
        "Reconciled Depreciation": 6073000.0,
        "Reconciled Cost Of Revenue": 92687000.0,
        "EBITDA": -29450000.0,
        "EBIT": -35523000.0,
        "Net Interest Income": -594000.0,
        "Interest Expense": 594000.0,
        "Normalized Income": -28109530.0,
        "Net Income From Continuing And Discontinued Operation": -36004000.0,
        "Total Expenses": 165731000.0,
        "Total Operating Income As Reported": -32614000.0,
        "Diluted Average Shares": 105326000.0,
        "Basic Average Shares": 105326000.0,
        "Diluted EPS": -0.34,
        "Basic EPS": -0.34,
        "Diluted NI Availto Com Stockholders": -36004000.0,
        "Average Dilution Earnings": 0.0,
        "Net Income Common Stockholders": -36004000.0,
        "Net Income": -36004000.0,
        "Minority Interests": 131000.0,
        "Net Income Including Noncontrolling Interests": -36135000.0,
        "Net Income Continuous Operations": -36135000.0,
        "Tax Provision": 18000.0,
        "Pretax Income": -36117000.0,
        "Other Income Expense": -9788000.0,
        "Other Non Operating Income Expenses": 205000.0,
        "Special Income Charges": -9993000.0,
        "Other Special Charges": 3114000.0,
        "Impairment Of Capital Assets": 6879000.0,
        "Gain On Sale Of Security": NaN,
        "Net Non Operating Interest Income Expense": -594000.0,
        "Interest Expense Non Operating": 594000.0,
        "Operating Income": -25735000.0,
        "Operating Expense": 73044000.0,
        "Other Taxes": NaN,
        "Research And Development": 2704000.0,
        "Selling General And Administration": 70340000.0,
        "Selling And Marketing Expense": 52816000.0,
        "General And Administrative Expense": 17524000.0,
        "Other Gand A": 17524000.0,
        "Gross Profit": 47309000.0,
        "Cost Of Revenue": 92687000.0,
        "Total Revenue": 139996000.0,
        "Operating Revenue": 139996000.0
    },
    "2023-12-31": {
        "Tax Effect Of Unusual Items": 0.0,
        "Tax Rate For Calcs": 0.008312,
        "Normalized EBITDA": -11566000.0,
        "Total Unusual Items": 0.0,
        "Total Unusual Items Excluding Goodwill": 0.0,
        "Net Income From Continuing Operation Net Minority Interest": -18333000.0,
        "Reconciled Depreciation": 6143000.0,
        "Reconciled Cost Of Revenue": 97472000.0,
        "EBITDA": -11566000.0,
        "EBIT": -17709000.0,
        "Net Interest Income": -819000.0,
        "Interest Expense": 819000.0,
        "Normalized Income": -18333000.0,
        "Net Income From Continuing And Discontinued Operation": -18333000.0,
        "Total Expenses": 162132000.0,
        "Total Operating Income As Reported": -16196000.0,
        "Diluted Average Shares": NaN,
        "Basic Average Shares": NaN,
        "Diluted EPS": NaN,
        "Basic EPS": NaN,
        "Diluted NI Availto Com Stockholders": -18791000.0,
        "Average Dilution Earnings": -458000.0,
        "Net Income Common Stockholders": -18333000.0,
        "Net Income": -18333000.0,
        "Minority Interests": 41000.0,
        "Net Income Including Noncontrolling Interests": -18374000.0,
        "Net Income Continuous Operations": -18374000.0,
        "Tax Provision": -154000.0,
        "Pretax Income": -18528000.0,
        "Other Income Expense": -1513000.0,
        "Other Non Operating Income Expenses": -1513000.0,
        "Special Income Charges": 0.0,
        "Other Special Charges": 0.0,
        "Impairment Of Capital Assets": 0.0,
        "Gain On Sale Of Security": NaN,
        "Net Non Operating Interest Income Expense": -819000.0,
        "Interest Expense Non Operating": 819000.0,
        "Operating Income": -16196000.0,
        "Operating Expense": 64660000.0,
        "Other Taxes": NaN,
        "Research And Development": 2897000.0,
        "Selling General And Administration": 61763000.0,
        "Selling And Marketing Expense": 44945000.0,
        "General And Administrative Expense": 16818000.0,
        "Other Gand A": 16818000.0,
        "Gross Profit": 48464000.0,
        "Cost Of Revenue": 97472000.0,
        "Total Revenue": 145936000.0,
        "Operating Revenue": 145936000.0
    },
    "2024-03-31": {
        "Tax Effect Of Unusual Items": -5668530.0,
        "Tax Rate For Calcs": 0.21,
        "Normalized EBITDA": -12360000.0,
        "Total Unusual Items": -26993000.0,
        "Total Unusual Items Excluding Goodwill": -26993000.0,
        "Net Income From Continuing Operation Net Minority Interest": -50217000.0,
        "Reconciled Depreciation": 6382000.0,
        "Reconciled Cost Of Revenue": 78313000.0,
        "EBITDA": -39353000.0,
        "EBIT": -45735000.0,
        "Net Interest Income": -4474000.0,
        "Interest Expense": 4474000.0,
        "Normalized Income": -28892530.0,
        "Net Income From Continuing And Discontinued Operation": -50217000.0,
        "Total Expenses": 143169000.0,
        "Total Operating Income As Reported": -23136000.0,
        "Diluted Average Shares": 106022000.0,
        "Basic Average Shares": 106022000.0,
        "Diluted EPS": -0.47,
        "Basic EPS": -0.47,
        "Diluted NI Availto Com Stockholders": -50217000.0,
        "Average Dilution Earnings": 0.0,
        "Net Income Common Stockholders": -50217000.0,
        "Net Income": -50217000.0,
        "Minority Interests": 51000.0,
        "Net Income Including Noncontrolling Interests": -50268000.0,
        "Net Income Continuous Operations": -50268000.0,
        "Tax Provision": 59000.0,
        "Pretax Income": -50209000.0,
        "Other Income Expense": -22599000.0,
        "Other Non Operating Income Expenses": 4394000.0,
        "Special Income Charges": -3394000.0,
        "Other Special Charges": 3394000.0,
        "Impairment Of Capital Assets": NaN,
        "Gain On Sale Of Security": -23599000.0,
        "Net Non Operating Interest Income Expense": -4474000.0,
        "Interest Expense Non Operating": 4474000.0,
        "Operating Income": -23136000.0,
        "Operating Expense": 64856000.0,
        "Other Taxes": NaN,
        "Research And Development": 3666000.0,
        "Selling General And Administration": 61190000.0,
        "Selling And Marketing Expense": 41462000.0,
        "General And Administrative Expense": 19728000.0,
        "Other Gand A": 19728000.0,
        "Gross Profit": 41720000.0,
        "Cost Of Revenue": 78313000.0,
        "Total Revenue": 120033000.0,
        "Operating Revenue": 120033000.0
    },
    "2024-06-30": {
        "Tax Effect Of Unusual Items": 3925530.0,
        "Tax Rate For Calcs": 0.21,
        "Normalized EBITDA": -8048000.0,
        "Total Unusual Items": 18693000.0,
        "Total Unusual Items Excluding Goodwill": 18693000.0,
        "Net Income From Continuing Operation Net Minority Interest": 27000.0,
        "Reconciled Depreciation": 6439000.0,
        "Reconciled Cost Of Revenue": 71331000.0,
        "EBITDA": 10645000.0,
        "EBIT": 4206000.0,
        "Net Interest Income": -4161000.0,
        "Interest Expense": 4161000.0,
        "Normalized Income": -14740470.0,
        "Net Income From Continuing And Discontinued Operation": 27000.0,
        "Total Expenses": 134811000.0,
        "Total Operating Income As Reported": -14540000.0,
        "Diluted Average Shares": 107779000.0,
        "Basic Average Shares": 107489000.0,
        "Diluted EPS": -8.4e-05,
        "Basic EPS": 0.000251,
        "Diluted NI Availto Com Stockholders": -9000.0,
        "Average Dilution Earnings": -36000.0,
        "Net Income Common Stockholders": 27000.0,
        "Net Income": 27000.0,
        "Minority Interests": 36000.0,
        "Net Income Including Noncontrolling Interests": -9000.0,
        "Net Income Continuous Operations": -9000.0,
        "Tax Provision": 54000.0,
        "Pretax Income": 45000.0,
        "Other Income Expense": 18746000.0,
        "Other Non Operating Income Expenses": 53000.0,
        "Special Income Charges": 0.0,
        "Other Special Charges": NaN,
        "Impairment Of Capital Assets": NaN,
        "Gain On Sale Of Security": 18693000.0,
        "Net Non Operating Interest Income Expense": -4161000.0,
        "Interest Expense Non Operating": 4161000.0,
        "Operating Income": -14540000.0,
        "Operating Expense": 63480000.0,
        "Other Taxes": NaN,
        "Research And Development": 3986000.0,
        "Selling General And Administration": 59494000.0,
        "Selling And Marketing Expense": 41377000.0,
        "General And Administrative Expense": 18117000.0,
        "Other Gand A": 18117000.0,
        "Gross Profit": 48940000.0,
        "Cost Of Revenue": 71331000.0,
        "Total Revenue": 120271000.0,
        "Operating Revenue": 120271000.0
    }
}