{
    "2023-03-31": {
        "Tax Effect Of Unusual Items": NaN,
        "Tax Rate For Calcs": NaN,
        "Normalized EBITDA": NaN,
        "Total Unusual Items": NaN,
        "Total Unusual Items Excluding Goodwill": NaN,
        "Net Income From Continuing Operation Net Minority Interest": NaN,
        "Reconciled Depreciation": NaN,
        "Reconciled Cost Of Revenue": NaN,
        "EBITDA": NaN,
        "EBIT": NaN,
        "Net Interest Income": NaN,
        "Interest Expense": NaN,
        "Normalized Income": NaN,
        "Net Income From Continuing And Discontinued Operation": NaN,
        "Total Expenses": NaN,
        "Total Operating Income As Reported": NaN,
        "Diluted Average Shares": NaN,
        "Basic Average Shares": NaN,
        "Diluted EPS": NaN,
        "Basic EPS": NaN,
        "Diluted NI Availto Com Stockholders": NaN,
        "Net Income Common Stockholders": NaN,
        "Preferred Stock Dividends": NaN,
        "Net Income": NaN,
        "Minority Interests": NaN,
        "Net Income Including Noncontrolling Interests": NaN,
        "Net Income Continuous Operations": NaN,
        "Tax Provision": NaN,
        "Pretax Income": NaN,
        "Other Income Expense": NaN,
        "Other Non Operating Income Expenses": NaN,
        "Special Income Charges": NaN,
        "Other Special Charges": NaN,
        "Restructuring And Mergern Acquisition": 100000.0,
        "Net Non Operating Interest Income Expense": NaN,
        "Total Other Finance Cost": 900000.0,
        "Interest Expense Non Operating": NaN,
        "Operating Income": NaN,
        "Operating Expense": NaN,
        "Depreciation Amortization Depletion Income Statement": NaN,
        "Depreciation And Amortization In Income Statement": NaN,
        "Selling General And Administration": NaN,
        "General And Administrative Expense": NaN,
        "Other Gand A": NaN,
        "Salaries And Wages": NaN,
        "Gross Profit": NaN,
        "Cost Of Revenue": NaN,
        "Total Revenue": NaN,
        "Operating Revenue": NaN
    },
    "2022-12-31": {
        "Tax Effect Of Unusual Items": NaN,
        "Tax Rate For Calcs": NaN,
        "Normalized EBITDA": NaN,
        "Total Unusual Items": NaN,
        "Total Unusual Items Excluding Goodwill": NaN,
        "Net Income From Continuing Operation Net Minority Interest": NaN,
        "Reconciled Depreciation": NaN,
        "Reconciled Cost Of Revenue": NaN,
        "EBITDA": NaN,
        "EBIT": NaN,
        "Net Interest Income": NaN,
        "Interest Expense": NaN,
        "Normalized Income": NaN,
        "Net Income From Continuing And Discontinued Operation": NaN,
        "Total Expenses": NaN,
        "Total Operating Income As Reported": NaN,
        "Diluted Average Shares": NaN,
        "Basic Average Shares": NaN,
        "Diluted EPS": NaN,
        "Basic EPS": NaN,
        "Diluted NI Availto Com Stockholders": NaN,
        "Net Income Common Stockholders": NaN,
        "Preferred Stock Dividends": NaN,
        "Net Income": NaN,
        "Minority Interests": 0.0,
        "Net Income Including Noncontrolling Interests": NaN,
        "Net Income Continuous Operations": NaN,
        "Tax Provision": NaN,
        "Pretax Income": NaN,
        "Other Income Expense": NaN,
        "Other Non Operating Income Expenses": NaN,
        "Special Income Charges": NaN,
        "Other Special Charges": NaN,
        "Restructuring And Mergern Acquisition": NaN,
        "Net Non Operating Interest Income Expense": NaN,
        "Total Other Finance Cost": NaN,
        "Interest Expense Non Operating": NaN,
        "Operating Income": NaN,
        "Operating Expense": NaN,
        "Depreciation Amortization Depletion Income Statement": NaN,
        "Depreciation And Amortization In Income Statement": NaN,
        "Selling General And Administration": NaN,
        "General And Administrative Expense": NaN,
        "Other Gand A": NaN,
        "Salaries And Wages": NaN,
        "Gross Profit": NaN,
        "Cost Of Revenue": NaN,
        "Total Revenue": NaN,
        "Operating Revenue": NaN
    },
    "2022-09-30": {
        "Tax Effect Of Unusual Items": NaN,
        "Tax Rate For Calcs": NaN,
        "Normalized EBITDA": NaN,
        "Total Unusual Items": NaN,
        "Total Unusual Items Excluding Goodwill": NaN,
        "Net Income From Continuing Operation Net Minority Interest": NaN,
        "Reconciled Depreciation": NaN,
        "Reconciled Cost Of Revenue": NaN,
        "EBITDA": NaN,
        "EBIT": NaN,
        "Net Interest Income": NaN,
        "Interest Expense": NaN,
        "Normalized Income": NaN,
        "Net Income From Continuing And Discontinued Operation": NaN,
        "Total Expenses": NaN,
        "Total Operating Income As Reported": NaN,
        "Diluted Average Shares": NaN,
        "Basic Average Shares": NaN,
        "Diluted EPS": NaN,
        "Basic EPS": NaN,
        "Diluted NI Availto Com Stockholders": NaN,
        "Net Income Common Stockholders": NaN,
        "Preferred Stock Dividends": NaN,
        "Net Income": NaN,
        "Minority Interests": 0.0,
        "Net Income Including Noncontrolling Interests": NaN,
        "Net Income Continuous Operations": NaN,
        "Tax Provision": NaN,
        "Pretax Income": NaN,
        "Other Income Expense": NaN,
        "Other Non Operating Income Expenses": NaN,
        "Special Income Charges": NaN,
        "Restructuring And Mergern Acquisition": 100000.0,
        "Net Non Operating Interest Income Expense": NaN,
        "Total Other Finance Cost": 900000.0,
        "Interest Expense Non Operating": NaN,
        "Operating Income": NaN,
        "Operating Expense": NaN,
        "Depreciation Amortization Depletion Income Statement": NaN,
        "Depreciation And Amortization In Income Statement": NaN,
        "Selling General And Administration": NaN,
        "General And Administrative Expense": NaN,
        "Other Gand A": NaN,
        "Salaries And Wages": NaN,
        "Gross Profit": NaN,
        "Cost Of Revenue": NaN,
        "Total Revenue": NaN,
        "Operating Revenue": NaN
    },
    "2022-06-30": {
        "Tax Effect Of Unusual Items": 0.0,
        "Tax Rate For Calcs": 0.4,
        "Normalized EBITDA": 30594000.0,
        "Total Unusual Items": 0.0,
        "Total Unusual Items Excluding Goodwill": 0.0,
        "Net Income From Continuing Operation Net Minority Interest": 287000.0,
        "Reconciled Depreciation": 17505000.0,
        "Reconciled Cost Of Revenue": 110749000.0,
        "EBITDA": 30594000.0,
        "EBIT": 13089000.0,
        "Net Interest Income": -12335000.0,
        "Interest Expense": 12335000.0,
        "Normalized Income": 287000.0,
        "Net Income From Continuing And Discontinued Operation": 287000.0,
        "Total Expenses": 153370000.0,
        "Total Operating Income As Reported": 13060000.0,
        "Diluted Average Shares": 78603000.0,
        "Basic Average Shares": 78603000.0,
        "Diluted EPS": -0.11,
        "Basic EPS": -0.11,
        "Diluted NI Availto Com Stockholders": -8262000.0,
        "Net Income Common Stockholders": -8262000.0,
        "Preferred Stock Dividends": 8549000.0,
        "Net Income": 287000.0,
        "Minority Interests": 0.0,
        "Net Income Including Noncontrolling Interests": 287000.0,
        "Net Income Continuous Operations": 287000.0,
        "Tax Provision": 467000.0,
        "Pretax Income": 754000.0,
        "Other Income Expense": 29000.0,
        "Other Non Operating Income Expenses": 29000.0,
        "Special Income Charges": 0.0,
        "Gain On Sale Of Business": NaN,
        "Net Non Operating Interest Income Expense": -12335000.0,
        "Interest Expense Non Operating": 12335000.0,
        "Operating Income": 13060000.0,
        "Operating Expense": 42621000.0,
        "Depreciation Amortization Depletion Income Statement": 17505000.0,
        "Depreciation And Amortization In Income Statement": 17505000.0,
        "Selling General And Administration": 25116000.0,
        "General And Administrative Expense": 25116000.0,
        "Other Gand A": 9346000.0,
        "Salaries And Wages": 15770000.0,
        "Gross Profit": 55681000.0,
        "Cost Of Revenue": 110749000.0,
        "Total Revenue": 166430000.0,
        "Operating Revenue": 166430000.0
    },
    "2022-03-31": {
        "Diluted EPS": -0.11,
        "Total Revenue": 153,
        "Gross Profit": 52,
        "Operating Income": 11,
        "EBIT": 29,
        "Net Income": -9
    },
    "2021-12-31": {
        "Diluted EPS": 0.14,
        "Total Revenue": 144,
        "Gross Profit": 49,
        "Operating Income": 13,
        "EBIT": 31,
        "Net Income": 9
    },
    "2021-09-30": {
        "Diluted EPS": -0.09,
        "Total Revenue": 133,
        "Gross Profit": 40,
        "Operating Income": 8,
        "EBIT": 21,
        "Net Income": -6
    },
    "2021-06-30": {
        "Diluted EPS": -0.35,
        "Total Revenue": 125,
        "Gross Profit": 35,
        "Operating Income": 7,
        "EBIT": 19,
        "Net Income": -24
    },
    "2021-03-31": {
        "Diluted EPS": -0.04,
        "Total Revenue": 113,
        "Gross Profit": 31,
        "Operating Income": 5,
        "EBIT": 14,
        "Net Income": -3
    },
    "2020-12-31": {
        "Diluted EPS": -0.01,
        "Total Revenue": 106,
        "Gross Profit": 32,
        "Operating Income": 6,
        "EBIT": 17,
        "Net Income": -1
    },
    "2020-09-30": {
        "Diluted EPS": 0.6,
        "Total Revenue": 109,
        "Gross Profit": 34,
        "Operating Income": 7,
        "EBIT": 19,
        "Net Income": 40
    },
    "2020-06-30": {
        "Diluted EPS": -0.12,
        "Total Revenue": 92,
        "Gross Profit": 30,
        "Operating Income": 4,
        "EBIT": 15,
        "Net Income": -8
    },
    "2020-03-31": {
        "Diluted EPS": -0.09,
        "Total Revenue": 97,
        "Gross Profit": 31,
        "Operating Income": 4,
        "EBIT": 14,
        "Net Income": -6
    },
    "2019-12-31": {
        "Diluted EPS": -0.1,
        "Total Revenue": 98,
        "Gross Profit": 31,
        "Operating Income": 1,
        "EBIT": 12,
        "Net Income": -7
    },
    "2019-09-30": {
        "Diluted EPS": -0.09,
        "Total Revenue": 94,
        "Gross Profit": 30,
        "Operating Income": 3,
        "EBIT": 13,
        "Net Income": -6
    },
    "2019-06-30": {
        "Diluted EPS": -0.21,
        "Total Revenue": 92,
        "Gross Profit": 30,
        "Operating Income": 2,
        "EBIT": 13,
        "Net Income": -14
    },
    "2019-03-31": {
        "Diluted EPS": -0.1,
        "Total Revenue": 88,
        "Gross Profit": 28,
        "Operating Income": 1,
        "EBIT": 10,
        "Net Income": -6
    },
    "2018-12-31": {
        "Diluted EPS": -0.09,
        "Total Revenue": 52,
        "Gross Profit": 26,
        "Operating Income": 2,
        "EBIT": 9,
        "Net Income": -6
    },
    "2018-09-30": {
        "Diluted EPS": -0.04,
        "Total Revenue": 104,
        "Gross Profit": 27,
        "Operating Income": 4,
        "EBIT": 9,
        "Net Income": -3
    },
    "2018-06-30": {
        "Diluted EPS": -0.1,
        "Total Revenue": 105,
        "Gross Profit": 25,
        "Operating Income": 3,
        "EBIT": 8,
        "Net Income": -6
    },
    "2018-03-31": {
        "Diluted EPS": -0.06,
        "Total Revenue": 116,
        "Gross Profit": 28,
        "Operating Income": 8,
        "EBIT": 12,
        "Net Income": -3
    },
    "2017-12-31": {
        "Diluted EPS": 0.15,
        "Total Revenue": 271,
        "Gross Profit": 77,
        "Operating Income": 25,
        "EBIT": 29,
        "Net Income": 2
    },
    "2017-09-30": {
        "Diluted EPS": 0.03,
        "Total Revenue": 111,
        "Gross Profit": 27,
        "Operating Income": 9,
        "EBIT": 9,
        "Net Income": 2
    },
    "2017-06-30": {
        "Diluted EPS": -0.04,
        "Total Revenue": NaN,
        "Gross Profit": NaN,
        "Operating Income": 0,
        "EBIT": 0,
        "Net Income": 0
    },
    "2017-03-31": {
        "Diluted EPS": -0.09,
        "Total Revenue": NaN,
        "Gross Profit": NaN,
        "Operating Income": 0,
        "EBIT": 0,
        "Net Income": 0
    },
    "2016-12-31": {
        "Diluted EPS": 0.0,
        "Total Revenue": NaN,
        "Gross Profit": NaN,
        "Operating Income": NaN,
        "EBIT": NaN,
        "Net Income": NaN
    },
    "2023-06-30": {
        "Tax Effect Of Unusual Items": NaN,
        "Tax Rate For Calcs": NaN,
        "Normalized EBITDA": NaN,
        "Total Unusual Items": NaN,
        "Total Unusual Items Excluding Goodwill": NaN,
        "Net Income From Continuing Operation Net Minority Interest": NaN,
        "Reconciled Depreciation": NaN,
        "Reconciled Cost Of Revenue": NaN,
        "EBITDA": NaN,
        "EBIT": NaN,
        "Net Interest Income": NaN,
        "Interest Expense": NaN,
        "Normalized Income": NaN,
        "Net Income From Continuing And Discontinued Operation": NaN,
        "Total Expenses": NaN,
        "Total Operating Income As Reported": NaN,
        "Diluted Average Shares": 78292000.0,
        "Basic Average Shares": 78292000.0,
        "Diluted EPS": -0.16,
        "Basic EPS": -0.16,
        "Diluted NI Availto Com Stockholders": NaN,
        "Net Income Common Stockholders": NaN,
        "Preferred Stock Dividends": NaN,
        "Net Income": NaN,
        "Minority Interests": 0.0,
        "Net Income Including Noncontrolling Interests": NaN,
        "Net Income Continuous Operations": NaN,
        "Tax Provision": NaN,
        "Pretax Income": NaN,
        "Other Income Expense": NaN,
        "Other Non Operating Income Expenses": NaN,
        "Special Income Charges": NaN,
        "Other Special Charges": NaN,
        "Restructuring And Mergern Acquisition": NaN,
        "Net Non Operating Interest Income Expense": NaN,
        "Total Other Finance Cost": NaN,
        "Interest Expense Non Operating": NaN,
        "Operating Income": NaN,
        "Operating Expense": NaN,
        "Depreciation Amortization Depletion Income Statement": NaN,
        "Depreciation And Amortization In Income Statement": NaN,
        "Selling General And Administration": NaN,
        "General And Administrative Expense": NaN,
        "Other Gand A": NaN,
        "Salaries And Wages": NaN,
        "Gross Profit": NaN,
        "Cost Of Revenue": NaN,
        "Total Revenue": NaN,
        "Operating Revenue": NaN
    },
    "2023-09-30": {
        "Tax Effect Of Unusual Items": -126000.0,
        "Tax Rate For Calcs": 0.21,
        "Normalized EBITDA": 40513000.0,
        "Total Unusual Items": -600000.0,
        "Total Unusual Items Excluding Goodwill": -600000.0,
        "Net Income From Continuing Operation Net Minority Interest": -87000.0,
        "Reconciled Depreciation": 17275000.0,
        "Reconciled Cost Of Revenue": 116682000.0,
        "EBITDA": 39913000.0,
        "EBIT": 22638000.0,
        "Net Interest Income": -19397000.0,
        "Interest Expense": 18397000.0,
        "Normalized Income": 387000.0,
        "Net Income From Continuing And Discontinued Operation": -87000.0,
        "Total Expenses": 165509000.0,
        "Total Operating Income As Reported": 23506000.0,
        "Diluted Average Shares": 78381000.0,
        "Basic Average Shares": 78381000.0,
        "Diluted EPS": -0.16,
        "Basic EPS": -0.16,
        "Diluted NI Availto Com Stockholders": -12279000.0,
        "Net Income Common Stockholders": -12279000.0,
        "Preferred Stock Dividends": 12192000.0,
        "Net Income": -87000.0,
        "Minority Interests": 0.0,
        "Net Income Including Noncontrolling Interests": -87000.0,
        "Net Income Continuous Operations": -87000.0,
        "Tax Provision": 4328000.0,
        "Pretax Income": 4241000.0,
        "Other Income Expense": 132000.0,
        "Other Non Operating Income Expenses": 732000.0,
        "Special Income Charges": -600000.0,
        "Other Special Charges": NaN,
        "Restructuring And Mergern Acquisition": 600000.0,
        "Net Non Operating Interest Income Expense": -19397000.0,
        "Total Other Finance Cost": 1000000.0,
        "Interest Expense Non Operating": 18397000.0,
        "Operating Income": 23506000.0,
        "Operating Expense": 48827000.0,
        "Depreciation Amortization Depletion Income Statement": 17275000.0,
        "Depreciation And Amortization In Income Statement": 17275000.0,
        "Selling General And Administration": 31552000.0,
        "General And Administrative Expense": 31552000.0,
        "Other Gand A": 11423000.0,
        "Salaries And Wages": 20129000.0,
        "Gross Profit": 72333000.0,
        "Cost Of Revenue": 116682000.0,
        "Total Revenue": 189015000.0,
        "Operating Revenue": 189015000.0
    },
    "2023-12-31": {
        "Tax Effect Of Unusual Items": 168000.0,
        "Tax Rate For Calcs": 0.21,
        "Normalized EBITDA": 40346000.0,
        "Total Unusual Items": 800000.0,
        "Total Unusual Items Excluding Goodwill": 800000.0,
        "Net Income From Continuing Operation Net Minority Interest": -106000.0,
        "Reconciled Depreciation": 15092000.0,
        "Reconciled Cost Of Revenue": 126378000.0,
        "EBITDA": 41146000.0,
        "EBIT": 26054000.0,
        "Net Interest Income": -21447000.0,
        "Interest Expense": 24247000.0,
        "Normalized Income": -738000.0,
        "Net Income From Continuing And Discontinued Operation": -106000.0,
        "Total Expenses": 177242000.0,
        "Total Operating Income As Reported": 22037000.0,
        "Diluted Average Shares": NaN,
        "Basic Average Shares": NaN,
        "Diluted EPS": NaN,
        "Basic EPS": NaN,
        "Diluted NI Availto Com Stockholders": -12598000.0,
        "Net Income Common Stockholders": -12598000.0,
        "Preferred Stock Dividends": 12492000.0,
        "Net Income": -106000.0,
        "Minority Interests": NaN,
        "Net Income Including Noncontrolling Interests": -106000.0,
        "Net Income Continuous Operations": -106000.0,
        "Tax Provision": 1913000.0,
        "Pretax Income": 1807000.0,
        "Other Income Expense": 1217000.0,
        "Other Non Operating Income Expenses": 417000.0,
        "Special Income Charges": 800000.0,
        "Other Special Charges": NaN,
        "Restructuring And Mergern Acquisition": NaN,
        "Net Non Operating Interest Income Expense": -21447000.0,
        "Total Other Finance Cost": NaN,
        "Interest Expense Non Operating": 24247000.0,
        "Operating Income": 22037000.0,
        "Operating Expense": 50864000.0,
        "Depreciation Amortization Depletion Income Statement": 15092000.0,
        "Depreciation And Amortization In Income Statement": 15092000.0,
        "Selling General And Administration": 35772000.0,
        "General And Administrative Expense": 35772000.0,
        "Other Gand A": 14084000.0,
        "Salaries And Wages": 21688000.0,
        "Gross Profit": 72901000.0,
        "Cost Of Revenue": 126378000.0,
        "Total Revenue": 199279000.0,
        "Operating Revenue": 199279000.0
    },
    "2024-03-31": {
        "Tax Effect Of Unusual Items": -332000.0,
        "Tax Rate For Calcs": 0.332,
        "Normalized EBITDA": 42808000.0,
        "Total Unusual Items": -1000000.0,
        "Total Unusual Items Excluding Goodwill": -1000000.0,
        "Net Income From Continuing Operation Net Minority Interest": 4612000.0,
        "Reconciled Depreciation": 15253000.0,
        "Reconciled Cost Of Revenue": 129298000.0,
        "EBITDA": 41808000.0,
        "EBIT": 26555000.0,
        "Net Interest Income": -19880000.0,
        "Interest Expense": 18780000.0,
        "Normalized Income": 5280000.0,
        "Net Income From Continuing And Discontinued Operation": 4612000.0,
        "Total Expenses": 177696000.0,
        "Total Operating Income As Reported": 28023000.0,
        "Diluted Average Shares": 78021000.0,
        "Basic Average Shares": 78021000.0,
        "Diluted EPS": -0.1,
        "Basic EPS": -0.1,
        "Diluted NI Availto Com Stockholders": -8050000.0,
        "Net Income Common Stockholders": -8050000.0,
        "Preferred Stock Dividends": 12662000.0,
        "Net Income": 4612000.0,
        "Minority Interests": -581000.0,
        "Net Income Including Noncontrolling Interests": 5193000.0,
        "Net Income Continuous Operations": 5193000.0,
        "Tax Provision": 2582000.0,
        "Pretax Income": 7775000.0,
        "Other Income Expense": -368000.0,
        "Other Non Operating Income Expenses": 632000.0,
        "Special Income Charges": -1000000.0,
        "Other Special Charges": NaN,
        "Restructuring And Mergern Acquisition": 1000000.0,
        "Net Non Operating Interest Income Expense": -19880000.0,
        "Total Other Finance Cost": 1100000.0,
        "Interest Expense Non Operating": 18780000.0,
        "Operating Income": 28023000.0,
        "Operating Expense": 48398000.0,
        "Depreciation Amortization Depletion Income Statement": 15253000.0,
        "Depreciation And Amortization In Income Statement": 15253000.0,
        "Selling General And Administration": 33145000.0,
        "General And Administrative Expense": 33145000.0,
        "Other Gand A": 10995000.0,
        "Salaries And Wages": 22150000.0,
        "Gross Profit": 76421000.0,
        "Cost Of Revenue": 129298000.0,
        "Total Revenue": 205719000.0,
        "Operating Revenue": 205719000.0
    },
    "2024-06-30": {
        "Tax Effect Of Unusual Items": -1810830.0,
        "Tax Rate For Calcs": 0.21,
        "Normalized EBITDA": 49086000.0,
        "Total Unusual Items": -8623000.0,
        "Total Unusual Items Excluding Goodwill": -8623000.0,
        "Net Income From Continuing Operation Net Minority Interest": 936000.0,
        "Reconciled Depreciation": 15244000.0,
        "Reconciled Cost Of Revenue": 138118000.0,
        "EBITDA": 40463000.0,
        "EBIT": 25219000.0,
        "Net Interest Income": -21710000.0,
        "Interest Expense": 21710000.0,
        "Normalized Income": 7748170.0,
        "Net Income From Continuing And Discontinued Operation": 936000.0,
        "Total Expenses": 186693000.0,
        "Total Operating Income As Reported": 33174000.0,
        "Diluted Average Shares": 77736000.0,
        "Basic Average Shares": 77736000.0,
        "Diluted EPS": -0.23,
        "Basic EPS": -0.23,
        "Diluted NI Availto Com Stockholders": -17629000.0,
        "Net Income Common Stockholders": -17629000.0,
        "Preferred Stock Dividends": 18565000.0,
        "Net Income": 936000.0,
        "Minority Interests": -58000.0,
        "Net Income Including Noncontrolling Interests": 994000.0,
        "Net Income Continuous Operations": 994000.0,
        "Tax Provision": 2515000.0,
        "Pretax Income": 3509000.0,
        "Other Income Expense": -7955000.0,
        "Other Non Operating Income Expenses": 668000.0,
        "Special Income Charges": -8623000.0,
        "Other Special Charges": 8623000.0,
        "Restructuring And Mergern Acquisition": NaN,
        "Net Non Operating Interest Income Expense": -21710000.0,
        "Total Other Finance Cost": NaN,
        "Interest Expense Non Operating": 21710000.0,
        "Operating Income": 33174000.0,
        "Operating Expense": 48575000.0,
        "Depreciation Amortization Depletion Income Statement": 15244000.0,
        "Depreciation And Amortization In Income Statement": 15244000.0,
        "Selling General And Administration": 33331000.0,
        "General And Administrative Expense": 33331000.0,
        "Other Gand A": 11212000.0,
        "Salaries And Wages": 22119000.0,
        "Gross Profit": 81749000.0,
        "Cost Of Revenue": 138118000.0,
        "Total Revenue": 219867000.0,
        "Operating Revenue": 219867000.0
    },
    "2024-09-30": {
        "Tax Effect Of Unusual Items": -361098.665119,
        "Tax Rate For Calcs": 0.315922,
        "Normalized EBITDA": 52129000.0,
        "Total Unusual Items": -1143000.0,
        "Total Unusual Items Excluding Goodwill": -1143000.0,
        "Net Income From Continuing Operation Net Minority Interest": 10608000.0,
        "Reconciled Depreciation": 13733000.0,
        "Reconciled Cost Of Revenue": 141070000.0,
        "EBITDA": 50986000.0,
        "EBIT": 37253000.0,
        "Net Interest Income": -22146000.0,
        "Interest Expense": 21746000.0,
        "Normalized Income": 11389901.334881,
        "Net Income From Continuing And Discontinued Operation": 10608000.0,
        "Total Expenses": 188964000.0,
        "Total Operating Income As Reported": 38085000.0,
        "Diluted Average Shares": 80095000.0,
        "Basic Average Shares": 77973000.0,
        "Diluted EPS": 0.07,
        "Basic EPS": 0.07,
        "Diluted NI Availto Com Stockholders": 5487000.0,
        "Net Income Common Stockholders": 5487000.0,
        "Preferred Stock Dividends": 5121000.0,
        "Net Income": 10608000.0,
        "Minority Interests": 0.0,
        "Net Income Including Noncontrolling Interests": 10608000.0,
        "Net Income Continuous Operations": 10608000.0,
        "Tax Provision": 4899000.0,
        "Pretax Income": 15507000.0,
        "Other Income Expense": -432000.0,
        "Other Non Operating Income Expenses": 711000.0,
        "Special Income Charges": -1143000.0,
        "Other Special Charges": 43000.0,
        "Restructuring And Mergern Acquisition": 1100000.0,
        "Net Non Operating Interest Income Expense": -22146000.0,
        "Total Other Finance Cost": 400000.0,
        "Interest Expense Non Operating": 21746000.0,
        "Operating Income": 38085000.0,
        "Operating Expense": 47894000.0,
        "Depreciation Amortization Depletion Income Statement": 13733000.0,
        "Depreciation And Amortization In Income Statement": 13733000.0,
        "Selling General And Administration": 34161000.0,
        "General And Administrative Expense": 34161000.0,
        "Other Gand A": 12413000.0,
        "Salaries And Wages": 21748000.0,
        "Gross Profit": 85979000.0,
        "Cost Of Revenue": 141070000.0,
        "Total Revenue": 227049000.0,
        "Operating Revenue": 227049000.0
    }
}