{
    "2023-03-31": {
        "Tax Effect Of Unusual Items": 0.0,
        "Tax Rate For Calcs": 0.118,
        "Normalized EBITDA": 5480000.0,
        "Net Income From Continuing Operation Net Minority Interest": 1051000.0,
        "Reconciled Depreciation": 3930000.0,
        "Reconciled Cost Of Revenue": 112941000.0,
        "EBITDA": 5480000.0,
        "EBIT": 1550000.0,
        "Net Interest Income": -358000.0,
        "Interest Expense": 358000.0,
        "Normalized Income": 1051000.0,
        "Net Income From Continuing And Discontinued Operation": 1051000.0,
        "Total Expenses": 174856000.0,
        "Total Operating Income As Reported": 636000.0,
        "Diluted NI Availto Com Stockholders": 1051000.0,
        "Net Income Common Stockholders": 1051000.0,
        "Net Income": 1051000.0,
        "Net Income Including Noncontrolling Interests": 1051000.0,
        "Net Income Continuous Operations": 1051000.0,
        "Tax Provision": 141000.0,
        "Pretax Income": 1192000.0,
        "Other Income Expense": 914000.0,
        "Other Non Operating Income Expenses": 914000.0,
        "Net Non Operating Interest Income Expense": -358000.0,
        "Interest Expense Non Operating": 358000.0,
        "Operating Income": 636000.0,
        "Operating Expense": 61915000.0,
        "Other Operating Expenses": 61915000.0,
        "Gross Profit": 62551000.0,
        "Cost Of Revenue": 112941000.0,
        "Total Revenue": 175492000.0,
        "Operating Revenue": 175492000.0
    },
    "2022-12-31": {
        "Tax Effect Of Unusual Items": 0.0,
        "Tax Rate For Calcs": 0.21,
        "Normalized EBITDA": -1383000.0,
        "Net Income From Continuing Operation Net Minority Interest": -6224000.0,
        "Reconciled Depreciation": 3963000.0,
        "Reconciled Cost Of Revenue": 102879000.0,
        "EBITDA": -1383000.0,
        "EBIT": -5346000.0,
        "Net Interest Income": -364000.0,
        "Interest Expense": 364000.0,
        "Normalized Income": -6224000.0,
        "Net Income From Continuing And Discontinued Operation": -6224000.0,
        "Total Expenses": 159974000.0,
        "Total Operating Income As Reported": -5450000.0,
        "Diluted NI Availto Com Stockholders": -6224000.0,
        "Net Income Common Stockholders": -6224000.0,
        "Net Income": -6224000.0,
        "Net Income Including Noncontrolling Interests": -6224000.0,
        "Net Income Continuous Operations": -6224000.0,
        "Tax Provision": 514000.0,
        "Pretax Income": -5710000.0,
        "Other Income Expense": 104000.0,
        "Other Non Operating Income Expenses": 104000.0,
        "Net Non Operating Interest Income Expense": -364000.0,
        "Interest Expense Non Operating": 364000.0,
        "Operating Income": -5450000.0,
        "Operating Expense": 57095000.0,
        "Other Operating Expenses": 57095000.0,
        "Gross Profit": 51645000.0,
        "Cost Of Revenue": 102879000.0,
        "Total Revenue": 154524000.0,
        "Operating Revenue": 154524000.0
    },
    "2022-09-30": {
        "Tax Effect Of Unusual Items": 0.0,
        "Tax Rate For Calcs": 0.21,
        "Normalized EBITDA": -464000.0,
        "Net Income From Continuing Operation Net Minority Interest": -948000.0,
        "Reconciled Depreciation": 3432000.0,
        "Reconciled Cost Of Revenue": 108659000.0,
        "EBITDA": -464000.0,
        "EBIT": -464000.0,
        "Net Interest Income": -435000.0,
        "Interest Expense": 435000.0,
        "Normalized Income": -948000.0,
        "Net Income From Continuing And Discontinued Operation": -948000.0,
        "Total Expenses": 165388000.0,
        "Total Operating Income As Reported": -581000.0,
        "Diluted Average Shares": 54481000.0,
        "Basic Average Shares": 54481000.0,
        "Diluted EPS": -0.02,
        "Basic EPS": -0.02,
        "Diluted NI Availto Com Stockholders": -948000.0,
        "Net Income Common Stockholders": -948000.0,
        "Net Income": -948000.0,
        "Net Income Including Noncontrolling Interests": -948000.0,
        "Net Income Continuous Operations": -948000.0,
        "Tax Provision": 49000.0,
        "Pretax Income": -899000.0,
        "Other Income Expense": 117000.0,
        "Other Non Operating Income Expenses": 117000.0,
        "Net Non Operating Interest Income Expense": -435000.0,
        "Interest Expense Non Operating": 435000.0,
        "Operating Income": -581000.0,
        "Operating Expense": 56729000.0,
        "Other Operating Expenses": 56729000.0,
        "Gross Profit": 56148000.0,
        "Cost Of Revenue": 108659000.0,
        "Total Revenue": 164807000.0,
        "Operating Revenue": 164807000.0
    },
    "2022-06-30": {
        "Tax Effect Of Unusual Items": 0.0,
        "Tax Rate For Calcs": 0.004,
        "Normalized EBITDA": 7816000.0,
        "Net Income From Continuing Operation Net Minority Interest": 4118000.0,
        "Reconciled Depreciation": 3335000.0,
        "Reconciled Cost Of Revenue": 114285000.0,
        "EBITDA": 7816000.0,
        "EBIT": 4481000.0,
        "Net Interest Income": -346000.0,
        "Interest Expense": 346000.0,
        "Normalized Income": 4118000.0,
        "Net Income From Continuing And Discontinued Operation": 4118000.0,
        "Total Expenses": 171929000.0,
        "Total Operating Income As Reported": 4291000.0,
        "Diluted Average Shares": 57210000.0,
        "Basic Average Shares": 54210000.0,
        "Diluted EPS": 0.07,
        "Basic EPS": 0.08,
        "Diluted NI Availto Com Stockholders": 4118000.0,
        "Net Income Common Stockholders": 4118000.0,
        "Net Income": 4118000.0,
        "Net Income Including Noncontrolling Interests": 4118000.0,
        "Net Income Continuous Operations": 4118000.0,
        "Tax Provision": 17000.0,
        "Pretax Income": 4135000.0,
        "Other Income Expense": 190000.0,
        "Other Non Operating Income Expenses": 190000.0,
        "Net Non Operating Interest Income Expense": -346000.0,
        "Interest Expense Non Operating": 346000.0,
        "Operating Income": 4291000.0,
        "Operating Expense": 57644000.0,
        "Other Operating Expenses": 57644000.0,
        "Gross Profit": 61935000.0,
        "Cost Of Revenue": 114285000.0,
        "Total Revenue": 176220000.0,
        "Operating Revenue": 176220000.0
    },
    "2023-06-30": {
        "Tax Effect Of Unusual Items": 0.0,
        "Tax Rate For Calcs": 0.21,
        "Normalized EBITDA": 4051000.0,
        "Net Income From Continuing Operation Net Minority Interest": -671000.0,
        "Reconciled Depreciation": 4256000.0,
        "Reconciled Cost Of Revenue": 116536000.0,
        "EBITDA": 4051000.0,
        "EBIT": -205000.0,
        "Net Interest Income": -325000.0,
        "Interest Expense": 325000.0,
        "Normalized Income": -671000.0,
        "Net Income From Continuing And Discontinued Operation": -671000.0,
        "Total Expenses": 177822000.0,
        "Total Operating Income As Reported": -844000.0,
        "Diluted NI Availto Com Stockholders": -671000.0,
        "Net Income Common Stockholders": -671000.0,
        "Net Income": -671000.0,
        "Net Income Including Noncontrolling Interests": -671000.0,
        "Net Income Continuous Operations": -671000.0,
        "Tax Provision": 141000.0,
        "Pretax Income": -530000.0,
        "Other Income Expense": 639000.0,
        "Other Non Operating Income Expenses": 639000.0,
        "Net Non Operating Interest Income Expense": -325000.0,
        "Interest Expense Non Operating": 325000.0,
        "Operating Income": -844000.0,
        "Operating Expense": 61286000.0,
        "Other Operating Expenses": 61286000.0,
        "Gross Profit": 60442000.0,
        "Cost Of Revenue": 116536000.0,
        "Total Revenue": 176978000.0,
        "Operating Revenue": 176978000.0
    },
    "2022-03-31": {
        "Diluted EPS": 0.04,
        "Total Revenue": 166,
        "Gross Profit": 61,
        "Operating Income": 2,
        "EBIT": 5,
        "Net Income": 2
    },
    "2021-12-31": {
        "Diluted EPS": -0.09,
        "Total Revenue": 138,
        "Gross Profit": 47,
        "Operating Income": -5,
        "EBIT": -2,
        "Net Income": -5
    },
    "2021-09-30": {
        "Diluted EPS": -0.09,
        "Total Revenue": 142,
        "Gross Profit": 47,
        "Operating Income": -4,
        "EBIT": -2,
        "Net Income": -5
    },
    "2021-06-30": {
        "Diluted EPS": 0.04,
        "Total Revenue": 158,
        "Gross Profit": 53,
        "Operating Income": 2,
        "EBIT": 5,
        "Net Income": 2
    },
    "2021-03-31": {
        "Diluted EPS": -0.06,
        "Total Revenue": 145,
        "Gross Profit": 49,
        "Operating Income": -2,
        "EBIT": 0,
        "Net Income": -3
    },
    "2020-12-31": {
        "Diluted EPS": -0.07,
        "Total Revenue": 120,
        "Gross Profit": 42,
        "Operating Income": -3,
        "EBIT": -1,
        "Net Income": -3
    },
    "2020-09-30": {
        "Diluted EPS": 0.03,
        "Total Revenue": 117,
        "Gross Profit": 43,
        "Operating Income": 2,
        "EBIT": 4,
        "Net Income": 1
    },
    "2020-06-30": {
        "Diluted EPS": 0.03,
        "Total Revenue": 119,
        "Gross Profit": 41,
        "Operating Income": 2,
        "EBIT": 4,
        "Net Income": 2
    },
    "2020-03-31": {
        "Diluted EPS": -0.03,
        "Total Revenue": 88,
        "Gross Profit": 30,
        "Operating Income": 0,
        "EBIT": 2,
        "Net Income": -1
    },
    "2019-12-31": {
        "Diluted EPS": -0.71,
        "Total Revenue": 63,
        "Gross Profit": 21,
        "Operating Income": -2,
        "EBIT": 0,
        "Net Income": -25
    },
    "2019-09-30": {
        "Diluted EPS": -0.04,
        "Total Revenue": 69,
        "Gross Profit": 21,
        "Operating Income": -1,
        "EBIT": 0,
        "Net Income": -1
    },
    "2019-06-30": {
        "Diluted EPS": -0.04,
        "Total Revenue": 74,
        "Gross Profit": 22,
        "Operating Income": -1,
        "EBIT": 0,
        "Net Income": -1
    },
    "2019-03-31": {
        "Diluted EPS": -0.1,
        "Total Revenue": 75,
        "Gross Profit": 20,
        "Operating Income": -3,
        "EBIT": -2,
        "Net Income": -4
    },
    "2018-12-31": {
        "Diluted EPS": -0.12,
        "Total Revenue": 65,
        "Gross Profit": 17,
        "Operating Income": -5,
        "EBIT": -3,
        "Net Income": -5
    },
    "2018-09-30": {
        "Diluted EPS": -0.01,
        "Total Revenue": 69,
        "Gross Profit": 18,
        "Operating Income": -1,
        "EBIT": 0,
        "Net Income": 0
    },
    "2018-06-30": {
        "Diluted EPS": -0.02,
        "Total Revenue": 77,
        "Gross Profit": 21,
        "Operating Income": 0,
        "EBIT": 1,
        "Net Income": -1
    },
    "2018-03-31": {
        "Diluted EPS": 0.01,
        "Total Revenue": 78,
        "Gross Profit": 23,
        "Operating Income": 1,
        "EBIT": 3,
        "Net Income": 1
    },
    "2017-12-31": {
        "Diluted EPS": -0.09,
        "Total Revenue": 69,
        "Gross Profit": 21,
        "Operating Income": 1,
        "EBIT": 2,
        "Net Income": -4
    },
    "2017-09-30": {
        "Diluted EPS": 0.02,
        "Total Revenue": 74,
        "Gross Profit": 22,
        "Operating Income": 1,
        "EBIT": 3,
        "Net Income": 1
    },
    "2017-06-30": {
        "Diluted EPS": 0.67,
        "Total Revenue": 80,
        "Gross Profit": 23,
        "Operating Income": 2,
        "EBIT": 3,
        "Net Income": 27
    },
    "2017-03-31": {
        "Diluted EPS": 0.02,
        "Total Revenue": 81,
        "Gross Profit": 24,
        "Operating Income": 1,
        "EBIT": 3,
        "Net Income": 0
    },
    "2016-12-31": {
        "Diluted EPS": 0.0,
        "Total Revenue": 71,
        "Gross Profit": 21,
        "Operating Income": 0,
        "EBIT": 2,
        "Net Income": -2
    },
    "2016-09-30": {
        "Diluted EPS": 0.01,
        "Total Revenue": 73,
        "Gross Profit": 22,
        "Operating Income": 1,
        "EBIT": 3,
        "Net Income": 0
    },
    "2016-06-30": {
        "Diluted EPS": 0.03,
        "Total Revenue": 78,
        "Gross Profit": 24,
        "Operating Income": 2,
        "EBIT": 4,
        "Net Income": 1
    },
    "2016-03-31": {
        "Diluted EPS": 0.04,
        "Total Revenue": 81,
        "Gross Profit": 25,
        "Operating Income": 2,
        "EBIT": 4,
        "Net Income": 1
    },
    "2015-12-31": {
        "Diluted EPS": 0.01,
        "Total Revenue": 67,
        "Gross Profit": 20,
        "Operating Income": 2,
        "EBIT": 5,
        "Net Income": -2
    },
    "2015-09-30": {
        "Diluted EPS": 0.0,
        "Total Revenue": 71,
        "Gross Profit": 21,
        "Operating Income": 0,
        "EBIT": 2,
        "Net Income": 0
    },
    "2015-06-30": {
        "Diluted EPS": -0.02,
        "Total Revenue": 76,
        "Gross Profit": 21,
        "Operating Income": -1,
        "EBIT": 1,
        "Net Income": -1
    },
    "2015-03-31": {
        "Diluted EPS": 0.0,
        "Total Revenue": 76,
        "Gross Profit": 21,
        "Operating Income": 0,
        "EBIT": 2,
        "Net Income": 0
    },
    "2014-12-31": {
        "Diluted EPS": -0.06,
        "Total Revenue": 71,
        "Gross Profit": 19,
        "Operating Income": -2,
        "EBIT": 0,
        "Net Income": -2
    },
    "2014-09-30": {
        "Diluted EPS": -0.08,
        "Total Revenue": 68,
        "Gross Profit": 18,
        "Operating Income": -2,
        "EBIT": 0,
        "Net Income": -2
    },
    "2014-06-30": {
        "Diluted EPS": -0.07,
        "Total Revenue": 77,
        "Gross Profit": 20,
        "Operating Income": -2,
        "EBIT": 0,
        "Net Income": -2
    },
    "2014-03-31": {
        "Diluted EPS": 0.0,
        "Total Revenue": 68,
        "Gross Profit": 21,
        "Operating Income": 0,
        "EBIT": 3,
        "Net Income": 0
    },
    "2013-12-31": {
        "Diluted EPS": -0.04,
        "Total Revenue": 60,
        "Gross Profit": 17,
        "Operating Income": -1,
        "EBIT": 0,
        "Net Income": -1
    },
    "2013-09-30": {
        "Diluted EPS": -0.04,
        "Total Revenue": 62,
        "Gross Profit": 18,
        "Operating Income": -1,
        "EBIT": 3,
        "Net Income": -1
    },
    "2013-06-30": {
        "Diluted EPS": -0.29,
        "Total Revenue": 68,
        "Gross Profit": 19,
        "Operating Income": -9,
        "EBIT": -6,
        "Net Income": -10
    },
    "2013-03-31": {
        "Diluted EPS": -0.11,
        "Total Revenue": 65,
        "Gross Profit": 20,
        "Operating Income": -3,
        "EBIT": 1,
        "Net Income": -3
    },
    "2012-12-31": {
        "Diluted EPS": -0.99,
        "Total Revenue": 63,
        "Gross Profit": 18,
        "Operating Income": -32,
        "EBIT": -28,
        "Net Income": -31
    },
    "2012-09-30": {
        "Diluted EPS": -0.09,
        "Total Revenue": 73,
        "Gross Profit": 23,
        "Operating Income": -3,
        "EBIT": 2,
        "Net Income": -3
    },
    "2012-06-30": {
        "Diluted EPS": -0.06,
        "Total Revenue": 81,
        "Gross Profit": 24,
        "Operating Income": -1,
        "EBIT": 3,
        "Net Income": -2
    },
    "2012-03-31": {
        "Diluted EPS": -0.03,
        "Total Revenue": 87,
        "Gross Profit": 27,
        "Operating Income": 0,
        "EBIT": 4,
        "Net Income": -1
    },
    "2011-12-31": {
        "Diluted EPS": -0.24,
        "Total Revenue": 77,
        "Gross Profit": 24,
        "Operating Income": -9,
        "EBIT": -5,
        "Net Income": -7
    },
    "2011-09-30": {
        "Diluted EPS": -0.17,
        "Total Revenue": 79,
        "Gross Profit": 24,
        "Operating Income": -5,
        "EBIT": -2,
        "Net Income": -5
    },
    "2011-06-30": {
        "Diluted EPS": -0.08,
        "Total Revenue": 84,
        "Gross Profit": 28,
        "Operating Income": -2,
        "EBIT": 2,
        "Net Income": -3
    },
    "2011-03-31": {
        "Diluted EPS": -0.01,
        "Total Revenue": 87,
        "Gross Profit": 30,
        "Operating Income": 0,
        "EBIT": 5,
        "Net Income": 0
    },
    "2010-12-31": {
        "Diluted EPS": -0.09,
        "Total Revenue": 80,
        "Gross Profit": 27,
        "Operating Income": -3,
        "EBIT": 2,
        "Net Income": -3
    },
    "2010-09-30": {
        "Diluted EPS": -0.43,
        "Total Revenue": 72,
        "Gross Profit": 24,
        "Operating Income": -2,
        "EBIT": 2,
        "Net Income": -13
    },
    "2010-06-30": {
        "Diluted EPS": 0.01,
        "Total Revenue": 53,
        "Gross Profit": 18,
        "Operating Income": 1,
        "EBIT": 3,
        "Net Income": 0
    },
    "2010-03-31": {
        "Diluted EPS": 0.05,
        "Total Revenue": 56,
        "Gross Profit": 20,
        "Operating Income": 2,
        "EBIT": 5,
        "Net Income": 2
    },
    "2009-12-31": {
        "Diluted EPS": 0.01,
        "Total Revenue": 46,
        "Gross Profit": 16,
        "Operating Income": 1,
        "EBIT": 3,
        "Net Income": 1
    },
    "2009-09-30": {
        "Diluted EPS": 0.03,
        "Total Revenue": 47,
        "Gross Profit": 17,
        "Operating Income": 1,
        "EBIT": 3,
        "Net Income": 1
    },
    "2009-06-30": {
        "Diluted EPS": 0.02,
        "Total Revenue": 44,
        "Gross Profit": 16,
        "Operating Income": 1,
        "EBIT": 2,
        "Net Income": 1
    },
    "2009-03-31": {
        "Diluted EPS": -0.02,
        "Total Revenue": 40,
        "Gross Profit": 15,
        "Operating Income": 1,
        "EBIT": 2,
        "Net Income": -1
    },
    "2023-09-30": {
        "Tax Effect Of Unusual Items": 0.0,
        "Tax Rate For Calcs": 0.21,
        "Normalized EBITDA": 2395000.0,
        "Net Income From Continuing Operation Net Minority Interest": -2517000.0,
        "Reconciled Depreciation": 4438000.0,
        "Reconciled Cost Of Revenue": 112047000.0,
        "EBITDA": 2395000.0,
        "EBIT": -2043000.0,
        "Net Interest Income": -360000.0,
        "Interest Expense": 360000.0,
        "Normalized Income": -2517000.0,
        "Net Income From Continuing And Discontinued Operation": -2517000.0,
        "Total Expenses": 169781000.0,
        "Total Operating Income As Reported": -2917000.0,
        "Diluted NI Availto Com Stockholders": -2517000.0,
        "Net Income Common Stockholders": -2517000.0,
        "Net Income": -2517000.0,
        "Net Income Including Noncontrolling Interests": -2517000.0,
        "Net Income Continuous Operations": -2517000.0,
        "Tax Provision": 114000.0,
        "Pretax Income": -2403000.0,
        "Other Income Expense": 874000.0,
        "Other Non Operating Income Expenses": 874000.0,
        "Net Non Operating Interest Income Expense": -360000.0,
        "Interest Expense Non Operating": 360000.0,
        "Operating Income": -2917000.0,
        "Operating Expense": 57734000.0,
        "Other Operating Expenses": 57734000.0,
        "Gross Profit": 54817000.0,
        "Cost Of Revenue": 112047000.0,
        "Total Revenue": 166864000.0,
        "Operating Revenue": 166864000.0
    }
}