{
    "2023-03-31": {
        "Tax Effect Of Unusual Items": 0.0,
        "Tax Rate For Calcs": 0.25,
        "Normalized EBITDA": 8054000.0,
        "Net Income From Continuing Operation Net Minority Interest": 7324000.0,
        "Reconciled Depreciation": 1340000.0,
        "Reconciled Cost Of Revenue": 346985000.0,
        "EBITDA": 8054000.0,
        "EBIT": 6714000.0,
        "Net Interest Income": 1813000.0,
        "Normalized Income": 7324000.0,
        "Net Income From Continuing And Discontinued Operation": 7324000.0,
        "Total Expenses": 379562000.0,
        "Total Operating Income As Reported": 6714000.0,
        "Diluted Average Shares": 124328964.0,
        "Basic Average Shares": 115009010.0,
        "Diluted EPS": 0.06,
        "Basic EPS": 0.06,
        "Diluted NI Availto Com Stockholders": 7324000.0,
        "Net Income Common Stockholders": 7324000.0,
        "Net Income": 7324000.0,
        "Minority Interests": 922000.0,
        "Net Income Including Noncontrolling Interests": 6402000.0,
        "Net Income Continuous Operations": 6402000.0,
        "Tax Provision": 2125000.0,
        "Pretax Income": 8527000.0,
        "Net Non Operating Interest Income Expense": 1813000.0,
        "Total Other Finance Cost": -1813000.0,
        "Operating Income": 6714000.0,
        "Operating Expense": 32577000.0,
        "Depreciation Amortization Depletion Income Statement": 1340000.0,
        "Depreciation And Amortization In Income Statement": 1340000.0,
        "Selling General And Administration": 31237000.0,
        "Selling And Marketing Expense": 5286000.0,
        "General And Administrative Expense": 25951000.0,
        "Other Gand A": 25951000.0,
        "Gross Profit": 39291000.0,
        "Cost Of Revenue": 346985000.0,
        "Total Revenue": 386276000.0,
        "Operating Revenue": 384931000.0
    },
    "2022-12-31": {
        "Tax Effect Of Unusual Items": 0.0,
        "Tax Rate For Calcs": 0.21,
        "Normalized EBITDA": 3384000.0,
        "Net Income From Continuing Operation Net Minority Interest": 17776000.0,
        "Reconciled Depreciation": 1135000.0,
        "Reconciled Cost Of Revenue": 327711000.0,
        "EBITDA": 3384000.0,
        "EBIT": 2249000.0,
        "Net Interest Income": 1152000.0,
        "Normalized Income": 17776000.0,
        "Net Income From Continuing And Discontinued Operation": 17776000.0,
        "Total Expenses": 362175000.0,
        "Total Operating Income As Reported": 2249000.0,
        "Diluted Average Shares": 124142657.0,
        "Basic Average Shares": 114364180.0,
        "Diluted EPS": 0.14,
        "Basic EPS": 0.16,
        "Diluted NI Availto Com Stockholders": 17776000.0,
        "Net Income Common Stockholders": 17776000.0,
        "Net Income": 17776000.0,
        "Minority Interests": 928000.0,
        "Net Income Including Noncontrolling Interests": 16848000.0,
        "Net Income Continuous Operations": 16848000.0,
        "Tax Provision": -13447000.0,
        "Pretax Income": 3401000.0,
        "Net Non Operating Interest Income Expense": 1152000.0,
        "Total Other Finance Cost": -1152000.0,
        "Operating Income": 2249000.0,
        "Operating Expense": 34464000.0,
        "Depreciation Amortization Depletion Income Statement": 1135000.0,
        "Depreciation And Amortization In Income Statement": 1135000.0,
        "Selling General And Administration": 33329000.0,
        "Selling And Marketing Expense": 5173000.0,
        "General And Administrative Expense": 28156000.0,
        "Other Gand A": 28156000.0,
        "Gross Profit": 36713000.0,
        "Cost Of Revenue": 327711000.0,
        "Total Revenue": 364424000.0,
        "Operating Revenue": 362671000.0
    },
    "2022-09-30": {
        "Tax Effect Of Unusual Items": 0.0,
        "Tax Rate For Calcs": 0.4,
        "Normalized EBITDA": -3421000.0,
        "Net Income From Continuing Operation Net Minority Interest": 1624000.0,
        "Reconciled Depreciation": 1153000.0,
        "Reconciled Cost Of Revenue": 309013000.0,
        "EBITDA": -3421000.0,
        "EBIT": -4574000.0,
        "Net Interest Income": 285000.0,
        "Normalized Income": 1624000.0,
        "Net Income From Continuing And Discontinued Operation": 1624000.0,
        "Total Expenses": 347473000.0,
        "Total Operating Income As Reported": -4574000.0,
        "Diluted Average Shares": 124845602.0,
        "Basic Average Shares": 111592834.0,
        "Diluted EPS": 0.01,
        "Basic EPS": 0.01,
        "Diluted NI Availto Com Stockholders": 1624000.0,
        "Net Income Common Stockholders": 1624000.0,
        "Net Income": 1624000.0,
        "Minority Interests": 1068000.0,
        "Net Income Including Noncontrolling Interests": 556000.0,
        "Net Income Continuous Operations": 556000.0,
        "Tax Provision": -4845000.0,
        "Pretax Income": -4289000.0,
        "Net Non Operating Interest Income Expense": 285000.0,
        "Total Other Finance Cost": -285000.0,
        "Operating Income": -4574000.0,
        "Operating Expense": 38460000.0,
        "Depreciation Amortization Depletion Income Statement": 1153000.0,
        "Depreciation And Amortization In Income Statement": 1153000.0,
        "Selling General And Administration": 37307000.0,
        "Selling And Marketing Expense": 5088000.0,
        "General And Administrative Expense": 32219000.0,
        "Other Gand A": 32219000.0,
        "Gross Profit": 33886000.0,
        "Cost Of Revenue": 309013000.0,
        "Total Revenue": 342899000.0,
        "Operating Revenue": 341371000.0
    },
    "2022-06-30": {
        "Tax Effect Of Unusual Items": 0.0,
        "Tax Rate For Calcs": 0.4,
        "Normalized EBITDA": -4085000.0,
        "Net Income From Continuing Operation Net Minority Interest": -10475000.0,
        "Reconciled Depreciation": 1165000.0,
        "Reconciled Cost Of Revenue": 301695000.0,
        "EBITDA": -4085000.0,
        "EBIT": -5250000.0,
        "Net Interest Income": -663000.0,
        "Interest Expense": 663000.0,
        "Normalized Income": -10475000.0,
        "Net Income From Continuing And Discontinued Operation": -10475000.0,
        "Total Expenses": 340786000.0,
        "Total Operating Income As Reported": -5250000.0,
        "Diluted Average Shares": 108685835.0,
        "Basic Average Shares": 108685835.0,
        "Diluted EPS": -0.1,
        "Basic EPS": -0.1,
        "Diluted NI Availto Com Stockholders": -10475000.0,
        "Net Income Common Stockholders": -10475000.0,
        "Net Income": -10475000.0,
        "Minority Interests": 906000.0,
        "Net Income Including Noncontrolling Interests": -11381000.0,
        "Net Income Continuous Operations": -11381000.0,
        "Tax Provision": 5468000.0,
        "Pretax Income": -5913000.0,
        "Net Non Operating Interest Income Expense": -663000.0,
        "Total Other Finance Cost": NaN,
        "Interest Expense Non Operating": 663000.0,
        "Operating Income": -5250000.0,
        "Operating Expense": 39091000.0,
        "Depreciation Amortization Depletion Income Statement": 1165000.0,
        "Depreciation And Amortization In Income Statement": 1165000.0,
        "Selling General And Administration": 37926000.0,
        "Selling And Marketing Expense": 4819000.0,
        "General And Administrative Expense": 33107000.0,
        "Other Gand A": 33107000.0,
        "Gross Profit": 33841000.0,
        "Cost Of Revenue": 301695000.0,
        "Total Revenue": 335536000.0,
        "Operating Revenue": 334229000.0
    },
    "2022-03-31": {
        "Diluted EPS": -0.16,
        "Total Revenue": 314,
        "Gross Profit": 30,
        "Operating Income": -12,
        "EBIT": -10,
        "Net Income": -18
    },
    "2021-12-31": {
        "Diluted EPS": -0.12,
        "Total Revenue": 275,
        "Gross Profit": 25,
        "Operating Income": -19,
        "EBIT": -18,
        "Net Income": -12
    },
    "2021-09-30": {
        "Diluted EPS": -0.09,
        "Total Revenue": 252,
        "Gross Profit": 26,
        "Operating Income": -13,
        "EBIT": -12,
        "Net Income": -9
    },
    "2021-06-30": {
        "Diluted EPS": -1.68,
        "Total Revenue": 226,
        "Gross Profit": -13,
        "Operating Income": -193,
        "EBIT": -193,
        "Net Income": -173
    },
    "2021-03-31": {
        "Diluted EPS": 0.06,
        "Total Revenue": 214,
        "Gross Profit": 26,
        "Operating Income": 8,
        "EBIT": 8,
        "Net Income": 5
    },
    "2020-12-31": {
        "Diluted EPS": 0.04,
        "Total Revenue": 214,
        "Gross Profit": 23,
        "Operating Income": 4,
        "EBIT": 5,
        "Net Income": 4
    },
    "2020-09-30": {
        "Diluted EPS": 0.17,
        "Total Revenue": 207,
        "Gross Profit": 21,
        "Operating Income": 9,
        "EBIT": 9,
        "Net Income": 17
    },
    "2020-06-30": {
        "Diluted EPS": 0.06,
        "Total Revenue": 183,
        "Gross Profit": 17,
        "Operating Income": 6,
        "EBIT": 7,
        "Net Income": 5
    },
    "2020-03-31": {
        "Diluted EPS": 0.06,
        "Total Revenue": 213,
        "Gross Profit": 20,
        "Operating Income": 6,
        "EBIT": 7,
        "Net Income": 5
    },
    "2019-12-31": {
        "Diluted EPS": 0.0,
        "Total Revenue": NaN,
        "Gross Profit": NaN,
        "Operating Income": NaN,
        "EBIT": NaN,
        "Net Income": NaN
    },
    "2023-06-30": {
        "Tax Effect Of Unusual Items": NaN,
        "Tax Rate For Calcs": NaN,
        "Normalized EBITDA": NaN,
        "Net Income From Continuing Operation Net Minority Interest": NaN,
        "Reconciled Depreciation": NaN,
        "Reconciled Cost Of Revenue": NaN,
        "EBITDA": NaN,
        "EBIT": NaN,
        "Net Interest Income": NaN,
        "Interest Income": NaN,
        "Normalized Income": NaN,
        "Net Income From Continuing And Discontinued Operation": NaN,
        "Total Expenses": NaN,
        "Total Operating Income As Reported": NaN,
        "Diluted Average Shares": NaN,
        "Basic Average Shares": NaN,
        "Diluted EPS": NaN,
        "Basic EPS": NaN,
        "Diluted NI Availto Com Stockholders": NaN,
        "Net Income Common Stockholders": NaN,
        "Net Income": NaN,
        "Minority Interests": NaN,
        "Net Income Including Noncontrolling Interests": NaN,
        "Net Income Continuous Operations": NaN,
        "Tax Provision": NaN,
        "Pretax Income": NaN,
        "Net Non Operating Interest Income Expense": NaN,
        "Total Other Finance Cost": -817000.0,
        "Interest Income Non Operating": NaN,
        "Operating Income": NaN,
        "Operating Expense": NaN,
        "Depreciation Amortization Depletion Income Statement": NaN,
        "Depreciation And Amortization In Income Statement": NaN,
        "Selling General And Administration": NaN,
        "Selling And Marketing Expense": NaN,
        "General And Administrative Expense": NaN,
        "Other Gand A": NaN,
        "Gross Profit": NaN,
        "Cost Of Revenue": NaN,
        "Total Revenue": NaN,
        "Operating Revenue": NaN
    },
    "2023-09-30": {
        "Tax Effect Of Unusual Items": 0.0,
        "Tax Rate For Calcs": 0.295136,
        "Normalized EBITDA": 7267000.0,
        "Net Income From Continuing Operation Net Minority Interest": 5643000.0,
        "Reconciled Depreciation": 1731000.0,
        "Reconciled Cost Of Revenue": 375546000.0,
        "EBITDA": 7267000.0,
        "EBIT": 5536000.0,
        "Net Interest Income": 2894000.0,
        "Interest Income": 2894000.0,
        "Normalized Income": 5643000.0,
        "Net Income From Continuing And Discontinued Operation": 5643000.0,
        "Total Expenses": 411746000.0,
        "Total Operating Income As Reported": 5536000.0,
        "Diluted Average Shares": 124924442.0,
        "Basic Average Shares": 117602059.0,
        "Diluted EPS": 0.05,
        "Basic EPS": 0.05,
        "Diluted NI Availto Com Stockholders": 5643000.0,
        "Net Income Common Stockholders": 5643000.0,
        "Net Income": 5643000.0,
        "Minority Interests": -299000.0,
        "Net Income Including Noncontrolling Interests": 5942000.0,
        "Net Income Continuous Operations": 5942000.0,
        "Tax Provision": 2488000.0,
        "Pretax Income": 8430000.0,
        "Net Non Operating Interest Income Expense": 2894000.0,
        "Total Other Finance Cost": -2894000.0,
        "Interest Income Non Operating": 2894000.0,
        "Operating Income": 5536000.0,
        "Operating Expense": 36200000.0,
        "Depreciation Amortization Depletion Income Statement": 1731000.0,
        "Depreciation And Amortization In Income Statement": 1731000.0,
        "Selling General And Administration": 34469000.0,
        "Selling And Marketing Expense": 7241000.0,
        "General And Administrative Expense": 27228000.0,
        "Other Gand A": 27228000.0,
        "Gross Profit": 41736000.0,
        "Cost Of Revenue": 375546000.0,
        "Total Revenue": 417282000.0,
        "Operating Revenue": 415248000.0
    },
    "2023-12-31": {
        "Tax Effect Of Unusual Items": 0.0,
        "Tax Rate For Calcs": 0.21,
        "Normalized EBITDA": 3192000.0,
        "Net Income From Continuing Operation Net Minority Interest": 2838000.0,
        "Reconciled Depreciation": 1772000.0,
        "Reconciled Cost Of Revenue": 401787000.0,
        "EBITDA": 3192000.0,
        "EBIT": 1420000.0,
        "Net Interest Income": 2848000.0,
        "Interest Income": NaN,
        "Normalized Income": 2838000.0,
        "Net Income From Continuing And Discontinued Operation": 2838000.0,
        "Total Expenses": 439408000.0,
        "Total Operating Income As Reported": 1420000.0,
        "Diluted Average Shares": 124831553.0,
        "Basic Average Shares": 118109663.0,
        "Diluted EPS": 0.02,
        "Basic EPS": 0.02,
        "Diluted NI Availto Com Stockholders": 2838000.0,
        "Net Income Common Stockholders": 2838000.0,
        "Net Income": 2838000.0,
        "Minority Interests": 514000.0,
        "Net Income Including Noncontrolling Interests": 2324000.0,
        "Net Income Continuous Operations": 2324000.0,
        "Tax Provision": 1944000.0,
        "Pretax Income": 4268000.0,
        "Net Non Operating Interest Income Expense": 2848000.0,
        "Total Other Finance Cost": -2848000.0,
        "Interest Income Non Operating": NaN,
        "Operating Income": 1420000.0,
        "Operating Expense": 37621000.0,
        "Depreciation Amortization Depletion Income Statement": 1772000.0,
        "Depreciation And Amortization In Income Statement": 1772000.0,
        "Selling General And Administration": 35849000.0,
        "Selling And Marketing Expense": 6249000.0,
        "General And Administrative Expense": 29600000.0,
        "Other Gand A": 29600000.0,
        "Gross Profit": 39041000.0,
        "Cost Of Revenue": 401787000.0,
        "Total Revenue": 440828000.0,
        "Operating Revenue": 437785000.0
    },
    "2024-03-31": {
        "Tax Effect Of Unusual Items": 0.0,
        "Tax Rate For Calcs": 0.197,
        "Normalized EBITDA": 2644000.0,
        "Net Income From Continuing Operation Net Minority Interest": 2984000.0,
        "Reconciled Depreciation": 1821000.0,
        "Reconciled Cost Of Revenue": 374393000.0,
        "EBITDA": 2644000.0,
        "EBIT": 823000.0,
        "Net Interest Income": 2984000.0,
        "Interest Income": NaN,
        "Normalized Income": 2984000.0,
        "Net Income From Continuing And Discontinued Operation": 2984000.0,
        "Total Expenses": 414420000.0,
        "Total Operating Income As Reported": 823000.0,
        "Diluted Average Shares": 125053404.0,
        "Basic Average Shares": 118505320.0,
        "Diluted EPS": 0.02,
        "Basic EPS": 0.03,
        "Diluted NI Availto Com Stockholders": 2984000.0,
        "Net Income Common Stockholders": 2984000.0,
        "Net Income": 2984000.0,
        "Minority Interests": -72000.0,
        "Net Income Including Noncontrolling Interests": 3056000.0,
        "Net Income Continuous Operations": 3056000.0,
        "Tax Provision": 751000.0,
        "Pretax Income": 3807000.0,
        "Net Non Operating Interest Income Expense": 2984000.0,
        "Total Other Finance Cost": -2984000.0,
        "Interest Income Non Operating": NaN,
        "Operating Income": 823000.0,
        "Operating Expense": 40027000.0,
        "Depreciation Amortization Depletion Income Statement": 1821000.0,
        "Depreciation And Amortization In Income Statement": 1821000.0,
        "Selling General And Administration": 38206000.0,
        "Selling And Marketing Expense": 6085000.0,
        "General And Administrative Expense": 32121000.0,
        "Other Gand A": 32121000.0,
        "Gross Profit": 40850000.0,
        "Cost Of Revenue": 374393000.0,
        "Total Revenue": 415243000.0,
        "Operating Revenue": 413270000.0
    },
    "2024-06-30": {
        "Tax Effect Of Unusual Items": 0.0,
        "Tax Rate For Calcs": 0.21,
        "Normalized EBITDA": 6916000.0,
        "Net Income From Continuing Operation Net Minority Interest": 3467000.0,
        "Reconciled Depreciation": 1818000.0,
        "Reconciled Cost Of Revenue": 379642000.0,
        "EBITDA": 6916000.0,
        "EBIT": 5098000.0,
        "Net Interest Income": 2966000.0,
        "Interest Income": NaN,
        "Normalized Income": 3467000.0,
        "Net Income From Continuing And Discontinued Operation": 3467000.0,
        "Total Expenses": 417228000.0,
        "Total Operating Income As Reported": 5098000.0,
        "Diluted Average Shares": 125317908.0,
        "Basic Average Shares": 119301350.0,
        "Diluted EPS": 0.03,
        "Basic EPS": 0.03,
        "Diluted NI Availto Com Stockholders": 3467000.0,
        "Net Income Common Stockholders": 3467000.0,
        "Net Income": 3467000.0,
        "Minority Interests": -1176000.0,
        "Net Income Including Noncontrolling Interests": 4643000.0,
        "Net Income Continuous Operations": 4643000.0,
        "Tax Provision": 3421000.0,
        "Pretax Income": 8064000.0,
        "Net Non Operating Interest Income Expense": 2966000.0,
        "Total Other Finance Cost": -2966000.0,
        "Interest Income Non Operating": NaN,
        "Operating Income": 5098000.0,
        "Operating Expense": 37586000.0,
        "Depreciation Amortization Depletion Income Statement": 1818000.0,
        "Depreciation And Amortization In Income Statement": 1818000.0,
        "Selling General And Administration": 35768000.0,
        "Selling And Marketing Expense": 6852000.0,
        "General And Administrative Expense": 28916000.0,
        "Other Gand A": 28916000.0,
        "Gross Profit": 42684000.0,
        "Cost Of Revenue": 379642000.0,
        "Total Revenue": 422326000.0,
        "Operating Revenue": 420312000.0
    },
    "2024-09-30": {
        "Tax Effect Of Unusual Items": 0.0,
        "Tax Rate For Calcs": 0.21,
        "Normalized EBITDA": 7610000.0,
        "Net Income From Continuing Operation Net Minority Interest": 3535000.0,
        "Reconciled Depreciation": 1797000.0,
        "Reconciled Cost Of Revenue": 392569000.0,
        "EBITDA": 7610000.0,
        "EBIT": 5813000.0,
        "Net Interest Income": 2164000.0,
        "Interest Income": 2164000.0,
        "Normalized Income": 3535000.0,
        "Net Income From Continuing And Discontinued Operation": 3535000.0,
        "Total Expenses": 432108000.0,
        "Total Operating Income As Reported": 5813000.0,
        "Diluted Average Shares": 125751006.0,
        "Basic Average Shares": 119658574.0,
        "Diluted EPS": 0.03,
        "Basic EPS": 0.03,
        "Diluted NI Availto Com Stockholders": 3535000.0,
        "Net Income Common Stockholders": 3535000.0,
        "Net Income": 3535000.0,
        "Minority Interests": -443000.0,
        "Net Income Including Noncontrolling Interests": 3978000.0,
        "Net Income Continuous Operations": 3978000.0,
        "Tax Provision": 3999000.0,
        "Pretax Income": 7977000.0,
        "Net Non Operating Interest Income Expense": 2164000.0,
        "Total Other Finance Cost": NaN,
        "Interest Income Non Operating": 2164000.0,
        "Operating Income": 5813000.0,
        "Operating Expense": 39539000.0,
        "Depreciation Amortization Depletion Income Statement": 1797000.0,
        "Depreciation And Amortization In Income Statement": 1797000.0,
        "Selling General And Administration": 37742000.0,
        "Selling And Marketing Expense": 7047000.0,
        "General And Administrative Expense": 30695000.0,
        "Other Gand A": 30695000.0,
        "Gross Profit": 45352000.0,
        "Cost Of Revenue": 392569000.0,
        "Total Revenue": 437921000.0,
        "Operating Revenue": 435866000.0
    }
}