{
    "2023-05-31": {
        "Tax Effect Of Unusual Items": NaN,
        "Tax Rate For Calcs": NaN,
        "Normalized EBITDA": NaN,
        "Total Unusual Items": NaN,
        "Total Unusual Items Excluding Goodwill": NaN,
        "Net Income From Continuing Operation Net Minority Interest": NaN,
        "Reconciled Depreciation": NaN,
        "Reconciled Cost Of Revenue": NaN,
        "EBITDA": NaN,
        "EBIT": NaN,
        "Net Interest Income": NaN,
        "Interest Expense": NaN,
        "Interest Income": NaN,
        "Normalized Income": NaN,
        "Net Income From Continuing And Discontinued Operation": NaN,
        "Total Expenses": NaN,
        "Total Operating Income As Reported": NaN,
        "Diluted Average Shares": 30829000.0,
        "Basic Average Shares": 30800000.0,
        "Diluted EPS": 0.94,
        "Basic EPS": 0.95,
        "Diluted NI Availto Com Stockholders": NaN,
        "Net Income Common Stockholders": NaN,
        "Otherunder Preferred Stock Dividend": NaN,
        "Net Income": NaN,
        "Minority Interests": 0.0,
        "Net Income Including Noncontrolling Interests": NaN,
        "Net Income Continuous Operations": NaN,
        "Earnings From Equity Interest Net Of Tax": NaN,
        "Tax Provision": NaN,
        "Pretax Income": NaN,
        "Other Income Expense": NaN,
        "Other Non Operating Income Expenses": NaN,
        "Special Income Charges": NaN,
        "Gain On Sale Of Ppe": NaN,
        "Other Special Charges": NaN,
        "Restructuring And Mergern Acquisition": 0.0,
        "Net Non Operating Interest Income Expense": NaN,
        "Interest Expense Non Operating": NaN,
        "Interest Income Non Operating": NaN,
        "Operating Income": NaN,
        "Operating Expense": NaN,
        "Selling General And Administration": NaN,
        "General And Administrative Expense": NaN,
        "Other Gand A": NaN,
        "Gross Profit": NaN,
        "Cost Of Revenue": NaN,
        "Total Revenue": NaN,
        "Operating Revenue": NaN
    },
    "2023-02-28": {
        "Tax Effect Of Unusual Items": NaN,
        "Tax Rate For Calcs": NaN,
        "Normalized EBITDA": NaN,
        "Total Unusual Items": NaN,
        "Total Unusual Items Excluding Goodwill": NaN,
        "Net Income From Continuing Operation Net Minority Interest": NaN,
        "Reconciled Depreciation": NaN,
        "Reconciled Cost Of Revenue": NaN,
        "EBITDA": NaN,
        "EBIT": NaN,
        "Net Interest Income": NaN,
        "Interest Expense": NaN,
        "Interest Income": NaN,
        "Normalized Income": NaN,
        "Net Income From Continuing And Discontinued Operation": NaN,
        "Total Expenses": NaN,
        "Total Operating Income As Reported": NaN,
        "Diluted Average Shares": 30760000.0,
        "Basic Average Shares": 30741000.0,
        "Diluted EPS": 1.02,
        "Basic EPS": 1.02,
        "Diluted NI Availto Com Stockholders": NaN,
        "Net Income Common Stockholders": NaN,
        "Otherunder Preferred Stock Dividend": NaN,
        "Net Income": NaN,
        "Minority Interests": 0.0,
        "Net Income Including Noncontrolling Interests": NaN,
        "Net Income Continuous Operations": NaN,
        "Earnings From Equity Interest Net Of Tax": NaN,
        "Tax Provision": NaN,
        "Pretax Income": NaN,
        "Other Income Expense": NaN,
        "Other Non Operating Income Expenses": NaN,
        "Special Income Charges": NaN,
        "Gain On Sale Of Ppe": NaN,
        "Restructuring And Mergern Acquisition": NaN,
        "Net Non Operating Interest Income Expense": NaN,
        "Interest Expense Non Operating": NaN,
        "Interest Income Non Operating": NaN,
        "Operating Income": NaN,
        "Operating Expense": NaN,
        "Selling General And Administration": NaN,
        "General And Administrative Expense": NaN,
        "Other Gand A": NaN,
        "Gross Profit": NaN,
        "Cost Of Revenue": NaN,
        "Total Revenue": NaN,
        "Operating Revenue": NaN
    },
    "2022-11-30": {
        "Tax Effect Of Unusual Items": NaN,
        "Tax Rate For Calcs": NaN,
        "Normalized EBITDA": NaN,
        "Total Unusual Items": NaN,
        "Total Unusual Items Excluding Goodwill": NaN,
        "Net Income From Continuing Operation Net Minority Interest": NaN,
        "Reconciled Depreciation": NaN,
        "Reconciled Cost Of Revenue": NaN,
        "EBITDA": NaN,
        "EBIT": NaN,
        "Net Interest Income": NaN,
        "Interest Expense": NaN,
        "Interest Income": NaN,
        "Normalized Income": NaN,
        "Net Income From Continuing And Discontinued Operation": NaN,
        "Total Expenses": NaN,
        "Total Operating Income As Reported": NaN,
        "Diluted Average Shares": NaN,
        "Basic Average Shares": NaN,
        "Diluted EPS": NaN,
        "Basic EPS": NaN,
        "Diluted NI Availto Com Stockholders": NaN,
        "Net Income Common Stockholders": NaN,
        "Otherunder Preferred Stock Dividend": NaN,
        "Net Income": NaN,
        "Minority Interests": 0.0,
        "Net Income Including Noncontrolling Interests": NaN,
        "Net Income Continuous Operations": NaN,
        "Earnings From Equity Interest Net Of Tax": NaN,
        "Tax Provision": NaN,
        "Pretax Income": NaN,
        "Other Income Expense": NaN,
        "Other Non Operating Income Expenses": NaN,
        "Special Income Charges": NaN,
        "Gain On Sale Of Ppe": NaN,
        "Restructuring And Mergern Acquisition": NaN,
        "Net Non Operating Interest Income Expense": NaN,
        "Interest Expense Non Operating": NaN,
        "Interest Income Non Operating": NaN,
        "Operating Income": NaN,
        "Operating Expense": NaN,
        "Selling General And Administration": NaN,
        "General And Administrative Expense": NaN,
        "Other Gand A": NaN,
        "Gross Profit": NaN,
        "Cost Of Revenue": NaN,
        "Total Revenue": NaN,
        "Operating Revenue": NaN
    },
    "2022-08-31": {
        "Tax Effect Of Unusual Items": NaN,
        "Tax Rate For Calcs": NaN,
        "Normalized EBITDA": NaN,
        "Total Unusual Items": NaN,
        "Total Unusual Items Excluding Goodwill": NaN,
        "Net Income From Continuing Operation Net Minority Interest": NaN,
        "Reconciled Depreciation": NaN,
        "Reconciled Cost Of Revenue": NaN,
        "EBITDA": NaN,
        "EBIT": NaN,
        "Net Interest Income": NaN,
        "Interest Expense": NaN,
        "Interest Income": NaN,
        "Normalized Income": NaN,
        "Net Income From Continuing And Discontinued Operation": NaN,
        "Total Expenses": NaN,
        "Total Operating Income As Reported": NaN,
        "Diluted Average Shares": NaN,
        "Basic Average Shares": NaN,
        "Diluted EPS": NaN,
        "Basic EPS": NaN,
        "Diluted NI Availto Com Stockholders": NaN,
        "Net Income Common Stockholders": NaN,
        "Otherunder Preferred Stock Dividend": NaN,
        "Net Income": NaN,
        "Minority Interests": 0.0,
        "Net Income Including Noncontrolling Interests": NaN,
        "Net Income Continuous Operations": NaN,
        "Earnings From Equity Interest Net Of Tax": NaN,
        "Tax Provision": NaN,
        "Pretax Income": NaN,
        "Other Income Expense": NaN,
        "Other Non Operating Income Expenses": NaN,
        "Special Income Charges": NaN,
        "Gain On Sale Of Ppe": NaN,
        "Restructuring And Mergern Acquisition": NaN,
        "Net Non Operating Interest Income Expense": NaN,
        "Interest Expense Non Operating": NaN,
        "Interest Income Non Operating": NaN,
        "Operating Income": NaN,
        "Operating Expense": NaN,
        "Selling General And Administration": NaN,
        "General And Administrative Expense": NaN,
        "Other Gand A": NaN,
        "Gross Profit": NaN,
        "Cost Of Revenue": NaN,
        "Total Revenue": NaN,
        "Operating Revenue": NaN
    },
    "2022-05-31": {
        "Tax Effect Of Unusual Items": -52909.0,
        "Tax Rate For Calcs": 0.337,
        "Normalized EBITDA": 49526000.0,
        "Total Unusual Items": -157000.0,
        "Total Unusual Items Excluding Goodwill": -157000.0,
        "Net Income From Continuing Operation Net Minority Interest": 19258000.0,
        "Reconciled Depreciation": 17557000.0,
        "Reconciled Cost Of Revenue": 869617000.0,
        "EBIT": 31812000.0,
        "Net Interest Income": -2323000.0,
        "Interest Expense": 2796000.0,
        "Interest Income": 473000.0,
        "Normalized Income": 19362091.0,
        "Net Income From Continuing And Discontinued Operation": 19258000.0,
        "Total Expenses": 996891000.0,
        "Total Operating Income As Reported": 33762000.0,
        "Diluted Average Shares": 30629000.0,
        "Basic Average Shares": 30615000.0,
        "Diluted EPS": 0.62,
        "Basic EPS": 0.62,
        "Diluted NI Availto Com Stockholders": 18946000.0,
        "Net Income Common Stockholders": 18946000.0,
        "Otherunder Preferred Stock Dividend": 312000.0,
        "Net Income": 19258000.0,
        "Minority Interests": 0.0,
        "Net Income Including Noncontrolling Interests": 19258000.0,
        "Net Income Continuous Operations": 19258000.0,
        "Earnings From Equity Interest Net Of Tax": 18000.0,
        "Tax Provision": 9776000.0,
        "Pretax Income": 29016000.0,
        "Other Income Expense": -2580000.0,
        "Other Non Operating Income Expenses": -2423000.0,
        "Special Income Charges": -157000.0,
        "Gain On Sale Of Ppe": -157000.0,
        "Restructuring And Mergern Acquisition": NaN,
        "Net Non Operating Interest Income Expense": -2323000.0,
        "Interest Expense Non Operating": 2796000.0,
        "Interest Income Non Operating": 473000.0,
        "Operating Income": 33919000.0,
        "Operating Expense": 127274000.0,
        "Other Operating Expenses": 306000.0,
        "Selling General And Administration": 127274000.0,
        "General And Administrative Expense": 127274000.0,
        "Other Gand A": 127274000.0,
        "Gross Profit": 161193000.0,
        "Cost Of Revenue": 869617000.0,
        "Total Revenue": 1030810000.0,
        "Operating Revenue": 1027847000.0
    },
    "2022-02-28": {
        "Diluted EPS": 1.03,
        "Total Revenue": NaN,
        "Gross Profit": 177,
        "Operating Income": 48,
        "EBIT": 65,
        "Net Income": 31
    },
    "2021-11-30": {
        "Diluted EPS": 0.98,
        "Total Revenue": 975,
        "Gross Profit": 170,
        "Operating Income": 46,
        "EBIT": 62,
        "Net Income": 30
    },
    "2021-08-31": {
        "Diluted EPS": 0.63,
        "Total Revenue": 910,
        "Gross Profit": 161,
        "Operating Income": 32,
        "EBIT": 49,
        "Net Income": 19
    },
    "2021-05-31": {
        "Diluted EPS": 0.73,
        "Total Revenue": 895,
        "Gross Profit": 159,
        "Operating Income": 36,
        "EBIT": 53,
        "Net Income": 23
    },
    "2021-02-28": {
        "Diluted EPS": 0.92,
        "Total Revenue": 938,
        "Gross Profit": 167,
        "Operating Income": 45,
        "EBIT": 61,
        "Net Income": 28
    },
    "2020-11-30": {
        "Diluted EPS": 0.9,
        "Total Revenue": 877,
        "Gross Profit": 158,
        "Operating Income": 45,
        "EBIT": 60,
        "Net Income": 28
    },
    "2020-08-31": {
        "Diluted EPS": 0.65,
        "Total Revenue": 811,
        "Gross Profit": 140,
        "Operating Income": 29,
        "EBIT": 45,
        "Net Income": 20
    },
    "2020-05-31": {
        "Diluted EPS": 0.41,
        "Total Revenue": 800,
        "Gross Profit": 127,
        "Operating Income": 24,
        "EBIT": 39,
        "Net Income": 13
    },
    "2020-02-29": {
        "Diluted EPS": 0.85,
        "Total Revenue": 907,
        "Gross Profit": 151,
        "Operating Income": 39,
        "EBIT": 54,
        "Net Income": 26
    },
    "2019-11-30": {
        "Diluted EPS": 0.64,
        "Total Revenue": 812,
        "Gross Profit": 137,
        "Operating Income": 31,
        "EBIT": 46,
        "Net Income": 20
    },
    "2019-08-31": {
        "Diluted EPS": 0.67,
        "Total Revenue": 801,
        "Gross Profit": 138,
        "Operating Income": 32,
        "EBIT": 47,
        "Net Income": 21
    },
    "2019-05-31": {
        "Diluted EPS": 0.46,
        "Total Revenue": 789,
        "Gross Profit": 127,
        "Operating Income": 22,
        "EBIT": 35,
        "Net Income": 14
    },
    "2019-02-28": {
        "Diluted EPS": 0.79,
        "Total Revenue": 854,
        "Gross Profit": 138,
        "Operating Income": 37,
        "EBIT": 51,
        "Net Income": 24
    },
    "2018-11-30": {
        "Diluted EPS": 0.48,
        "Total Revenue": 780,
        "Gross Profit": 126,
        "Operating Income": 25,
        "EBIT": 38,
        "Net Income": 15
    },
    "2018-08-31": {
        "Diluted EPS": 0.62,
        "Total Revenue": 778,
        "Gross Profit": 127,
        "Operating Income": 27,
        "EBIT": 41,
        "Net Income": 19
    },
    "2018-05-31": {
        "Diluted EPS": 0.61,
        "Total Revenue": 782,
        "Gross Profit": 130,
        "Operating Income": 28,
        "EBIT": 42,
        "Net Income": 19
    },
    "2018-02-28": {
        "Diluted EPS": 0.47,
        "Total Revenue": 840,
        "Gross Profit": 132,
        "Operating Income": 37,
        "EBIT": 50,
        "Net Income": 14
    },
    "2017-11-30": {
        "Diluted EPS": 0.74,
        "Total Revenue": 767,
        "Gross Profit": 122,
        "Operating Income": 33,
        "EBIT": 45,
        "Net Income": 22
    },
    "2017-08-31": {
        "Diluted EPS": 0.64,
        "Total Revenue": 734,
        "Gross Profit": 118,
        "Operating Income": 31,
        "EBIT": 43,
        "Net Income": 20
    },
    "2017-05-31": {
        "Diluted EPS": 0.62,
        "Total Revenue": 730,
        "Gross Profit": 113,
        "Operating Income": 28,
        "EBIT": 40,
        "Net Income": 19
    },
    "2017-02-28": {
        "Diluted EPS": 0.9,
        "Total Revenue": 793,
        "Gross Profit": 126,
        "Operating Income": 39,
        "EBIT": 51,
        "Net Income": 27
    },
    "2016-11-30": {
        "Diluted EPS": 0.82,
        "Total Revenue": 740,
        "Gross Profit": 121,
        "Operating Income": 38,
        "EBIT": 49,
        "Net Income": 25
    },
    "2016-08-31": {
        "Diluted EPS": 0.74,
        "Total Revenue": 711,
        "Gross Profit": 114,
        "Operating Income": 33,
        "EBIT": 44,
        "Net Income": 22
    },
    "2016-05-31": {
        "Diluted EPS": 0.55,
        "Total Revenue": 704,
        "Gross Profit": 107,
        "Operating Income": 27,
        "EBIT": 38,
        "Net Income": 17
    },
    "2016-02-29": {
        "Diluted EPS": 0.85,
        "Total Revenue": 778,
        "Gross Profit": 120,
        "Operating Income": 39,
        "EBIT": 49,
        "Net Income": 26
    },
    "2015-11-30": {
        "Diluted EPS": 0.78,
        "Total Revenue": 712,
        "Gross Profit": 114,
        "Operating Income": 37,
        "EBIT": 46,
        "Net Income": 24
    },
    "2015-08-31": {
        "Diluted EPS": 0.75,
        "Total Revenue": 699,
        "Gross Profit": 113,
        "Operating Income": 35,
        "EBIT": 44,
        "Net Income": 22
    },
    "2015-05-31": {
        "Diluted EPS": 0.7,
        "Total Revenue": 697,
        "Gross Profit": 109,
        "Operating Income": 34,
        "EBIT": 42,
        "Net Income": 21
    },
    "2015-02-28": {
        "Diluted EPS": 0.82,
        "Total Revenue": 750,
        "Gross Profit": 118,
        "Operating Income": 42,
        "EBIT": 50,
        "Net Income": 25
    },
    "2014-11-30": {
        "Diluted EPS": 0.68,
        "Total Revenue": 656,
        "Gross Profit": 109,
        "Operating Income": 36,
        "EBIT": 44,
        "Net Income": 21
    },
    "2014-08-31": {
        "Diluted EPS": 0.73,
        "Total Revenue": 623,
        "Gross Profit": 103,
        "Operating Income": 34,
        "EBIT": 41,
        "Net Income": 21
    },
    "2014-05-31": {
        "Diluted EPS": 0.7,
        "Total Revenue": 615,
        "Gross Profit": 99,
        "Operating Income": 31,
        "EBIT": 38,
        "Net Income": 21
    },
    "2014-02-28": {
        "Diluted EPS": 0.93,
        "Total Revenue": 674,
        "Gross Profit": 106,
        "Operating Income": 39,
        "EBIT": 47,
        "Net Income": 28
    },
    "2013-11-30": {
        "Diluted EPS": 0.71,
        "Total Revenue": 606,
        "Gross Profit": 96,
        "Operating Income": 32,
        "EBIT": 39,
        "Net Income": 21
    },
    "2013-08-31": {
        "Diluted EPS": 0.69,
        "Total Revenue": 585,
        "Gross Profit": 96,
        "Operating Income": 32,
        "EBIT": 39,
        "Net Income": 20
    },
    "2013-05-31": {
        "Diluted EPS": 0.61,
        "Total Revenue": 572,
        "Gross Profit": 90,
        "Operating Income": 28,
        "EBIT": 35,
        "Net Income": 18
    },
    "2013-02-28": {
        "Diluted EPS": 0.82,
        "Total Revenue": 607,
        "Gross Profit": 97,
        "Operating Income": 36,
        "EBIT": 42,
        "Net Income": 24
    },
    "2012-11-30": {
        "Diluted EPS": 0.66,
        "Total Revenue": 535,
        "Gross Profit": 88,
        "Operating Income": 30,
        "EBIT": 35,
        "Net Income": 20
    },
    "2012-08-31": {
        "Diluted EPS": 0.58,
        "Total Revenue": 514,
        "Gross Profit": 85,
        "Operating Income": 28,
        "EBIT": 34,
        "Net Income": 17
    },
    "2012-05-31": {
        "Diluted EPS": 0.52,
        "Total Revenue": 505,
        "Gross Profit": 82,
        "Operating Income": 25,
        "EBIT": 31,
        "Net Income": 15
    },
    "2012-02-29": {
        "Diluted EPS": 0.67,
        "Total Revenue": 548,
        "Gross Profit": 87,
        "Operating Income": 30,
        "EBIT": 36,
        "Net Income": 20
    },
    "2011-11-30": {
        "Diluted EPS": 0.47,
        "Total Revenue": 477,
        "Gross Profit": 75,
        "Operating Income": 24,
        "EBIT": 30,
        "Net Income": 14
    },
    "2011-08-31": {
        "Diluted EPS": 0.42,
        "Total Revenue": 443,
        "Gross Profit": 69,
        "Operating Income": 18,
        "EBIT": 25,
        "Net Income": 12
    },
    "2011-05-31": {
        "Diluted EPS": 0.55,
        "Total Revenue": 431,
        "Gross Profit": 70,
        "Operating Income": 22,
        "EBIT": 27,
        "Net Income": 16
    },
    "2011-02-28": {
        "Diluted EPS": 0.6,
        "Total Revenue": 450,
        "Gross Profit": 73,
        "Operating Income": 27,
        "EBIT": 31,
        "Net Income": 18
    },
    "2010-11-30": {
        "Diluted EPS": 0.5,
        "Total Revenue": 386,
        "Gross Profit": 67,
        "Operating Income": 22,
        "EBIT": 26,
        "Net Income": 15
    },
    "2010-08-31": {
        "Diluted EPS": 0.44,
        "Total Revenue": 366,
        "Gross Profit": 61,
        "Operating Income": 19,
        "EBIT": 23,
        "Net Income": 13
    },
    "2010-05-31": {
        "Diluted EPS": 0.4,
        "Total Revenue": 349,
        "Gross Profit": 60,
        "Operating Income": 18,
        "EBIT": 22,
        "Net Income": 12
    },
    "2010-02-28": {
        "Diluted EPS": 0.46,
        "Total Revenue": 366,
        "Gross Profit": 60,
        "Operating Income": 20,
        "EBIT": 24,
        "Net Income": 14
    },
    "2009-11-30": {
        "Diluted EPS": 0.35,
        "Total Revenue": 315,
        "Gross Profit": 53,
        "Operating Income": 16,
        "EBIT": 20,
        "Net Income": 10
    },
    "2009-08-31": {
        "Diluted EPS": 0.35,
        "Total Revenue": 305,
        "Gross Profit": 50,
        "Operating Income": 12,
        "EBIT": 16,
        "Net Income": 10
    },
    "2009-05-31": {
        "Diluted EPS": 0.29,
        "Total Revenue": 307,
        "Gross Profit": 50,
        "Operating Income": 13,
        "EBIT": 16,
        "Net Income": 9
    },
    "2009-02-28": {
        "Diluted EPS": 0.43,
        "Total Revenue": 335,
        "Gross Profit": 54,
        "Operating Income": 17,
        "EBIT": 21,
        "Net Income": 13
    },
    "2023-08-31": {
        "Tax Effect Of Unusual Items": NaN,
        "Tax Rate For Calcs": NaN,
        "Normalized EBITDA": NaN,
        "Total Unusual Items": NaN,
        "Total Unusual Items Excluding Goodwill": NaN,
        "Net Income From Continuing Operation Net Minority Interest": NaN,
        "Reconciled Depreciation": NaN,
        "Reconciled Cost Of Revenue": NaN,
        "EBITDA": NaN,
        "EBIT": NaN,
        "Net Interest Income": NaN,
        "Interest Expense": NaN,
        "Interest Income": NaN,
        "Normalized Income": NaN,
        "Net Income From Continuing And Discontinued Operation": NaN,
        "Total Expenses": NaN,
        "Total Operating Income As Reported": NaN,
        "Diluted Average Shares": NaN,
        "Basic Average Shares": NaN,
        "Diluted EPS": NaN,
        "Basic EPS": NaN,
        "Diluted NI Availto Com Stockholders": NaN,
        "Net Income Common Stockholders": NaN,
        "Otherunder Preferred Stock Dividend": NaN,
        "Net Income": NaN,
        "Minority Interests": 0.0,
        "Net Income Including Noncontrolling Interests": NaN,
        "Net Income Continuous Operations": NaN,
        "Earnings From Equity Interest Net Of Tax": NaN,
        "Tax Provision": NaN,
        "Pretax Income": NaN,
        "Other Income Expense": NaN,
        "Other Non Operating Income Expenses": NaN,
        "Special Income Charges": NaN,
        "Gain On Sale Of Ppe": NaN,
        "Other Special Charges": NaN,
        "Restructuring And Mergern Acquisition": 0.0,
        "Net Non Operating Interest Income Expense": NaN,
        "Interest Expense Non Operating": NaN,
        "Interest Income Non Operating": NaN,
        "Operating Income": NaN,
        "Operating Expense": NaN,
        "Selling General And Administration": NaN,
        "General And Administrative Expense": NaN,
        "Other Gand A": NaN,
        "Gross Profit": NaN,
        "Cost Of Revenue": NaN,
        "Total Revenue": NaN,
        "Operating Revenue": NaN
    },
    "2023-11-30": {
        "Tax Effect Of Unusual Items": -187340.0,
        "Tax Rate For Calcs": 0.323,
        "Normalized EBITDA": 79027000.0,
        "Total Unusual Items": -580000.0,
        "Total Unusual Items Excluding Goodwill": -580000.0,
        "Net Income From Continuing Operation Net Minority Interest": 38047000.0,
        "Reconciled Depreciation": 19494000.0,
        "Reconciled Cost Of Revenue": 962278000.0,
        "EBITDA": 78447000.0,
        "EBIT": 58953000.0,
        "Net Interest Income": 50000.0,
        "Interest Expense": 2816000.0,
        "Interest Income": 2866000.0,
        "Normalized Income": 38439660.0,
        "Net Income From Continuing And Discontinued Operation": 38047000.0,
        "Total Expenses": 1107682000.0,
        "Total Operating Income As Reported": 58213000.0,
        "Diluted Average Shares": 30269000.0,
        "Basic Average Shares": 30269000.0,
        "Diluted EPS": 1.24,
        "Basic EPS": 1.24,
        "Diluted NI Availto Com Stockholders": 37416000.0,
        "Net Income Common Stockholders": 37416000.0,
        "Otherunder Preferred Stock Dividend": 631000.0,
        "Net Income": 38047000.0,
        "Minority Interests": NaN,
        "Net Income Including Noncontrolling Interests": 38047000.0,
        "Net Income Continuous Operations": 38047000.0,
        "Earnings From Equity Interest Net Of Tax": 63000.0,
        "Tax Provision": 18153000.0,
        "Pretax Income": 56137000.0,
        "Other Income Expense": -2706000.0,
        "Other Non Operating Income Expenses": -2126000.0,
        "Special Income Charges": -580000.0,
        "Gain On Sale Of Ppe": -93000.0,
        "Other Special Charges": 487000.0,
        "Restructuring And Mergern Acquisition": NaN,
        "Net Non Operating Interest Income Expense": 50000.0,
        "Interest Expense Non Operating": 2816000.0,
        "Interest Income Non Operating": 2866000.0,
        "Operating Income": 58793000.0,
        "Operating Expense": 145404000.0,
        "Selling General And Administration": 145404000.0,
        "General And Administrative Expense": 145404000.0,
        "Other Gand A": 145404000.0,
        "Gross Profit": 204197000.0,
        "Cost Of Revenue": 962278000.0,
        "Total Revenue": 1166475000.0,
        "Operating Revenue": 1162772000.0
    },
    "2024-02-29": {
        "Tax Effect Of Unusual Items": -270230.0,
        "Tax Rate For Calcs": 0.305,
        "Normalized EBITDA": 81184000.0,
        "Total Unusual Items": -886000.0,
        "Total Unusual Items Excluding Goodwill": -886000.0,
        "Net Income From Continuing Operation Net Minority Interest": 39271000.0,
        "Reconciled Depreciation": 20491000.0,
        "Reconciled Cost Of Revenue": 1070863000.0,
        "EBITDA": 80298000.0,
        "EBIT": 59807000.0,
        "Net Interest Income": -68000.0,
        "Interest Expense": 3293000.0,
        "Interest Income": 3225000.0,
        "Normalized Income": 39886770.0,
        "Net Income From Continuing And Discontinued Operation": 39271000.0,
        "Total Expenses": 1227446000.0,
        "Total Operating Income As Reported": 63618000.0,
        "Diluted Average Shares": 29920000.0,
        "Basic Average Shares": 29920000.0,
        "Diluted EPS": 1.31,
        "Basic EPS": 1.31,
        "Diluted NI Availto Com Stockholders": 39157000.0,
        "Net Income Common Stockholders": 39157000.0,
        "Otherunder Preferred Stock Dividend": 114000.0,
        "Net Income": 39271000.0,
        "Minority Interests": NaN,
        "Net Income Including Noncontrolling Interests": 39271000.0,
        "Net Income Continuous Operations": 39271000.0,
        "Earnings From Equity Interest Net Of Tax": 16000.0,
        "Tax Provision": 17259000.0,
        "Pretax Income": 56514000.0,
        "Other Income Expense": -7922000.0,
        "Other Non Operating Income Expenses": -7036000.0,
        "Special Income Charges": -886000.0,
        "Gain On Sale Of Ppe": -429000.0,
        "Other Special Charges": 457000.0,
        "Restructuring And Mergern Acquisition": 0.0,
        "Net Non Operating Interest Income Expense": -68000.0,
        "Interest Expense Non Operating": 3293000.0,
        "Interest Income Non Operating": 3225000.0,
        "Operating Income": 64504000.0,
        "Operating Expense": 156583000.0,
        "Selling General And Administration": 156583000.0,
        "General And Administrative Expense": 156583000.0,
        "Other Gand A": 156583000.0,
        "Gross Profit": 221087000.0,
        "Cost Of Revenue": 1070863000.0,
        "Total Revenue": 1291950000.0,
        "Operating Revenue": 1287965000.0
    },
    "2024-05-31": {
        "Tax Effect Of Unusual Items": -115808.0,
        "Tax Rate For Calcs": 0.308,
        "Normalized EBITDA": 72053000.0,
        "Total Unusual Items": -376000.0,
        "Total Unusual Items Excluding Goodwill": -376000.0,
        "Net Income From Continuing Operation Net Minority Interest": 32489000.0,
        "Reconciled Depreciation": 21129000.0,
        "Reconciled Cost Of Revenue": 1019656000.0,
        "EBITDA": 71677000.0,
        "EBIT": 50548000.0,
        "Net Interest Income": -1058000.0,
        "Interest Expense": 3579000.0,
        "Interest Income": 2521000.0,
        "Normalized Income": 32749192.0,
        "Net Income From Continuing And Discontinued Operation": 32489000.0,
        "Total Expenses": 1179143000.0,
        "Total Operating Income As Reported": 49909000.0,
        "Diluted Average Shares": 29968000.0,
        "Basic Average Shares": 29968000.0,
        "Diluted EPS": 1.08,
        "Basic EPS": 1.08,
        "Diluted NI Availto Com Stockholders": 32422000.0,
        "Net Income Common Stockholders": 32422000.0,
        "Otherunder Preferred Stock Dividend": 67000.0,
        "Net Income": 32489000.0,
        "Minority Interests": NaN,
        "Net Income Including Noncontrolling Interests": 32489000.0,
        "Net Income Continuous Operations": 32489000.0,
        "Earnings From Equity Interest Net Of Tax": 3000.0,
        "Tax Provision": 14483000.0,
        "Pretax Income": 46969000.0,
        "Other Income Expense": -2258000.0,
        "Other Non Operating Income Expenses": -1882000.0,
        "Special Income Charges": -376000.0,
        "Gain On Sale Of Ppe": -350000.0,
        "Other Special Charges": 26000.0,
        "Restructuring And Mergern Acquisition": 0.0,
        "Net Non Operating Interest Income Expense": -1058000.0,
        "Interest Expense Non Operating": 3579000.0,
        "Interest Income Non Operating": 2521000.0,
        "Operating Income": 50285000.0,
        "Operating Expense": 159487000.0,
        "Selling General And Administration": 159487000.0,
        "General And Administrative Expense": 159487000.0,
        "Other Gand A": 159487000.0,
        "Gross Profit": 209772000.0,
        "Cost Of Revenue": 1019656000.0,
        "Total Revenue": 1229428000.0,
        "Operating Revenue": 1225396000.0
    },
    "2024-08-31": {
        "Tax Effect Of Unusual Items": -394407.826441,
        "Tax Rate For Calcs": 0.304327,
        "Normalized EBITDA": 67871000.0,
        "Total Unusual Items": -1296000.0,
        "Total Unusual Items Excluding Goodwill": -1296000.0,
        "Net Income From Continuing Operation Net Minority Interest": 29068000.0,
        "Reconciled Depreciation": 21497000.0,
        "Reconciled Cost Of Revenue": 1014177000.0,
        "EBITDA": 66575000.0,
        "EBIT": 45078000.0,
        "Net Interest Income": -834000.0,
        "Interest Expense": 3271000.0,
        "Interest Income": 2437000.0,
        "Normalized Income": 29969592.173559,
        "Net Income From Continuing And Discontinued Operation": 29068000.0,
        "Total Expenses": 1175545000.0,
        "Total Operating Income As Reported": 49204000.0,
        "Diluted Average Shares": NaN,
        "Basic Average Shares": NaN,
        "Diluted EPS": NaN,
        "Basic EPS": NaN,
        "Diluted NI Availto Com Stockholders": 28342000.0,
        "Net Income Common Stockholders": 28342000.0,
        "Otherunder Preferred Stock Dividend": 726000.0,
        "Net Income": 29068000.0,
        "Minority Interests": NaN,
        "Net Income Including Noncontrolling Interests": 29068000.0,
        "Net Income Continuous Operations": 29068000.0,
        "Earnings From Equity Interest Net Of Tax": -16000.0,
        "Tax Provision": 12723000.0,
        "Pretax Income": 41807000.0,
        "Other Income Expense": -7859000.0,
        "Other Non Operating Income Expenses": -6563000.0,
        "Special Income Charges": -1296000.0,
        "Gain On Sale Of Ppe": -1296000.0,
        "Other Special Charges": 0.0,
        "Restructuring And Mergern Acquisition": 0.0,
        "Net Non Operating Interest Income Expense": -834000.0,
        "Interest Expense Non Operating": 3271000.0,
        "Interest Income Non Operating": 2437000.0,
        "Operating Income": 50500000.0,
        "Operating Expense": 161368000.0,
        "Selling General And Administration": 161368000.0,
        "General And Administrative Expense": 161368000.0,
        "Other Gand A": 161368000.0,
        "Gross Profit": 211868000.0,
        "Cost Of Revenue": 1014177000.0,
        "Total Revenue": 1226045000.0,
        "Operating Revenue": 1221664000.0
    },
    "2024-11-30": {
        "Tax Effect Of Unusual Items": -99110.0,
        "Tax Rate For Calcs": 0.265,
        "Normalized EBITDA": 74860000.0,
        "Total Unusual Items": -374000.0,
        "Total Unusual Items Excluding Goodwill": -374000.0,
        "Net Income From Continuing Operation Net Minority Interest": 37428000.0,
        "Reconciled Depreciation": 20862000.0,
        "Reconciled Cost Of Revenue": 1038890000.0,
        "EBITDA": 74486000.0,
        "EBIT": 53624000.0,
        "Net Interest Income": -475000.0,
        "Interest Expense": 2695000.0,
        "Interest Income": 2220000.0,
        "Normalized Income": 37702890.0,
        "Net Income From Continuing And Discontinued Operation": 37428000.0,
        "Total Expenses": 1199310000.0,
        "Total Operating Income As Reported": 58260000.0,
        "Diluted Average Shares": 30020000.0,
        "Basic Average Shares": 30019000.0,
        "Diluted EPS": 1.21,
        "Basic EPS": 1.21,
        "Diluted NI Availto Com Stockholders": 36385000.0,
        "Net Income Common Stockholders": 36385000.0,
        "Otherunder Preferred Stock Dividend": 1043000.0,
        "Net Income": 37428000.0,
        "Minority Interests": NaN,
        "Net Income Including Noncontrolling Interests": 37428000.0,
        "Net Income Continuous Operations": 37428000.0,
        "Earnings From Equity Interest Net Of Tax": -5000.0,
        "Tax Provision": 13496000.0,
        "Pretax Income": 50929000.0,
        "Other Income Expense": -7230000.0,
        "Other Non Operating Income Expenses": -6856000.0,
        "Special Income Charges": -374000.0,
        "Gain On Sale Of Ppe": -352000.0,
        "Other Special Charges": 22000.0,
        "Restructuring And Mergern Acquisition": NaN,
        "Net Non Operating Interest Income Expense": -475000.0,
        "Interest Expense Non Operating": 2695000.0,
        "Interest Income Non Operating": 2220000.0,
        "Operating Income": 58634000.0,
        "Operating Expense": 160420000.0,
        "Selling General And Administration": 160420000.0,
        "General And Administrative Expense": 160420000.0,
        "Other Gand A": 160420000.0,
        "Gross Profit": 219054000.0,
        "Cost Of Revenue": 1038890000.0,
        "Total Revenue": 1257944000.0,
        "Operating Revenue": 1253676000.0
    }
}