{
    "2023-03-31": {
        "Tax Effect Of Unusual Items": -815850.0,
        "Tax Rate For Calcs": 0.21,
        "Normalized EBITDA": -21932000.0,
        "Total Unusual Items": -3885000.0,
        "Total Unusual Items Excluding Goodwill": -3885000.0,
        "Net Income From Continuing Operation Net Minority Interest": -28659000.0,
        "Reconciled Depreciation": 2781000.0,
        "Reconciled Cost Of Revenue": 14130000.0,
        "EBITDA": -25817000.0,
        "EBIT": -28598000.0,
        "Net Interest Income": 1206000.0,
        "Interest Expense": 47000.0,
        "Interest Income": 1253000.0,
        "Normalized Income": -25589850.0,
        "Net Income From Continuing And Discontinued Operation": -28659000.0,
        "Total Expenses": 44800000.0,
        "Total Operating Income As Reported": -29825000.0,
        "Diluted Average Shares": 46740270.0,
        "Basic Average Shares": 46740270.0,
        "Diluted EPS": -0.61,
        "Basic EPS": -0.61,
        "Diluted NI Availto Com Stockholders": -28659000.0,
        "Net Income Common Stockholders": -28659000.0,
        "Net Income": -28659000.0,
        "Net Income Including Noncontrolling Interests": -28659000.0,
        "Net Income Continuous Operations": -28659000.0,
        "Tax Provision": 14000.0,
        "Pretax Income": -28645000.0,
        "Other Income Expense": -3911000.0,
        "Other Non Operating Income Expenses": -26000.0,
        "Special Income Charges": -3885000.0,
        "Impairment Of Capital Assets": NaN,
        "Restructuring And Mergern Acquisition": 3885000.0,
        "Net Non Operating Interest Income Expense": 1206000.0,
        "Interest Expense Non Operating": 47000.0,
        "Interest Income Non Operating": 1253000.0,
        "Operating Income": -25940000.0,
        "Operating Expense": 30670000.0,
        "Research And Development": 16573000.0,
        "Selling General And Administration": 14097000.0,
        "Gross Profit": 4730000.0,
        "Cost Of Revenue": 14130000.0,
        "Total Revenue": 18860000.0,
        "Operating Revenue": 18796000.0
    },
    "2022-12-31": {
        "Tax Effect Of Unusual Items": 0.0,
        "Tax Rate For Calcs": 0.21,
        "Normalized EBITDA": -28057000.0,
        "Total Unusual Items": NaN,
        "Total Unusual Items Excluding Goodwill": NaN,
        "Net Income From Continuing Operation Net Minority Interest": -31068000.0,
        "Reconciled Depreciation": 2956000.0,
        "Reconciled Cost Of Revenue": 14410000.0,
        "EBITDA": -28057000.0,
        "EBIT": -31013000.0,
        "Net Interest Income": 1113000.0,
        "Interest Expense": 47000.0,
        "Interest Income": 1160000.0,
        "Normalized Income": -31068000.0,
        "Net Income From Continuing And Discontinued Operation": -31068000.0,
        "Total Expenses": 48807000.0,
        "Total Operating Income As Reported": -32085000.0,
        "Diluted Average Shares": 46264217.0,
        "Basic Average Shares": 46264217.0,
        "Diluted EPS": -0.67,
        "Basic EPS": -0.67,
        "Diluted NI Availto Com Stockholders": -31068000.0,
        "Net Income Common Stockholders": -31068000.0,
        "Net Income": -31068000.0,
        "Net Income Including Noncontrolling Interests": -31068000.0,
        "Net Income Continuous Operations": -31068000.0,
        "Tax Provision": 8000.0,
        "Pretax Income": -31060000.0,
        "Other Income Expense": -88000.0,
        "Other Non Operating Income Expenses": -88000.0,
        "Special Income Charges": NaN,
        "Impairment Of Capital Assets": NaN,
        "Restructuring And Mergern Acquisition": NaN,
        "Net Non Operating Interest Income Expense": 1113000.0,
        "Interest Expense Non Operating": 47000.0,
        "Interest Income Non Operating": 1160000.0,
        "Operating Income": -32085000.0,
        "Operating Expense": 34397000.0,
        "Research And Development": 16569000.0,
        "Selling General And Administration": 17828000.0,
        "Gross Profit": 2312000.0,
        "Cost Of Revenue": 14410000.0,
        "Total Revenue": 16722000.0,
        "Operating Revenue": 16722000.0
    },
    "2022-09-30": {
        "Tax Effect Of Unusual Items": 0.0,
        "Tax Rate For Calcs": 0.4,
        "Normalized EBITDA": -24554000.0,
        "Total Unusual Items": NaN,
        "Total Unusual Items Excluding Goodwill": NaN,
        "Net Income From Continuing Operation Net Minority Interest": -26492000.0,
        "Reconciled Depreciation": 1882000.0,
        "Reconciled Cost Of Revenue": 12379000.0,
        "EBITDA": -24554000.0,
        "EBIT": -26436000.0,
        "Net Interest Income": 698000.0,
        "Interest Expense": 45000.0,
        "Interest Income": 743000.0,
        "Normalized Income": -26492000.0,
        "Net Income From Continuing And Discontinued Operation": -26492000.0,
        "Total Expenses": 42117000.0,
        "Total Operating Income As Reported": -27259000.0,
        "Diluted Average Shares": 45921411.0,
        "Basic Average Shares": 45921411.0,
        "Diluted EPS": -0.58,
        "Basic EPS": -0.58,
        "Diluted NI Availto Com Stockholders": -26492000.0,
        "Net Income Common Stockholders": -26492000.0,
        "Net Income": -26492000.0,
        "Net Income Including Noncontrolling Interests": -26492000.0,
        "Net Income Continuous Operations": -26492000.0,
        "Tax Provision": 11000.0,
        "Pretax Income": -26481000.0,
        "Other Income Expense": 80000.0,
        "Other Non Operating Income Expenses": 80000.0,
        "Special Income Charges": NaN,
        "Impairment Of Capital Assets": NaN,
        "Restructuring And Mergern Acquisition": NaN,
        "Net Non Operating Interest Income Expense": 698000.0,
        "Interest Expense Non Operating": 45000.0,
        "Interest Income Non Operating": 743000.0,
        "Operating Income": -27259000.0,
        "Operating Expense": 29738000.0,
        "Research And Development": 14957000.0,
        "Selling General And Administration": 14781000.0,
        "Gross Profit": 2479000.0,
        "Cost Of Revenue": 12379000.0,
        "Total Revenue": 14858000.0,
        "Operating Revenue": 14858000.0
    },
    "2022-06-30": {
        "Tax Effect Of Unusual Items": 0.0,
        "Tax Rate For Calcs": 0.4,
        "Normalized EBITDA": -25662000.0,
        "Total Unusual Items": NaN,
        "Total Unusual Items Excluding Goodwill": NaN,
        "Net Income From Continuing Operation Net Minority Interest": -27546000.0,
        "Reconciled Depreciation": 1820000.0,
        "Reconciled Cost Of Revenue": 13959000.0,
        "EBITDA": -25662000.0,
        "EBIT": -27482000.0,
        "Net Interest Income": 299000.0,
        "Interest Expense": 50000.0,
        "Interest Income": 349000.0,
        "Normalized Income": -27546000.0,
        "Net Income From Continuing And Discontinued Operation": -27546000.0,
        "Total Expenses": 46121000.0,
        "Total Operating Income As Reported": -27881000.0,
        "Diluted Average Shares": 45637838.0,
        "Basic Average Shares": 45637838.0,
        "Diluted EPS": -0.6,
        "Basic EPS": -0.6,
        "Diluted NI Availto Com Stockholders": -27546000.0,
        "Net Income Common Stockholders": -27546000.0,
        "Net Income": -27546000.0,
        "Net Income Including Noncontrolling Interests": -27546000.0,
        "Net Income Continuous Operations": -27546000.0,
        "Tax Provision": 14000.0,
        "Pretax Income": -27532000.0,
        "Other Income Expense": 50000.0,
        "Other Non Operating Income Expenses": 50000.0,
        "Special Income Charges": NaN,
        "Restructuring And Mergern Acquisition": NaN,
        "Net Non Operating Interest Income Expense": 299000.0,
        "Interest Expense Non Operating": 50000.0,
        "Interest Income Non Operating": 349000.0,
        "Operating Income": -27881000.0,
        "Operating Expense": 32162000.0,
        "Research And Development": 16288000.0,
        "Selling General And Administration": 15874000.0,
        "Gross Profit": 4281000.0,
        "Cost Of Revenue": 13959000.0,
        "Total Revenue": 18240000.0,
        "Operating Revenue": 18240000.0
    },
    "2022-03-31": {
        "Diluted EPS": -0.63,
        "Total Revenue": 15,
        "Gross Profit": 4,
        "Operating Income": -28,
        "EBIT": -26,
        "Net Income": -28
    },
    "2021-12-31": {
        "Diluted EPS": -0.46,
        "Total Revenue": 21,
        "Gross Profit": 8,
        "Operating Income": -20,
        "EBIT": -18,
        "Net Income": -20
    },
    "2021-09-30": {
        "Diluted EPS": -0.4,
        "Total Revenue": 22,
        "Gross Profit": 8,
        "Operating Income": -18,
        "EBIT": -16,
        "Net Income": -18
    },
    "2021-06-30": {
        "Diluted EPS": -0.34,
        "Total Revenue": 22,
        "Gross Profit": 8,
        "Operating Income": -15,
        "EBIT": -13,
        "Net Income": -15
    },
    "2021-03-31": {
        "Diluted EPS": -0.29,
        "Total Revenue": 21,
        "Gross Profit": 7,
        "Operating Income": -12,
        "EBIT": -10,
        "Net Income": -12
    },
    "2020-12-31": {
        "Diluted EPS": -0.35,
        "Total Revenue": 20,
        "Gross Profit": 6,
        "Operating Income": -13,
        "EBIT": -12,
        "Net Income": -13
    },
    "2020-09-30": {
        "Diluted EPS": -0.27,
        "Total Revenue": 20,
        "Gross Profit": 5,
        "Operating Income": -10,
        "EBIT": -8,
        "Net Income": -10
    },
    "2020-06-30": {
        "Diluted EPS": -0.29,
        "Total Revenue": 19,
        "Gross Profit": 5,
        "Operating Income": -9,
        "EBIT": -8,
        "Net Income": -9
    },
    "2020-03-31": {
        "Diluted EPS": -0.29,
        "Total Revenue": 19,
        "Gross Profit": 4,
        "Operating Income": -10,
        "EBIT": -8,
        "Net Income": -9
    },
    "2019-12-31": {
        "Diluted EPS": 1.56,
        "Total Revenue": 18,
        "Gross Profit": 7,
        "Operating Income": -7,
        "EBIT": -6,
        "Net Income": -7
    },
    "2019-09-30": {
        "Diluted EPS": -0.22,
        "Total Revenue": 17,
        "Gross Profit": 6,
        "Operating Income": -6,
        "EBIT": -5,
        "Net Income": -7
    },
    "2019-06-30": {
        "Diluted EPS": -0.89,
        "Total Revenue": 16,
        "Gross Profit": 6,
        "Operating Income": -4,
        "EBIT": -3,
        "Net Income": -6
    },
    "2019-03-31": {
        "Diluted EPS": -1.84,
        "Total Revenue": 14,
        "Gross Profit": 4,
        "Operating Income": -5,
        "EBIT": -4,
        "Net Income": -6
    },
    "2018-12-31": {
        "Diluted EPS": 0.0,
        "Total Revenue": NaN,
        "Gross Profit": NaN,
        "Operating Income": NaN,
        "EBIT": NaN,
        "Net Income": NaN
    },
    "2018-09-30": {
        "Diluted EPS": -1.19,
        "Total Revenue": 12,
        "Gross Profit": 4,
        "Operating Income": -2,
        "EBIT": -1,
        "Net Income": -4
    },
    "2018-06-30": {
        "Diluted EPS": -2.39,
        "Total Revenue": 9,
        "Gross Profit": 2,
        "Operating Income": -4,
        "EBIT": -4,
        "Net Income": -7
    },
    "2017-12-31": {
        "Diluted EPS": 0.0,
        "Total Revenue": NaN,
        "Gross Profit": NaN,
        "Operating Income": NaN,
        "EBIT": NaN,
        "Net Income": NaN
    },
    "2023-06-30": {
        "Tax Effect Of Unusual Items": -31920.0,
        "Tax Rate For Calcs": 0.21,
        "Normalized EBITDA": -20879000.0,
        "Total Unusual Items": -152000.0,
        "Total Unusual Items Excluding Goodwill": -152000.0,
        "Net Income From Continuing Operation Net Minority Interest": -23955000.0,
        "Reconciled Depreciation": 2849000.0,
        "Reconciled Cost Of Revenue": 11907000.0,
        "EBITDA": -21031000.0,
        "EBIT": -23880000.0,
        "Net Interest Income": 1426000.0,
        "Interest Expense": 39000.0,
        "Interest Income": 1465000.0,
        "Normalized Income": -23834920.0,
        "Net Income From Continuing And Discontinued Operation": -23955000.0,
        "Total Expenses": 41893000.0,
        "Total Operating Income As Reported": -25346000.0,
        "Diluted Average Shares": 47669513.0,
        "Basic Average Shares": 47669513.0,
        "Diluted EPS": -0.5,
        "Basic EPS": -0.5,
        "Diluted NI Availto Com Stockholders": -23955000.0,
        "Net Income Common Stockholders": -23955000.0,
        "Net Income": -23955000.0,
        "Net Income Including Noncontrolling Interests": -23955000.0,
        "Net Income Continuous Operations": -23955000.0,
        "Tax Provision": 36000.0,
        "Pretax Income": -23919000.0,
        "Other Income Expense": -151000.0,
        "Other Non Operating Income Expenses": 1000.0,
        "Special Income Charges": -152000.0,
        "Impairment Of Capital Assets": NaN,
        "Restructuring And Mergern Acquisition": 152000.0,
        "Net Non Operating Interest Income Expense": 1426000.0,
        "Interest Expense Non Operating": 39000.0,
        "Interest Income Non Operating": 1465000.0,
        "Operating Income": -25194000.0,
        "Operating Expense": 29986000.0,
        "Research And Development": 17852000.0,
        "Selling General And Administration": 12134000.0,
        "Gross Profit": 4792000.0,
        "Cost Of Revenue": 11907000.0,
        "Total Revenue": 16699000.0,
        "Operating Revenue": 16469000.0
    },
    "2023-09-30": {
        "Tax Effect Of Unusual Items": -1168650.0,
        "Tax Rate For Calcs": 0.21,
        "Normalized EBITDA": -20731000.0,
        "Total Unusual Items": -5565000.0,
        "Total Unusual Items Excluding Goodwill": -5565000.0,
        "Net Income From Continuing Operation Net Minority Interest": -29098000.0,
        "Reconciled Depreciation": 2759000.0,
        "Reconciled Cost Of Revenue": 14766000.0,
        "EBITDA": -26296000.0,
        "EBIT": -29055000.0,
        "Net Interest Income": 1691000.0,
        "Interest Expense": 15000.0,
        "Interest Income": 1706000.0,
        "Normalized Income": -24701650.0,
        "Net Income From Continuing And Discontinued Operation": -29098000.0,
        "Total Expenses": 43475000.0,
        "Total Operating Income As Reported": -30793000.0,
        "Diluted Average Shares": 48694324.0,
        "Basic Average Shares": 48694324.0,
        "Diluted EPS": -0.6,
        "Basic EPS": -0.6,
        "Diluted NI Availto Com Stockholders": -29098000.0,
        "Net Income Common Stockholders": -29098000.0,
        "Net Income": -29098000.0,
        "Net Income Including Noncontrolling Interests": -29098000.0,
        "Net Income Continuous Operations": -29098000.0,
        "Tax Provision": 28000.0,
        "Pretax Income": -29070000.0,
        "Other Income Expense": -5533000.0,
        "Other Non Operating Income Expenses": 32000.0,
        "Special Income Charges": -5565000.0,
        "Impairment Of Capital Assets": 5565000.0,
        "Restructuring And Mergern Acquisition": 0.0,
        "Net Non Operating Interest Income Expense": 1691000.0,
        "Interest Expense Non Operating": 15000.0,
        "Interest Income Non Operating": 1706000.0,
        "Operating Income": -25228000.0,
        "Operating Expense": 28709000.0,
        "Research And Development": 16738000.0,
        "Selling General And Administration": 11971000.0,
        "Gross Profit": 3481000.0,
        "Cost Of Revenue": 14766000.0,
        "Total Revenue": 18247000.0,
        "Operating Revenue": 18209000.0
    },
    "2023-12-31": {
        "Tax Effect Of Unusual Items": -848400.0,
        "Tax Rate For Calcs": 0.21,
        "Normalized EBITDA": -19623000.0,
        "Total Unusual Items": -4040000.0,
        "Total Unusual Items Excluding Goodwill": -4040000.0,
        "Net Income From Continuing Operation Net Minority Interest": -26584000.0,
        "Reconciled Depreciation": 2907000.0,
        "Reconciled Cost Of Revenue": 14470000.0,
        "EBITDA": -23663000.0,
        "EBIT": -26570000.0,
        "Net Interest Income": 1468000.0,
        "Interest Expense": 9000.0,
        "Interest Income": 1477000.0,
        "Normalized Income": -23392400.0,
        "Net Income From Continuing And Discontinued Operation": -26584000.0,
        "Total Expenses": 39607000.0,
        "Total Operating Income As Reported": -23972000.0,
        "Diluted Average Shares": NaN,
        "Basic Average Shares": NaN,
        "Diluted EPS": NaN,
        "Basic EPS": NaN,
        "Diluted NI Availto Com Stockholders": -26584000.0,
        "Net Income Common Stockholders": -26584000.0,
        "Net Income": -26584000.0,
        "Net Income Including Noncontrolling Interests": -26584000.0,
        "Net Income Continuous Operations": -26584000.0,
        "Tax Provision": 5000.0,
        "Pretax Income": -26579000.0,
        "Other Income Expense": -8115000.0,
        "Other Non Operating Income Expenses": -4075000.0,
        "Special Income Charges": -4040000.0,
        "Impairment Of Capital Assets": 0.0,
        "Restructuring And Mergern Acquisition": 4040000.0,
        "Net Non Operating Interest Income Expense": 1468000.0,
        "Interest Expense Non Operating": 9000.0,
        "Interest Income Non Operating": 1477000.0,
        "Operating Income": -19932000.0,
        "Operating Expense": 25137000.0,
        "Research And Development": 13613000.0,
        "Selling General And Administration": 11524000.0,
        "Gross Profit": 5205000.0,
        "Cost Of Revenue": 14470000.0,
        "Total Revenue": 19675000.0,
        "Operating Revenue": 19571000.0
    },
    "2024-03-31": {
        "Tax Effect Of Unusual Items": 0.0,
        "Tax Rate For Calcs": 0.4,
        "Normalized EBITDA": -10115000.0,
        "Total Unusual Items": 0.0,
        "Total Unusual Items Excluding Goodwill": 0.0,
        "Net Income From Continuing Operation Net Minority Interest": -12968000.0,
        "Reconciled Depreciation": 2837000.0,
        "Reconciled Cost Of Revenue": 14032000.0,
        "EBITDA": -10115000.0,
        "EBIT": -12952000.0,
        "Net Interest Income": 1350000.0,
        "Interest Expense": 9000.0,
        "Interest Income": 1359000.0,
        "Normalized Income": -12968000.0,
        "Net Income From Continuing And Discontinued Operation": -12968000.0,
        "Total Expenses": 38405000.0,
        "Total Operating Income As Reported": -18880000.0,
        "Diluted Average Shares": 50678586.0,
        "Basic Average Shares": 50678586.0,
        "Diluted EPS": -0.26,
        "Basic EPS": -0.26,
        "Diluted NI Availto Com Stockholders": -12968000.0,
        "Net Income Common Stockholders": -12968000.0,
        "Net Income": -12968000.0,
        "Net Income Including Noncontrolling Interests": -12968000.0,
        "Net Income Continuous Operations": -12968000.0,
        "Tax Provision": 7000.0,
        "Pretax Income": -12961000.0,
        "Other Income Expense": 4569000.0,
        "Other Non Operating Income Expenses": 4569000.0,
        "Special Income Charges": 0.0,
        "Impairment Of Capital Assets": NaN,
        "Restructuring And Mergern Acquisition": 0.0,
        "Net Non Operating Interest Income Expense": 1350000.0,
        "Interest Expense Non Operating": 9000.0,
        "Interest Income Non Operating": 1359000.0,
        "Operating Income": -18880000.0,
        "Operating Expense": 24373000.0,
        "Research And Development": 12771000.0,
        "Selling General And Administration": 11602000.0,
        "Gross Profit": 5493000.0,
        "Cost Of Revenue": 14032000.0,
        "Total Revenue": 19525000.0,
        "Operating Revenue": 19284000.0
    }
}