{
    "2023-06-30": {
        "Tax Effect Of Unusual Items": 7800.0,
        "Tax Rate For Calcs": 0.2,
        "Normalized EBITDA": 148370000.0,
        "Total Unusual Items": 39000.0,
        "Total Unusual Items Excluding Goodwill": 39000.0,
        "Net Income From Continuing Operation Net Minority Interest": 61398000.0,
        "Reconciled Depreciation": 36047000.0,
        "Reconciled Cost Of Revenue": 90477000.0,
        "EBITDA": 148409000.0,
        "EBIT": 112362000.0,
        "Net Interest Income": -35836000.0,
        "Interest Expense": 35836000.0,
        "Normalized Income": 61366800.0,
        "Net Income From Continuing And Discontinued Operation": 61398000.0,
        "Total Expenses": 432481000.0,
        "Total Operating Income As Reported": 109900000.0,
        "Diluted Average Shares": 119392000.0,
        "Basic Average Shares": 118483000.0,
        "Diluted EPS": 0.51,
        "Basic EPS": 0.52,
        "Diluted NI Availto Com Stockholders": 61398000.0,
        "Net Income Common Stockholders": 61398000.0,
        "Net Income": 61398000.0,
        "Net Income Including Noncontrolling Interests": 61398000.0,
        "Net Income Continuous Operations": 61398000.0,
        "Tax Provision": 15128000.0,
        "Pretax Income": 76526000.0,
        "Other Income Expense": 2501000.0,
        "Other Non Operating Income Expenses": 2462000.0,
        "Special Income Charges": 39000.0,
        "Restructuring And Mergern Acquisition": -39000.0,
        "Net Non Operating Interest Income Expense": -35836000.0,
        "Interest Expense Non Operating": 35836000.0,
        "Operating Income": 109861000.0,
        "Operating Expense": 316627000.0,
        "Depreciation Amortization Depletion Income Statement": 10670000.0,
        "Depreciation And Amortization In Income Statement": 10670000.0,
        "Amortization": 10670000.0,
        "Amortization Of Intangibles Income Statement": 10670000.0,
        "Research And Development": 103819000.0,
        "Selling General And Administration": 202138000.0,
        "Selling And Marketing Expense": 145083000.0,
        "General And Administrative Expense": 57055000.0,
        "Other Gand A": 57055000.0,
        "Gross Profit": 426488000.0,
        "Cost Of Revenue": 115854000.0,
        "Total Revenue": 542342000.0,
        "Operating Revenue": 542342000.0
    },
    "2023-03-31": {
        "Tax Effect Of Unusual Items": -216.667283,
        "Tax Rate For Calcs": 0.216667,
        "Normalized EBITDA": 158814000.0,
        "Total Unusual Items": -1000.0,
        "Total Unusual Items Excluding Goodwill": -1000.0,
        "Net Income From Continuing Operation Net Minority Interest": 63504000.0,
        "Reconciled Depreciation": 36219000.0,
        "Reconciled Cost Of Revenue": 87943000.0,
        "EBITDA": 158813000.0,
        "EBIT": 122594000.0,
        "Net Interest Income": -41525000.0,
        "Interest Expense": 41525000.0,
        "Normalized Income": 63504783.332717,
        "Net Income From Continuing And Discontinued Operation": 63504000.0,
        "Total Expenses": 419641000.0,
        "Total Operating Income As Reported": 122539000.0,
        "Diluted Average Shares": 119041000.0,
        "Basic Average Shares": 118260000.0,
        "Diluted EPS": 0.53,
        "Basic EPS": 0.54,
        "Diluted NI Availto Com Stockholders": 63504000.0,
        "Net Income Common Stockholders": 63504000.0,
        "Net Income": 63504000.0,
        "Net Income Including Noncontrolling Interests": 63504000.0,
        "Net Income Continuous Operations": 63504000.0,
        "Tax Provision": 17565000.0,
        "Pretax Income": 81069000.0,
        "Other Income Expense": 54000.0,
        "Other Non Operating Income Expenses": 55000.0,
        "Special Income Charges": -1000.0,
        "Restructuring And Mergern Acquisition": 1000.0,
        "Net Non Operating Interest Income Expense": -41525000.0,
        "Interest Expense Non Operating": 41525000.0,
        "Operating Income": 122540000.0,
        "Operating Expense": 306135000.0,
        "Depreciation Amortization Depletion Income Statement": 10656000.0,
        "Depreciation And Amortization In Income Statement": 10656000.0,
        "Amortization": 10656000.0,
        "Amortization Of Intangibles Income Statement": 10656000.0,
        "Research And Development": 100349000.0,
        "Selling General And Administration": 195130000.0,
        "Selling And Marketing Expense": 129207000.0,
        "General And Administrative Expense": 65923000.0,
        "Other Gand A": 65923000.0,
        "Gross Profit": 428675000.0,
        "Cost Of Revenue": 113506000.0,
        "Total Revenue": 542181000.0,
        "Operating Revenue": 542181000.0
    },
    "2022-12-31": {
        "Tax Effect Of Unusual Items": 43940.0,
        "Tax Rate For Calcs": 0.13,
        "Normalized EBITDA": 131826000.0,
        "Total Unusual Items": 338000.0,
        "Total Unusual Items Excluding Goodwill": 338000.0,
        "Net Income From Continuing Operation Net Minority Interest": 75035000.0,
        "Reconciled Depreciation": 29382000.0,
        "Reconciled Cost Of Revenue": 74434000.0,
        "EBITDA": 132164000.0,
        "EBIT": 102782000.0,
        "Net Interest Income": -16358000.0,
        "Interest Expense": 16358000.0,
        "Normalized Income": 74740940.0,
        "Net Income From Continuing And Discontinued Operation": 75035000.0,
        "Total Expenses": 361347000.0,
        "Total Operating Income As Reported": 104901000.0,
        "Diluted Average Shares": 118788000.0,
        "Basic Average Shares": 117819000.0,
        "Diluted EPS": 0.63,
        "Basic EPS": 0.64,
        "Diluted NI Availto Com Stockholders": 75035000.0,
        "Net Income Common Stockholders": 75035000.0,
        "Net Income": 75035000.0,
        "Net Income Including Noncontrolling Interests": 75035000.0,
        "Net Income Continuous Operations": 75035000.0,
        "Tax Provision": 11389000.0,
        "Pretax Income": 86424000.0,
        "Other Income Expense": -1781000.0,
        "Other Non Operating Income Expenses": -2119000.0,
        "Special Income Charges": 338000.0,
        "Other Special Charges": -338000.0,
        "Restructuring And Mergern Acquisition": -338000.0,
        "Net Non Operating Interest Income Expense": -16358000.0,
        "Interest Expense Non Operating": 16358000.0,
        "Operating Income": 104563000.0,
        "Operating Expense": 265557000.0,
        "Depreciation Amortization Depletion Income Statement": 8026000.0,
        "Depreciation And Amortization In Income Statement": 8026000.0,
        "Amortization": 8026000.0,
        "Amortization Of Intangibles Income Statement": 8026000.0,
        "Research And Development": 88177000.0,
        "Selling General And Administration": 169354000.0,
        "Selling And Marketing Expense": 118383000.0,
        "General And Administrative Expense": 50971000.0,
        "Other Gand A": 50971000.0,
        "Gross Profit": 370120000.0,
        "Cost Of Revenue": 95790000.0,
        "Total Revenue": 465910000.0,
        "Operating Revenue": 465910000.0
    },
    "2022-09-30": {
        "Tax Effect Of Unusual Items": 145170.791539,
        "Tax Rate For Calcs": 0.222314,
        "Normalized EBITDA": 175147000.0,
        "Total Unusual Items": 653000.0,
        "Total Unusual Items Excluding Goodwill": 653000.0,
        "Net Income From Continuing Operation Net Minority Interest": 106837000.0,
        "Reconciled Depreciation": 30436000.0,
        "Reconciled Cost Of Revenue": 74199000.0,
        "EBITDA": 175800000.0,
        "EBIT": 145364000.0,
        "Net Interest Income": -12785000.0,
        "Interest Expense": 15285000.0,
        "Normalized Income": 106329170.791539,
        "Net Income From Continuing And Discontinued Operation": 106837000.0,
        "Total Expenses": 362561000.0,
        "Total Operating Income As Reported": 146017000.0,
        "Diluted Average Shares": 118634000.0,
        "Basic Average Shares": 117431000.0,
        "Diluted EPS": 0.9,
        "Basic EPS": 0.91,
        "Diluted NI Availto Com Stockholders": 106837000.0,
        "Net Income Common Stockholders": 106837000.0,
        "Net Income": 106837000.0,
        "Net Income Including Noncontrolling Interests": 106837000.0,
        "Net Income Continuous Operations": 106837000.0,
        "Tax Provision": 30541000.0,
        "Pretax Income": 137378000.0,
        "Other Income Expense": -7986000.0,
        "Other Non Operating Income Expenses": -8639000.0,
        "Special Income Charges": 653000.0,
        "Other Special Charges": NaN,
        "Restructuring And Mergern Acquisition": -653000.0,
        "Net Non Operating Interest Income Expense": -12785000.0,
        "Interest Expense Non Operating": 15285000.0,
        "Operating Income": 145364000.0,
        "Operating Expense": 267031000.0,
        "Depreciation Amortization Depletion Income Statement": 9105000.0,
        "Depreciation And Amortization In Income Statement": 9105000.0,
        "Amortization": 9105000.0,
        "Amortization Of Intangibles Income Statement": 9105000.0,
        "Research And Development": 88183000.0,
        "Selling General And Administration": 169743000.0,
        "Selling And Marketing Expense": 119038000.0,
        "General And Administrative Expense": 50705000.0,
        "Other Gand A": 50705000.0,
        "Gross Profit": 412395000.0,
        "Cost Of Revenue": 95530000.0,
        "Total Revenue": 507925000.0,
        "Operating Revenue": 507925000.0
    },
    "2022-06-30": {
        "Tax Effect Of Unusual Items": -1340434.578976,
        "Tax Rate For Calcs": 0.300681,
        "Normalized EBITDA": 119492000.0,
        "Total Unusual Items": -4458000.0,
        "Total Unusual Items Excluding Goodwill": -4458000.0,
        "Net Income From Continuing Operation Net Minority Interest": 70476000.0,
        "Reconciled Depreciation": 30599000.0,
        "Reconciled Cost Of Revenue": 80327000.0,
        "EBITDA": 115034000.0,
        "EBIT": 84435000.0,
        "Net Interest Income": -13758000.0,
        "Interest Expense": 13758000.0,
        "Normalized Income": 73593565.421024,
        "Net Income From Continuing And Discontinued Operation": 70476000.0,
        "Total Expenses": 378039000.0,
        "Total Operating Income As Reported": 79977000.0,
        "Diluted Average Shares": 117968000.0,
        "Basic Average Shares": 117073000.0,
        "Diluted EPS": 0.6,
        "Basic EPS": 0.6,
        "Diluted NI Availto Com Stockholders": 70476000.0,
        "Net Income Common Stockholders": 70476000.0,
        "Net Income": 70476000.0,
        "Net Income Including Noncontrolling Interests": 70476000.0,
        "Net Income Continuous Operations": 70476000.0,
        "Tax Provision": 30302000.0,
        "Pretax Income": 100778000.0,
        "Other Income Expense": 16343000.0,
        "Other Non Operating Income Expenses": 20801000.0,
        "Special Income Charges": -4458000.0,
        "Other Special Charges": NaN,
        "Restructuring And Mergern Acquisition": 4458000.0,
        "Net Non Operating Interest Income Expense": -13758000.0,
        "Interest Expense Non Operating": 13758000.0,
        "Operating Income": 84435000.0,
        "Operating Expense": 276044000.0,
        "Depreciation Amortization Depletion Income Statement": 8931000.0,
        "Depreciation And Amortization In Income Statement": 8931000.0,
        "Amortization": 8931000.0,
        "Amortization Of Intangibles Income Statement": 8931000.0,
        "Research And Development": 88170000.0,
        "Selling General And Administration": 178943000.0,
        "Selling And Marketing Expense": 124325000.0,
        "General And Administrative Expense": 54618000.0,
        "Other Gand A": 54618000.0,
        "Gross Profit": 360479000.0,
        "Cost Of Revenue": 101995000.0,
        "Total Revenue": 462474000.0,
        "Operating Revenue": 462474000.0
    },
    "2022-03-31": {
        "Diluted EPS": 0.76,
        "Total Revenue": 505,
        "Gross Profit": 412,
        "Operating Income": 159,
        "EBIT": 189,
        "Net Income": 90
    },
    "2021-12-31": {
        "Diluted EPS": 0.39,
        "Total Revenue": 458,
        "Gross Profit": 363,
        "Operating Income": 62,
        "EBIT": 93,
        "Net Income": 46
    },
    "2021-09-30": {
        "Diluted EPS": 2.48,
        "Total Revenue": 481,
        "Gross Profit": 381,
        "Operating Income": 115,
        "EBIT": 147,
        "Net Income": 293
    },
    "2021-06-30": {
        "Diluted EPS": 0.43,
        "Total Revenue": 436,
        "Gross Profit": 341,
        "Operating Income": 74,
        "EBIT": 105,
        "Net Income": 51
    },
    "2021-03-31": {
        "Diluted EPS": 0.92,
        "Total Revenue": 462,
        "Gross Profit": 372,
        "Operating Income": 102,
        "EBIT": 133,
        "Net Income": 109
    },
    "2020-12-31": {
        "Diluted EPS": 0.2,
        "Total Revenue": 429,
        "Gross Profit": 342,
        "Operating Income": 90,
        "EBIT": 119,
        "Net Income": 24
    },
    "2020-09-30": {
        "Diluted EPS": 0.45,
        "Total Revenue": 391,
        "Gross Profit": 306,
        "Operating Income": 67,
        "EBIT": 96,
        "Net Income": 53
    },
    "2020-06-30": {
        "Diluted EPS": 0.3,
        "Total Revenue": 352,
        "Gross Profit": 272,
        "Operating Income": 63,
        "EBIT": 94,
        "Net Income": 35
    },
    "2020-03-31": {
        "Diluted EPS": 0.06,
        "Total Revenue": 360,
        "Gross Profit": 277,
        "Operating Income": 50,
        "EBIT": 81,
        "Net Income": 7
    },
    "2019-12-31": {
        "Diluted EPS": 0.31,
        "Total Revenue": 356,
        "Gross Profit": 269,
        "Operating Income": 30,
        "EBIT": 59,
        "Net Income": 35
    },
    "2019-09-30": {
        "Diluted EPS": 0.09,
        "Total Revenue": 335,
        "Gross Profit": 250,
        "Operating Income": 47,
        "EBIT": 66,
        "Net Income": 10
    },
    "2019-06-30": {
        "Diluted EPS": -0.13,
        "Total Revenue": 295,
        "Gross Profit": 213,
        "Operating Income": 9,
        "EBIT": 28,
        "Net Income": -15
    },
    "2019-03-31": {
        "Diluted EPS": -0.37,
        "Total Revenue": 290,
        "Gross Profit": 211,
        "Operating Income": -23,
        "EBIT": -3,
        "Net Income": -44
    },
    "2018-12-31": {
        "Diluted EPS": 0.18,
        "Total Revenue": 335,
        "Gross Profit": 257,
        "Operating Income": 30,
        "EBIT": 50,
        "Net Income": 21
    },
    "2018-09-30": {
        "Diluted EPS": 0.11,
        "Total Revenue": 313,
        "Gross Profit": 234,
        "Operating Income": 12,
        "EBIT": 34,
        "Net Income": 13
    },
    "2018-06-30": {
        "Diluted EPS": 0.14,
        "Total Revenue": 315,
        "Gross Profit": 233,
        "Operating Income": 22,
        "EBIT": 44,
        "Net Income": 17
    },
    "2018-03-31": {
        "Diluted EPS": 0.07,
        "Total Revenue": 308,
        "Gross Profit": 224,
        "Operating Income": 22,
        "EBIT": 44,
        "Net Income": 8
    },
    "2017-12-31": {
        "Diluted EPS": 0.12,
        "Total Revenue": 307,
        "Gross Profit": 224,
        "Operating Income": 17,
        "EBIT": 38,
        "Net Income": 14
    },
    "2017-09-30": {
        "Diluted EPS": 0.15,
        "Total Revenue": 306,
        "Gross Profit": 224,
        "Operating Income": 18,
        "EBIT": 41,
        "Net Income": 17
    },
    "2017-06-30": {
        "Diluted EPS": -0.01,
        "Total Revenue": 291,
        "Gross Profit": 209,
        "Operating Income": 11,
        "EBIT": 33,
        "Net Income": -1
    },
    "2017-03-31": {
        "Diluted EPS": -0.01,
        "Total Revenue": 280,
        "Gross Profit": 198,
        "Operating Income": 8,
        "EBIT": 29,
        "Net Income": -1
    },
    "2016-12-31": {
        "Diluted EPS": -0.08,
        "Total Revenue": 286,
        "Gross Profit": 204,
        "Operating Income": 5,
        "EBIT": 26,
        "Net Income": -9
    },
    "2016-09-30": {
        "Diluted EPS": -0.25,
        "Total Revenue": 288,
        "Gross Profit": 205,
        "Operating Income": -33,
        "EBIT": -11,
        "Net Income": -28
    },
    "2016-06-30": {
        "Diluted EPS": 0.03,
        "Total Revenue": 289,
        "Gross Profit": 206,
        "Operating Income": 8,
        "EBIT": 29,
        "Net Income": 3
    },
    "2016-03-31": {
        "Diluted EPS": -0.05,
        "Total Revenue": 273,
        "Gross Profit": 192,
        "Operating Income": 2,
        "EBIT": 24,
        "Net Income": -5
    },
    "2015-12-31": {
        "Diluted EPS": -0.21,
        "Total Revenue": 291,
        "Gross Profit": 211,
        "Operating Income": -13,
        "EBIT": 7,
        "Net Income": -24
    },
    "2015-09-30": {
        "Diluted EPS": -0.05,
        "Total Revenue": 313,
        "Gross Profit": 236,
        "Operating Income": -22,
        "EBIT": -1,
        "Net Income": -6
    },
    "2015-06-30": {
        "Diluted EPS": 0.15,
        "Total Revenue": 303,
        "Gross Profit": 224,
        "Operating Income": 22,
        "EBIT": 43,
        "Net Income": 17
    },
    "2015-03-31": {
        "Diluted EPS": 0.05,
        "Total Revenue": 314,
        "Gross Profit": 228,
        "Operating Income": 4,
        "EBIT": 25,
        "Net Income": 5
    },
    "2014-12-31": {
        "Diluted EPS": 0.26,
        "Total Revenue": 325,
        "Gross Profit": 233,
        "Operating Income": 38,
        "EBIT": 59,
        "Net Income": 30
    },
    "2014-09-30": {
        "Diluted EPS": 0.33,
        "Total Revenue": 367,
        "Gross Profit": 271,
        "Operating Income": 36,
        "EBIT": 56,
        "Net Income": 39
    },
    "2014-06-30": {
        "Diluted EPS": 0.32,
        "Total Revenue": 337,
        "Gross Profit": 246,
        "Operating Income": 54,
        "EBIT": 73,
        "Net Income": 38
    },
    "2014-03-31": {
        "Diluted EPS": 0.36,
        "Total Revenue": 329,
        "Gross Profit": 235,
        "Operating Income": 51,
        "EBIT": 70,
        "Net Income": 44
    },
    "2013-12-31": {
        "Diluted EPS": 0.33,
        "Total Revenue": 325,
        "Gross Profit": 232,
        "Operating Income": 55,
        "EBIT": 74,
        "Net Income": 40
    },
    "2013-09-30": {
        "Diluted EPS": 0.47,
        "Total Revenue": 345,
        "Gross Profit": 253,
        "Operating Income": 49,
        "EBIT": 68,
        "Net Income": 56
    },
    "2013-06-30": {
        "Diluted EPS": 0.29,
        "Total Revenue": 315,
        "Gross Profit": 224,
        "Operating Income": 43,
        "EBIT": 62,
        "Net Income": 34
    },
    "2013-03-31": {
        "Diluted EPS": 0.14,
        "Total Revenue": 314,
        "Gross Profit": 221,
        "Operating Income": 21,
        "EBIT": 41,
        "Net Income": 17
    },
    "2012-12-31": {
        "Diluted EPS": 0.29,
        "Total Revenue": 320,
        "Gross Profit": 223,
        "Operating Income": 14,
        "EBIT": 33,
        "Net Income": 36
    },
    "2012-09-30": {
        "Diluted EPS": -0.71,
        "Total Revenue": 325,
        "Gross Profit": 237,
        "Operating Income": 58,
        "EBIT": 74,
        "Net Income": -84
    },
    "2012-06-30": {
        "Diluted EPS": 0.19,
        "Total Revenue": 311,
        "Gross Profit": 218,
        "Operating Income": 31,
        "EBIT": 48,
        "Net Income": 23
    },
    "2012-03-31": {
        "Diluted EPS": 0.03,
        "Total Revenue": 301,
        "Gross Profit": 208,
        "Operating Income": 7,
        "EBIT": 23,
        "Net Income": 4
    },
    "2011-12-31": {
        "Diluted EPS": 0.18,
        "Total Revenue": 318,
        "Gross Profit": 220,
        "Operating Income": 33,
        "EBIT": 50,
        "Net Income": 22
    },
    "2011-09-30": {
        "Diluted EPS": 0.31,
        "Total Revenue": 339,
        "Gross Profit": 241,
        "Operating Income": 51,
        "EBIT": 69,
        "Net Income": 38
    },
    "2011-06-30": {
        "Diluted EPS": 0.13,
        "Total Revenue": 292,
        "Gross Profit": 201,
        "Operating Income": 25,
        "EBIT": 40,
        "Net Income": 16
    },
    "2011-03-31": {
        "Diluted EPS": 0.16,
        "Total Revenue": 269,
        "Gross Profit": 187,
        "Operating Income": 24,
        "EBIT": 39,
        "Net Income": 19
    },
    "2010-12-31": {
        "Diluted EPS": 0.11,
        "Total Revenue": 267,
        "Gross Profit": 180,
        "Operating Income": 17,
        "EBIT": 31,
        "Net Income": 13
    },
    "2010-09-30": {
        "Diluted EPS": -0.12,
        "Total Revenue": 268,
        "Gross Profit": 191,
        "Operating Income": 29,
        "EBIT": 44,
        "Net Income": -13
    },
    "2010-06-30": {
        "Diluted EPS": 0.09,
        "Total Revenue": 243,
        "Gross Profit": 168,
        "Operating Income": 12,
        "EBIT": 28,
        "Net Income": 11
    },
    "2010-03-31": {
        "Diluted EPS": 0.08,
        "Total Revenue": 241,
        "Gross Profit": 163,
        "Operating Income": 12,
        "EBIT": 27,
        "Net Income": 9
    },
    "2009-12-31": {
        "Diluted EPS": 0.15,
        "Total Revenue": 258,
        "Gross Profit": 180,
        "Operating Income": 22,
        "EBIT": 38,
        "Net Income": 18
    },
    "2009-09-30": {
        "Diluted EPS": 0.14,
        "Total Revenue": 246,
        "Gross Profit": 173,
        "Operating Income": 15,
        "EBIT": 31,
        "Net Income": 16
    },
    "2009-06-30": {
        "Diluted EPS": 0.03,
        "Total Revenue": 226,
        "Gross Profit": 152,
        "Operating Income": 2,
        "EBIT": 18,
        "Net Income": 4
    },
    "2009-03-31": {
        "Diluted EPS": 0.06,
        "Total Revenue": 225,
        "Gross Profit": 146,
        "Operating Income": -1,
        "EBIT": 14,
        "Net Income": 7
    },
    "2023-09-30": {
        "Tax Effect Of Unusual Items": 17640.0,
        "Tax Rate For Calcs": 0.21,
        "Normalized EBITDA": 159675000.0,
        "Total Unusual Items": 84000.0,
        "Total Unusual Items Excluding Goodwill": 84000.0,
        "Net Income From Continuing Operation Net Minority Interest": 45603000.0,
        "Reconciled Depreciation": 35514000.0,
        "Reconciled Cost Of Revenue": 91012000.0,
        "EBITDA": 159759000.0,
        "EBIT": 124245000.0,
        "Net Interest Income": -30298000.0,
        "Interest Expense": 35698000.0,
        "Normalized Income": 45536640.0,
        "Net Income From Continuing And Discontinued Operation": 45603000.0,
        "Total Expenses": 425570000.0,
        "Total Operating Income As Reported": 121134000.0,
        "Diluted Average Shares": 120112000.0,
        "Basic Average Shares": 118803000.0,
        "Diluted EPS": 0.38,
        "Basic EPS": 0.38,
        "Diluted NI Availto Com Stockholders": 45603000.0,
        "Net Income Common Stockholders": 45603000.0,
        "Net Income": 45603000.0,
        "Net Income Including Noncontrolling Interests": 45603000.0,
        "Net Income Continuous Operations": 45603000.0,
        "Tax Provision": 42944000.0,
        "Pretax Income": 88547000.0,
        "Other Income Expense": -2214000.0,
        "Other Non Operating Income Expenses": -2298000.0,
        "Special Income Charges": 84000.0,
        "Restructuring And Mergern Acquisition": -84000.0,
        "Net Non Operating Interest Income Expense": -30298000.0,
        "Interest Expense Non Operating": 35698000.0,
        "Operating Income": 121050000.0,
        "Operating Expense": 309714000.0,
        "Depreciation Amortization Depletion Income Statement": 10670000.0,
        "Depreciation And Amortization In Income Statement": 10670000.0,
        "Amortization": 10670000.0,
        "Amortization Of Intangibles Income Statement": 10670000.0,
        "Research And Development": 102025000.0,
        "Selling General And Administration": 197019000.0,
        "Selling And Marketing Expense": 137452000.0,
        "General And Administrative Expense": 59567000.0,
        "Other Gand A": 59567000.0,
        "Gross Profit": 430764000.0,
        "Cost Of Revenue": 115856000.0,
        "Total Revenue": 546620000.0,
        "Operating Revenue": 546620000.0
    },
    "2023-12-31": {
        "Tax Effect Of Unusual Items": 174900.0,
        "Tax Rate For Calcs": 0.22,
        "Normalized EBITDA": 155084000.0,
        "Total Unusual Items": 795000.0,
        "Total Unusual Items Excluding Goodwill": 795000.0,
        "Net Income From Continuing Operation Net Minority Interest": 66387000.0,
        "Reconciled Depreciation": 34946000.0,
        "Reconciled Cost Of Revenue": 85437000.0,
        "EBITDA": 155879000.0,
        "EBIT": 120933000.0,
        "Net Interest Income": -35334000.0,
        "Interest Expense": 35334000.0,
        "Normalized Income": 65766900.0,
        "Net Income From Continuing And Discontinued Operation": 66387000.0,
        "Total Expenses": 432296000.0,
        "Total Operating Income As Reported": 118713000.0,
        "Diluted Average Shares": 120250000.0,
        "Basic Average Shares": 119124000.0,
        "Diluted EPS": 0.55,
        "Basic EPS": 0.56,
        "Diluted NI Availto Com Stockholders": 66387000.0,
        "Net Income Common Stockholders": 66387000.0,
        "Net Income": 66387000.0,
        "Net Income Including Noncontrolling Interests": 66387000.0,
        "Net Income Continuous Operations": 66387000.0,
        "Tax Provision": 19212000.0,
        "Pretax Income": 85599000.0,
        "Other Income Expense": 3015000.0,
        "Other Non Operating Income Expenses": 2220000.0,
        "Special Income Charges": 795000.0,
        "Restructuring And Mergern Acquisition": -795000.0,
        "Net Non Operating Interest Income Expense": -35334000.0,
        "Interest Expense Non Operating": 35334000.0,
        "Operating Income": 117918000.0,
        "Operating Expense": 322276000.0,
        "Depreciation Amortization Depletion Income Statement": 10363000.0,
        "Depreciation And Amortization In Income Statement": 10363000.0,
        "Amortization": 10363000.0,
        "Amortization Of Intangibles Income Statement": 10363000.0,
        "Research And Development": 105783000.0,
        "Selling General And Administration": 206130000.0,
        "Selling And Marketing Expense": 136924000.0,
        "General And Administrative Expense": 69206000.0,
        "Other Gand A": 69206000.0,
        "Gross Profit": 440194000.0,
        "Cost Of Revenue": 110020000.0,
        "Total Revenue": 550214000.0,
        "Operating Revenue": 550214000.0
    },
    "2024-03-31": {
        "Tax Effect Of Unusual Items": 1503.310577,
        "Tax Rate For Calcs": 0.214759,
        "Normalized EBITDA": 211981000.0,
        "Total Unusual Items": 7000.0,
        "Total Unusual Items Excluding Goodwill": 7000.0,
        "Net Income From Continuing Operation Net Minority Interest": 114445000.0,
        "Reconciled Depreciation": 34657000.0,
        "Reconciled Cost Of Revenue": 85822000.0,
        "EBITDA": 211988000.0,
        "EBIT": 177331000.0,
        "Net Interest Income": -31586000.0,
        "Interest Expense": 31586000.0,
        "Normalized Income": 114439503.310577,
        "Net Income From Continuing And Discontinued Operation": 114445000.0,
        "Total Expenses": 423524000.0,
        "Total Operating Income As Reported": 179555000.0,
        "Diluted Average Shares": 120712000.0,
        "Basic Average Shares": 119587000.0,
        "Diluted EPS": 0.95,
        "Basic EPS": 0.96,
        "Diluted NI Availto Com Stockholders": 114445000.0,
        "Net Income Common Stockholders": 114445000.0,
        "Net Income": 114445000.0,
        "Net Income Including Noncontrolling Interests": 114445000.0,
        "Net Income Continuous Operations": 114445000.0,
        "Tax Provision": 31300000.0,
        "Pretax Income": 145745000.0,
        "Other Income Expense": -2217000.0,
        "Other Non Operating Income Expenses": -2224000.0,
        "Special Income Charges": 7000.0,
        "Restructuring And Mergern Acquisition": -7000.0,
        "Net Non Operating Interest Income Expense": -31586000.0,
        "Interest Expense Non Operating": 31586000.0,
        "Operating Income": 179548000.0,
        "Operating Expense": 313469000.0,
        "Depreciation Amortization Depletion Income Statement": 10424000.0,
        "Depreciation And Amortization In Income Statement": 10424000.0,
        "Amortization": 10424000.0,
        "Amortization Of Intangibles Income Statement": 10424000.0,
        "Research And Development": 106998000.0,
        "Selling General And Administration": 196047000.0,
        "Selling And Marketing Expense": 134521000.0,
        "General And Administrative Expense": 61526000.0,
        "Other Gand A": 61526000.0,
        "Gross Profit": 493017000.0,
        "Cost Of Revenue": 110055000.0,
        "Total Revenue": 603072000.0,
        "Operating Revenue": 603072000.0
    }
}