{
    "2023-03-31": {
        "Tax Effect Of Unusual Items": -504000.0,
        "Tax Rate For Calcs": 0.21,
        "Normalized EBITDA": -62434000.0,
        "Total Unusual Items": -2400000.0,
        "Total Unusual Items Excluding Goodwill": -2400000.0,
        "Net Income From Continuing Operation Net Minority Interest": -138959000.0,
        "Reconciled Depreciation": 42825000.0,
        "Reconciled Cost Of Revenue": 10734000.0,
        "EBITDA": -64834000.0,
        "EBIT": -107659000.0,
        "Net Interest Income": -27331000.0,
        "Interest Expense": 27331000.0,
        "Normalized Income": -137063000.0,
        "Net Income From Continuing And Discontinued Operation": -138959000.0,
        "Total Expenses": 335597000.0,
        "Total Operating Income As Reported": -117615000.0,
        "Diluted Average Shares": 73729284.0,
        "Basic Average Shares": 73729284.0,
        "Diluted EPS": -1.88,
        "Basic EPS": -1.88,
        "Diluted NI Availto Com Stockholders": -138959000.0,
        "Net Income Common Stockholders": -138959000.0,
        "Net Income": -138959000.0,
        "Net Income Including Noncontrolling Interests": -138959000.0,
        "Net Income Continuous Operations": -138959000.0,
        "Tax Provision": 3969000.0,
        "Pretax Income": -134990000.0,
        "Other Income Expense": 7556000.0,
        "Other Non Operating Income Expenses": 9956000.0,
        "Special Income Charges": -2400000.0,
        "Impairment Of Capital Assets": NaN,
        "Restructuring And Mergern Acquisition": 2400000.0,
        "Net Non Operating Interest Income Expense": -27331000.0,
        "Interest Expense Non Operating": 27331000.0,
        "Operating Income": -115215000.0,
        "Operating Expense": 321453000.0,
        "Depreciation Amortization Depletion Income Statement": 39415000.0,
        "Depreciation And Amortization In Income Statement": 39415000.0,
        "Amortization": 39415000.0,
        "Amortization Of Intangibles Income Statement": 39415000.0,
        "Research And Development": 195124000.0,
        "Selling General And Administration": 86914000.0,
        "General And Administrative Expense": NaN,
        "Other Gand A": NaN,
        "Salaries And Wages": NaN,
        "Gross Profit": 206238000.0,
        "Cost Of Revenue": 14144000.0,
        "Total Revenue": 220382000.0,
        "Operating Revenue": 220382000.0
    },
    "2022-12-31": {
        "Tax Effect Of Unusual Items": NaN,
        "Tax Rate For Calcs": NaN,
        "Normalized EBITDA": NaN,
        "Total Unusual Items": NaN,
        "Total Unusual Items Excluding Goodwill": NaN,
        "Net Income From Continuing Operation Net Minority Interest": NaN,
        "Reconciled Depreciation": NaN,
        "Reconciled Cost Of Revenue": NaN,
        "EBITDA": NaN,
        "EBIT": NaN,
        "Net Interest Income": NaN,
        "Interest Expense": NaN,
        "Normalized Income": NaN,
        "Net Income From Continuing And Discontinued Operation": NaN,
        "Total Expenses": NaN,
        "Total Operating Income As Reported": NaN,
        "Diluted Average Shares": 72656790.0,
        "Basic Average Shares": 72656790.0,
        "Diluted EPS": -2.35,
        "Basic EPS": -2.35,
        "Diluted NI Availto Com Stockholders": NaN,
        "Net Income Common Stockholders": NaN,
        "Net Income": NaN,
        "Net Income Including Noncontrolling Interests": NaN,
        "Net Income Continuous Operations": NaN,
        "Tax Provision": NaN,
        "Pretax Income": NaN,
        "Other Income Expense": NaN,
        "Other Non Operating Income Expenses": NaN,
        "Special Income Charges": NaN,
        "Impairment Of Capital Assets": NaN,
        "Restructuring And Mergern Acquisition": NaN,
        "Net Non Operating Interest Income Expense": NaN,
        "Interest Expense Non Operating": NaN,
        "Operating Income": NaN,
        "Operating Expense": NaN,
        "Depreciation Amortization Depletion Income Statement": NaN,
        "Depreciation And Amortization In Income Statement": NaN,
        "Amortization": NaN,
        "Amortization Of Intangibles Income Statement": NaN,
        "Research And Development": NaN,
        "Selling General And Administration": NaN,
        "General And Administrative Expense": NaN,
        "Other Gand A": NaN,
        "Salaries And Wages": NaN,
        "Gross Profit": NaN,
        "Cost Of Revenue": NaN,
        "Total Revenue": NaN,
        "Operating Revenue": NaN
    },
    "2022-09-30": {
        "Tax Effect Of Unusual Items": NaN,
        "Tax Rate For Calcs": NaN,
        "Normalized EBITDA": NaN,
        "Total Unusual Items": NaN,
        "Total Unusual Items Excluding Goodwill": NaN,
        "Net Income From Continuing Operation Net Minority Interest": NaN,
        "Reconciled Depreciation": NaN,
        "Reconciled Cost Of Revenue": NaN,
        "EBITDA": NaN,
        "EBIT": NaN,
        "Net Interest Income": NaN,
        "Interest Expense": NaN,
        "Normalized Income": NaN,
        "Net Income From Continuing And Discontinued Operation": NaN,
        "Total Expenses": NaN,
        "Total Operating Income As Reported": NaN,
        "Diluted Average Shares": NaN,
        "Basic Average Shares": NaN,
        "Diluted EPS": NaN,
        "Basic EPS": NaN,
        "Diluted NI Availto Com Stockholders": NaN,
        "Net Income Common Stockholders": NaN,
        "Net Income": NaN,
        "Net Income Including Noncontrolling Interests": NaN,
        "Net Income Continuous Operations": NaN,
        "Tax Provision": NaN,
        "Pretax Income": NaN,
        "Other Income Expense": NaN,
        "Other Non Operating Income Expenses": NaN,
        "Special Income Charges": NaN,
        "Impairment Of Capital Assets": 0.0,
        "Restructuring And Mergern Acquisition": NaN,
        "Net Non Operating Interest Income Expense": NaN,
        "Interest Expense Non Operating": NaN,
        "Operating Income": NaN,
        "Operating Expense": NaN,
        "Depreciation Amortization Depletion Income Statement": NaN,
        "Depreciation And Amortization In Income Statement": NaN,
        "Amortization": NaN,
        "Amortization Of Intangibles Income Statement": NaN,
        "Research And Development": NaN,
        "Selling General And Administration": NaN,
        "General And Administrative Expense": 80118000.0,
        "Other Gand A": 66511000.0,
        "Salaries And Wages": 13607000.0,
        "Gross Profit": NaN,
        "Cost Of Revenue": NaN,
        "Total Revenue": NaN,
        "Operating Revenue": NaN
    },
    "2022-06-30": {
        "Tax Effect Of Unusual Items": 6080000.0,
        "Tax Rate For Calcs": 0.4,
        "Normalized EBITDA": -112739000.0,
        "Total Unusual Items": 15200000.0,
        "Total Unusual Items Excluding Goodwill": 15200000.0,
        "Net Income From Continuing Operation Net Minority Interest": -152087000.0,
        "Reconciled Depreciation": 29180000.0,
        "Reconciled Cost Of Revenue": 6753000.0,
        "EBITDA": -97539000.0,
        "EBIT": -126719000.0,
        "Net Interest Income": -21976000.0,
        "Interest Expense": 21976000.0,
        "Normalized Income": -161207000.0,
        "Net Income From Continuing And Discontinued Operation": -152087000.0,
        "Total Expenses": 273088000.0,
        "Total Operating Income As Reported": -92362000.0,
        "Diluted Average Shares": 71372940.0,
        "Basic Average Shares": 71372940.0,
        "Diluted EPS": -2.13,
        "Basic EPS": -2.13,
        "Diluted NI Availto Com Stockholders": -152087000.0,
        "Net Income Common Stockholders": -152087000.0,
        "Net Income": -152087000.0,
        "Net Income Including Noncontrolling Interests": -152087000.0,
        "Net Income Continuous Operations": -152087000.0,
        "Tax Provision": 3392000.0,
        "Pretax Income": -148695000.0,
        "Other Income Expense": -19157000.0,
        "Other Non Operating Income Expenses": -34357000.0,
        "Special Income Charges": 15200000.0,
        "Impairment Of Capital Assets": NaN,
        "Restructuring And Mergern Acquisition": -15200000.0,
        "Net Non Operating Interest Income Expense": -21976000.0,
        "Interest Expense Non Operating": 21976000.0,
        "Operating Income": -107562000.0,
        "Operating Expense": 263449000.0,
        "Depreciation Amortization Depletion Income Statement": 26294000.0,
        "Depreciation And Amortization In Income Statement": 26294000.0,
        "Amortization": 26294000.0,
        "Amortization Of Intangibles Income Statement": 26294000.0,
        "Research And Development": 157263000.0,
        "Selling General And Administration": 79892000.0,
        "Gross Profit": 155887000.0,
        "Cost Of Revenue": 9639000.0,
        "Total Revenue": 165526000.0,
        "Operating Revenue": 165526000.0
    },
    "2023-06-30": {
        "Tax Effect Of Unusual Items": -14448369.750588,
        "Tax Rate For Calcs": 0.162524,
        "Normalized EBITDA": -68159000.0,
        "Total Unusual Items": -88900000.0,
        "Total Unusual Items Excluding Goodwill": -88900000.0,
        "Net Income From Continuing Operation Net Minority Interest": -198883000.0,
        "Reconciled Depreciation": 51005000.0,
        "Reconciled Cost Of Revenue": 9123000.0,
        "EBITDA": -157059000.0,
        "EBIT": -208064000.0,
        "Net Interest Income": -29415000.0,
        "Interest Expense": 29415000.0,
        "Normalized Income": -124431369.750588,
        "Net Income From Continuing And Discontinued Operation": -198883000.0,
        "Total Expenses": 334451000.0,
        "Total Operating Income As Reported": -209543000.0,
        "Diluted Average Shares": 74730433.0,
        "Basic Average Shares": 74730433.0,
        "Diluted EPS": -2.66,
        "Basic EPS": -2.66,
        "Diluted NI Availto Com Stockholders": -198883000.0,
        "Net Income Common Stockholders": -198883000.0,
        "Net Income": -198883000.0,
        "Net Income Including Noncontrolling Interests": -198883000.0,
        "Net Income Continuous Operations": -198883000.0,
        "Tax Provision": -38596000.0,
        "Pretax Income": -237479000.0,
        "Other Income Expense": -87421000.0,
        "Other Non Operating Income Expenses": 1479000.0,
        "Special Income Charges": -88900000.0,
        "Impairment Of Capital Assets": 217800000.0,
        "Restructuring And Mergern Acquisition": -128900000.0,
        "Net Non Operating Interest Income Expense": -29415000.0,
        "Interest Expense Non Operating": 29415000.0,
        "Operating Income": -120643000.0,
        "Operating Expense": 321720000.0,
        "Depreciation Amortization Depletion Income Statement": 47397000.0,
        "Depreciation And Amortization In Income Statement": 47397000.0,
        "Amortization": 47397000.0,
        "Amortization Of Intangibles Income Statement": 47397000.0,
        "Research And Development": 185874000.0,
        "Selling General And Administration": 88449000.0,
        "General And Administrative Expense": NaN,
        "Other Gand A": NaN,
        "Salaries And Wages": NaN,
        "Gross Profit": 201077000.0,
        "Cost Of Revenue": 12731000.0,
        "Total Revenue": 213808000.0,
        "Operating Revenue": 213808000.0
    },
    "2022-03-31": {
        "Diluted EPS": -1.78,
        "Total Revenue": 149,
        "Gross Profit": 139,
        "Operating Income": -87,
        "EBIT": -59,
        "Net Income": -127
    },
    "2021-12-31": {
        "Diluted EPS": -2.03,
        "Total Revenue": 165,
        "Gross Profit": 156,
        "Operating Income": -85,
        "EBIT": -64,
        "Net Income": -143
    },
    "2021-09-30": {
        "Diluted EPS": -1.89,
        "Total Revenue": 139,
        "Gross Profit": 132,
        "Operating Income": -93,
        "EBIT": -74,
        "Net Income": -134
    },
    "2021-06-30": {
        "Diluted EPS": -1.68,
        "Total Revenue": 117,
        "Gross Profit": 109,
        "Operating Income": -98,
        "EBIT": -82,
        "Net Income": -118
    },
    "2021-03-31": {
        "Diluted EPS": -1.83,
        "Total Revenue": 118,
        "Gross Profit": 109,
        "Operating Income": -98,
        "EBIT": -83,
        "Net Income": -129
    },
    "2020-12-31": {
        "Diluted EPS": -1.02,
        "Total Revenue": 119,
        "Gross Profit": 114,
        "Operating Income": -96,
        "EBIT": -83,
        "Net Income": -74
    },
    "2020-09-30": {
        "Diluted EPS": -1.03,
        "Total Revenue": 118,
        "Gross Profit": 114,
        "Operating Income": -55,
        "EBIT": -43,
        "Net Income": -70
    },
    "2020-06-30": {
        "Diluted EPS": -2.78,
        "Total Revenue": 75,
        "Gross Profit": 70,
        "Operating Income": -187,
        "EBIT": -136,
        "Net Income": -181
    },
    "2020-03-31": {
        "Diluted EPS": -1.81,
        "Total Revenue": 68,
        "Gross Profit": 64,
        "Operating Income": -93,
        "EBIT": -84,
        "Net Income": -113
    },
    "2019-12-31": {
        "Diluted EPS": -1.17,
        "Total Revenue": 96,
        "Gross Profit": 93,
        "Operating Income": -73,
        "EBIT": -64,
        "Net Income": -78
    },
    "2019-09-30": {
        "Diluted EPS": -1.06,
        "Total Revenue": 71,
        "Gross Profit": 68,
        "Operating Income": -60,
        "EBIT": -53,
        "Net Income": -60
    },
    "2019-06-30": {
        "Diluted EPS": -0.75,
        "Total Revenue": 86,
        "Gross Profit": 82,
        "Operating Income": -39,
        "EBIT": -32,
        "Net Income": -42
    },
    "2019-03-31": {
        "Diluted EPS": -1.29,
        "Total Revenue": 54,
        "Gross Profit": 51,
        "Operating Income": -69,
        "EBIT": -62,
        "Net Income": -72
    },
    "2018-12-31": {
        "Diluted EPS": -1.02,
        "Total Revenue": 86,
        "Gross Profit": 83,
        "Operating Income": -45,
        "EBIT": -38,
        "Net Income": -48
    },
    "2018-09-30": {
        "Diluted EPS": -1.06,
        "Total Revenue": 54,
        "Gross Profit": 50,
        "Operating Income": -48,
        "EBIT": -41,
        "Net Income": -51
    },
    "2018-06-30": {
        "Diluted EPS": -0.21,
        "Total Revenue": 69,
        "Gross Profit": 66,
        "Operating Income": -6,
        "EBIT": 1,
        "Net Income": -10
    },
    "2018-03-31": {
        "Diluted EPS": -0.46,
        "Total Revenue": 56,
        "Gross Profit": 53,
        "Operating Income": -17,
        "EBIT": -11,
        "Net Income": -19
    },
    "2017-12-31": {
        "Diluted EPS": 0.09,
        "Total Revenue": 78,
        "Gross Profit": 76,
        "Operating Income": 5,
        "EBIT": 12,
        "Net Income": 1
    },
    "2017-09-30": {
        "Diluted EPS": -0.82,
        "Total Revenue": 42,
        "Gross Profit": 40,
        "Operating Income": -31,
        "EBIT": -20,
        "Net Income": -34
    },
    "2017-06-30": {
        "Diluted EPS": -0.44,
        "Total Revenue": 48,
        "Gross Profit": 47,
        "Operating Income": -12,
        "EBIT": -11,
        "Net Income": -17
    },
    "2017-03-31": {
        "Diluted EPS": -0.85,
        "Total Revenue": 27,
        "Gross Profit": 27,
        "Operating Income": -26,
        "EBIT": -25,
        "Net Income": -29
    },
    "2016-12-31": {
        "Diluted EPS": -0.78,
        "Total Revenue": 25,
        "Gross Profit": 25,
        "Operating Income": -25,
        "EBIT": -24,
        "Net Income": -27
    },
    "2016-09-30": {
        "Diluted EPS": -1.03,
        "Total Revenue": 23,
        "Gross Profit": 23,
        "Operating Income": -32,
        "EBIT": -31,
        "Net Income": -35
    },
    "2016-06-30": {
        "Diluted EPS": -1.14,
        "Total Revenue": 16,
        "Gross Profit": 16,
        "Operating Income": -37,
        "EBIT": -35,
        "Net Income": -39
    },
    "2016-03-31": {
        "Diluted EPS": -1.22,
        "Total Revenue": 19,
        "Gross Profit": 19,
        "Operating Income": -38,
        "EBIT": -37,
        "Net Income": -41
    },
    "2015-12-31": {
        "Diluted EPS": -1.51,
        "Total Revenue": 13,
        "Gross Profit": 13,
        "Operating Income": -48,
        "EBIT": -46,
        "Net Income": -51
    },
    "2015-09-30": {
        "Diluted EPS": -1.27,
        "Total Revenue": 10,
        "Gross Profit": 10,
        "Operating Income": -42,
        "EBIT": -41,
        "Net Income": -43
    },
    "2015-06-30": {
        "Diluted EPS": -1.14,
        "Total Revenue": 7,
        "Gross Profit": 7,
        "Operating Income": -39,
        "EBIT": -38,
        "Net Income": -38
    },
    "2015-03-31": {
        "Diluted EPS": -1.15,
        "Total Revenue": 7,
        "Gross Profit": 7,
        "Operating Income": -38,
        "EBIT": -37,
        "Net Income": -38
    },
    "2014-12-31": {
        "Diluted EPS": -0.6,
        "Total Revenue": 13,
        "Gross Profit": 13,
        "Operating Income": -32,
        "EBIT": -31,
        "Net Income": -27
    },
    "2014-09-30": {
        "Diluted EPS": -0.93,
        "Total Revenue": 2,
        "Gross Profit": 2,
        "Operating Income": -28,
        "EBIT": -27,
        "Net Income": -27
    },
    "2014-06-30": {
        "Diluted EPS": -0.86,
        "Total Revenue": 2,
        "Gross Profit": 2,
        "Operating Income": -25,
        "EBIT": -24,
        "Net Income": -25
    },
    "2014-03-31": {
        "Diluted EPS": -0.58,
        "Total Revenue": 9,
        "Gross Profit": 9,
        "Operating Income": -14,
        "EBIT": -13,
        "Net Income": -14
    },
    "2013-12-31": {
        "Diluted EPS": NaN,
        "Total Revenue": 4,
        "Gross Profit": 4,
        "Operating Income": -18,
        "EBIT": -18,
        "Net Income": -18
    },
    "2013-09-30": {
        "Diluted EPS": -0.19,
        "Total Revenue": 16,
        "Gross Profit": 16,
        "Operating Income": -4,
        "EBIT": -4,
        "Net Income": -4
    },
    "2013-06-30": {
        "Diluted EPS": -5.51,
        "Total Revenue": 7,
        "Gross Profit": 7,
        "Operating Income": -14,
        "EBIT": -14,
        "Net Income": -15
    },
    "2013-03-31": {
        "Diluted EPS": NaN,
        "Total Revenue": 7,
        "Gross Profit": 7,
        "Operating Income": -9,
        "EBIT": -8,
        "Net Income": -30
    },
    "2012-12-31": {
        "Diluted EPS": NaN,
        "Total Revenue": 7,
        "Gross Profit": 7,
        "Operating Income": -6,
        "EBIT": -5,
        "Net Income": -6
    },
    "2012-09-30": {
        "Diluted EPS": NaN,
        "Total Revenue": 7,
        "Gross Profit": 7,
        "Operating Income": -7,
        "EBIT": -6,
        "Net Income": -7
    },
    "2012-06-30": {
        "Diluted EPS": 48.29,
        "Total Revenue": 8,
        "Gross Profit": 8,
        "Operating Income": -7,
        "EBIT": -7,
        "Net Income": 154
    },
    "2012-03-31": {
        "Diluted EPS": NaN,
        "Total Revenue": 13,
        "Gross Profit": 13,
        "Operating Income": -6,
        "EBIT": -6,
        "Net Income": -7
    },
    "2011-12-31": {
        "Diluted EPS": 0.0,
        "Total Revenue": NaN,
        "Gross Profit": NaN,
        "Operating Income": NaN,
        "EBIT": NaN,
        "Net Income": NaN
    },
    "2023-09-30": {
        "Tax Effect Of Unusual Items": -302719.250855,
        "Tax Rate For Calcs": 0.201813,
        "Normalized EBITDA": -74875000.0,
        "Total Unusual Items": -1500000.0,
        "Total Unusual Items Excluding Goodwill": -1500000.0,
        "Net Income From Continuing Operation Net Minority Interest": -132970000.0,
        "Reconciled Depreciation": 62055000.0,
        "Reconciled Cost Of Revenue": 6087000.0,
        "EBITDA": -76375000.0,
        "EBIT": -138430000.0,
        "Net Interest Income": -28160000.0,
        "Interest Expense": 28160000.0,
        "Normalized Income": -131772719.250855,
        "Net Income From Continuing And Discontinued Operation": -132970000.0,
        "Total Expenses": 313240000.0,
        "Total Operating Income As Reported": -118164000.0,
        "Diluted Average Shares": 75377997.0,
        "Basic Average Shares": 75377997.0,
        "Diluted EPS": -1.76,
        "Basic EPS": -1.76,
        "Diluted NI Availto Com Stockholders": -132970000.0,
        "Net Income Common Stockholders": -132970000.0,
        "Net Income": -132970000.0,
        "Net Income Including Noncontrolling Interests": -132970000.0,
        "Net Income Continuous Operations": -132970000.0,
        "Tax Provision": -33620000.0,
        "Pretax Income": -166590000.0,
        "Other Income Expense": -21766000.0,
        "Other Non Operating Income Expenses": -20266000.0,
        "Special Income Charges": -1500000.0,
        "Impairment Of Capital Assets": 0.0,
        "Restructuring And Mergern Acquisition": 1500000.0,
        "Net Non Operating Interest Income Expense": -28160000.0,
        "Interest Expense Non Operating": 28160000.0,
        "Operating Income": -116664000.0,
        "Operating Expense": 303747000.0,
        "Depreciation Amortization Depletion Income Statement": 58649000.0,
        "Depreciation And Amortization In Income Statement": 58649000.0,
        "Amortization": 58649000.0,
        "Amortization Of Intangibles Income Statement": 58649000.0,
        "Research And Development": 164212000.0,
        "Selling General And Administration": 80886000.0,
        "General And Administrative Expense": 80886000.0,
        "Other Gand A": 67930000.0,
        "Salaries And Wages": 12956000.0,
        "Gross Profit": 187083000.0,
        "Cost Of Revenue": 9493000.0,
        "Total Revenue": 196576000.0,
        "Operating Revenue": 196576000.0
    },
    "2023-12-31": {
        "Tax Effect Of Unusual Items": -1081089.722447,
        "Tax Rate For Calcs": 0.008017,
        "Normalized EBITDA": 102787000.0,
        "Total Unusual Items": -134858000.0,
        "Total Unusual Items Excluding Goodwill": -134858000.0,
        "Net Income From Continuing Operation Net Minority Interest": -155792000.0,
        "Reconciled Depreciation": 80705000.0,
        "Reconciled Cost Of Revenue": 25587000.0,
        "EBITDA": -32071000.0,
        "EBIT": -112776000.0,
        "Net Interest Income": -44275000.0,
        "Interest Expense": 44275000.0,
        "Normalized Income": -22015089.722447,
        "Net Income From Continuing And Discontinued Operation": -155792000.0,
        "Total Expenses": 303936000.0,
        "Total Operating Income As Reported": 5820000.0,
        "Diluted Average Shares": NaN,
        "Basic Average Shares": NaN,
        "Diluted EPS": NaN,
        "Basic EPS": NaN,
        "Diluted NI Availto Com Stockholders": -155792000.0,
        "Net Income Common Stockholders": -155792000.0,
        "Net Income": -155792000.0,
        "Net Income Including Noncontrolling Interests": -155792000.0,
        "Net Income Continuous Operations": -155792000.0,
        "Tax Provision": -1259000.0,
        "Pretax Income": -157051000.0,
        "Other Income Expense": -115896000.0,
        "Other Non Operating Income Expenses": 18962000.0,
        "Special Income Charges": -134858000.0,
        "Impairment Of Capital Assets": 0.0,
        "Restructuring And Mergern Acquisition": -2700000.0,
        "Net Non Operating Interest Income Expense": -44275000.0,
        "Interest Expense Non Operating": 44275000.0,
        "Operating Income": 3120000.0,
        "Operating Expense": 274818000.0,
        "Depreciation Amortization Depletion Income Statement": 77174000.0,
        "Depreciation And Amortization In Income Statement": 77174000.0,
        "Amortization": 77174000.0,
        "Amortization Of Intangibles Income Statement": 77174000.0,
        "Research And Development": 121353000.0,
        "Selling General And Administration": 76291000.0,
        "General And Administrative Expense": NaN,
        "Other Gand A": NaN,
        "Salaries And Wages": NaN,
        "Gross Profit": 277938000.0,
        "Cost Of Revenue": 29118000.0,
        "Total Revenue": 307056000.0,
        "Operating Revenue": 307056000.0
    },
    "2024-03-31": {
        "Tax Effect Of Unusual Items": 40000.0,
        "Tax Rate For Calcs": 0.4,
        "Normalized EBITDA": 11433000.0,
        "Total Unusual Items": 100000.0,
        "Total Unusual Items Excluding Goodwill": 100000.0,
        "Net Income From Continuing Operation Net Minority Interest": -91576000.0,
        "Reconciled Depreciation": 55395000.0,
        "Reconciled Cost Of Revenue": 10875000.0,
        "EBITDA": 11533000.0,
        "EBIT": -43862000.0,
        "Net Interest Income": -40834000.0,
        "Interest Expense": 40834000.0,
        "Normalized Income": -91636000.0,
        "Net Income From Continuing And Discontinued Operation": -91576000.0,
        "Total Expenses": 255671000.0,
        "Total Operating Income As Reported": -45453000.0,
        "Diluted Average Shares": 76496127.0,
        "Basic Average Shares": 76496127.0,
        "Diluted EPS": -1.2,
        "Basic EPS": -1.2,
        "Diluted NI Availto Com Stockholders": -91576000.0,
        "Net Income Common Stockholders": -91576000.0,
        "Net Income": -91576000.0,
        "Net Income Including Noncontrolling Interests": -91576000.0,
        "Net Income Continuous Operations": -91576000.0,
        "Tax Provision": 6880000.0,
        "Pretax Income": -84696000.0,
        "Other Income Expense": 1691000.0,
        "Other Non Operating Income Expenses": 1591000.0,
        "Special Income Charges": 100000.0,
        "Impairment Of Capital Assets": NaN,
        "Restructuring And Mergern Acquisition": -100000.0,
        "Net Non Operating Interest Income Expense": -40834000.0,
        "Interest Expense Non Operating": 40834000.0,
        "Operating Income": -45553000.0,
        "Operating Expense": 240931000.0,
        "Depreciation Amortization Depletion Income Statement": 51530000.0,
        "Depreciation And Amortization In Income Statement": 51530000.0,
        "Amortization": 51530000.0,
        "Amortization Of Intangibles Income Statement": 51530000.0,
        "Research And Development": 116129000.0,
        "Selling General And Administration": 73272000.0,
        "General And Administrative Expense": NaN,
        "Other Gand A": NaN,
        "Salaries And Wages": NaN,
        "Gross Profit": 195378000.0,
        "Cost Of Revenue": 14740000.0,
        "Total Revenue": 210118000.0,
        "Operating Revenue": 210118000.0
    }
}