{
    "2023-06-30": {
        "Tax Effect Of Unusual Items": -1111600.0,
        "Tax Rate For Calcs": 0.14,
        "Normalized EBITDA": 242871000.0,
        "Total Unusual Items": -7940000.0,
        "Total Unusual Items Excluding Goodwill": -7940000.0,
        "Net Income From Continuing Operation Net Minority Interest": 84614000.0,
        "Reconciled Depreciation": 126814000.0,
        "Reconciled Cost Of Revenue": 614899000.0,
        "EBITDA": 234931000.0,
        "EBIT": 108117000.0,
        "Net Interest Income": -8526000.0,
        "Interest Expense": 9738000.0,
        "Interest Income": 1212000.0,
        "Normalized Income": 91442400.0,
        "Net Income From Continuing And Discontinued Operation": 84614000.0,
        "Total Expenses": 646363000.0,
        "Total Operating Income As Reported": 104582000.0,
        "Diluted Average Shares": 208984000.0,
        "Basic Average Shares": 207839000.0,
        "Diluted EPS": 0.4,
        "Basic EPS": 0.41,
        "Diluted NI Availto Com Stockholders": 84614000.0,
        "Net Income Common Stockholders": 84614000.0,
        "Net Income": 84614000.0,
        "Minority Interests": NaN,
        "Net Income Including Noncontrolling Interests": 84614000.0,
        "Net Income Continuous Operations": 84614000.0,
        "Tax Provision": 13765000.0,
        "Pretax Income": 98379000.0,
        "Other Income Expense": -5617000.0,
        "Other Non Operating Income Expenses": 2323000.0,
        "Special Income Charges": -7940000.0,
        "Write Off": NaN,
        "Restructuring And Mergern Acquisition": 7940000.0,
        "Net Non Operating Interest Income Expense": -8526000.0,
        "Interest Expense Non Operating": 9738000.0,
        "Interest Income Non Operating": 1212000.0,
        "Operating Income": 112522000.0,
        "Operating Expense": 31464000.0,
        "Other Operating Expenses": -1793000.0,
        "Selling General And Administration": 33257000.0,
        "Gross Profit": 143986000.0,
        "Cost Of Revenue": 614899000.0,
        "Total Revenue": 758885000.0,
        "Operating Revenue": 737757000.0
    },
    "2023-03-31": {
        "Tax Effect Of Unusual Items": 0.0,
        "Tax Rate For Calcs": 0.168,
        "Normalized EBITDA": 256869000.0,
        "Total Unusual Items": 0.0,
        "Total Unusual Items Excluding Goodwill": 0.0,
        "Net Income From Continuing Operation Net Minority Interest": 99678000.0,
        "Reconciled Depreciation": 128180000.0,
        "Reconciled Cost Of Revenue": 640839000.0,
        "EBITDA": 256869000.0,
        "EBIT": 128689000.0,
        "Net Interest Income": -7586000.0,
        "Interest Expense": 8826000.0,
        "Interest Income": 1240000.0,
        "Normalized Income": 99678000.0,
        "Net Income From Continuing And Discontinued Operation": 99678000.0,
        "Total Expenses": 665839000.0,
        "Total Operating Income As Reported": 125963000.0,
        "Diluted Average Shares": 215866000.0,
        "Basic Average Shares": 212089000.0,
        "Diluted EPS": 0.46,
        "Basic EPS": 0.47,
        "Diluted NI Availto Com Stockholders": 99678000.0,
        "Net Income Common Stockholders": 99678000.0,
        "Net Income": 99678000.0,
        "Minority Interests": 0.0,
        "Net Income Including Noncontrolling Interests": 99678000.0,
        "Net Income Continuous Operations": 99678000.0,
        "Tax Provision": 20185000.0,
        "Pretax Income": 119863000.0,
        "Other Income Expense": 1486000.0,
        "Other Non Operating Income Expenses": 1486000.0,
        "Special Income Charges": 0.0,
        "Write Off": 0.0,
        "Restructuring And Mergern Acquisition": 0.0,
        "Net Non Operating Interest Income Expense": -7586000.0,
        "Interest Expense Non Operating": 8826000.0,
        "Interest Income Non Operating": 1240000.0,
        "Operating Income": 125963000.0,
        "Operating Expense": 25000000.0,
        "Other Operating Expenses": -5566000.0,
        "Selling General And Administration": 30566000.0,
        "Gross Profit": 150963000.0,
        "Cost Of Revenue": 640839000.0,
        "Total Revenue": 791802000.0,
        "Operating Revenue": 770995000.0
    },
    "2022-12-31": {
        "Tax Effect Of Unusual Items": NaN,
        "Tax Rate For Calcs": NaN,
        "Normalized EBITDA": NaN,
        "Total Unusual Items": NaN,
        "Total Unusual Items Excluding Goodwill": NaN,
        "Net Income From Continuing Operation Net Minority Interest": NaN,
        "Reconciled Depreciation": NaN,
        "Reconciled Cost Of Revenue": NaN,
        "EBITDA": NaN,
        "EBIT": NaN,
        "Net Interest Income": NaN,
        "Interest Expense": NaN,
        "Interest Income": NaN,
        "Normalized Income": NaN,
        "Net Income From Continuing And Discontinued Operation": NaN,
        "Total Expenses": NaN,
        "Total Operating Income As Reported": NaN,
        "Diluted Average Shares": 219838000.0,
        "Basic Average Shares": 215475000.0,
        "Diluted EPS": 0.46,
        "Basic EPS": 0.46,
        "Diluted NI Availto Com Stockholders": NaN,
        "Net Income Common Stockholders": NaN,
        "Net Income": NaN,
        "Minority Interests": NaN,
        "Net Income Including Noncontrolling Interests": NaN,
        "Net Income Continuous Operations": NaN,
        "Tax Provision": NaN,
        "Pretax Income": NaN,
        "Other Income Expense": NaN,
        "Other Non Operating Income Expenses": NaN,
        "Special Income Charges": NaN,
        "Write Off": NaN,
        "Restructuring And Mergern Acquisition": NaN,
        "Net Non Operating Interest Income Expense": NaN,
        "Interest Expense Non Operating": NaN,
        "Interest Income Non Operating": NaN,
        "Operating Income": NaN,
        "Operating Expense": NaN,
        "Other Operating Expenses": NaN,
        "Selling General And Administration": NaN,
        "Gross Profit": NaN,
        "Cost Of Revenue": NaN,
        "Total Revenue": NaN,
        "Operating Revenue": NaN
    },
    "2022-09-30": {
        "Tax Effect Of Unusual Items": NaN,
        "Tax Rate For Calcs": NaN,
        "Normalized EBITDA": NaN,
        "Total Unusual Items": NaN,
        "Total Unusual Items Excluding Goodwill": NaN,
        "Net Income From Continuing Operation Net Minority Interest": NaN,
        "Reconciled Depreciation": NaN,
        "Reconciled Cost Of Revenue": NaN,
        "EBITDA": NaN,
        "EBIT": NaN,
        "Net Interest Income": NaN,
        "Interest Expense": NaN,
        "Interest Income": NaN,
        "Normalized Income": NaN,
        "Net Income From Continuing And Discontinued Operation": NaN,
        "Total Expenses": NaN,
        "Total Operating Income As Reported": NaN,
        "Diluted Average Shares": NaN,
        "Basic Average Shares": NaN,
        "Diluted EPS": NaN,
        "Basic EPS": NaN,
        "Diluted NI Availto Com Stockholders": NaN,
        "Net Income Common Stockholders": NaN,
        "Net Income": NaN,
        "Minority Interests": 0.0,
        "Net Income Including Noncontrolling Interests": NaN,
        "Net Income Continuous Operations": NaN,
        "Tax Provision": NaN,
        "Pretax Income": NaN,
        "Other Income Expense": NaN,
        "Other Non Operating Income Expenses": NaN,
        "Special Income Charges": NaN,
        "Write Off": NaN,
        "Restructuring And Mergern Acquisition": NaN,
        "Net Non Operating Interest Income Expense": NaN,
        "Interest Expense Non Operating": NaN,
        "Interest Income Non Operating": NaN,
        "Operating Income": NaN,
        "Operating Expense": NaN,
        "Other Operating Expenses": NaN,
        "Selling General And Administration": NaN,
        "Gross Profit": NaN,
        "Cost Of Revenue": NaN,
        "Total Revenue": NaN,
        "Operating Revenue": NaN
    },
    "2022-06-30": {
        "Tax Effect Of Unusual Items": -13688.836305,
        "Tax Rate For Calcs": 0.075213,
        "Normalized EBITDA": 34506000.0,
        "Total Unusual Items": -182000.0,
        "Total Unusual Items Excluding Goodwill": -182000.0,
        "Net Income From Continuing Operation Net Minority Interest": 21886000.0,
        "Reconciled Depreciation": 121553000.0,
        "Reconciled Cost Of Revenue": 568453000.0,
        "EBITDA": 34324000.0,
        "EBIT": 34324000.0,
        "Net Interest Income": -10644000.0,
        "Interest Expense": 10658000.0,
        "Interest Income": 14000.0,
        "Normalized Income": 22054311.163695,
        "Net Income From Continuing And Discontinued Operation": 21886000.0,
        "Total Expenses": 585294000.0,
        "Total Operating Income As Reported": 36762000.0,
        "Diluted Average Shares": 219676000.0,
        "Basic Average Shares": 216165000.0,
        "Diluted EPS": 0.1,
        "Basic EPS": 0.1,
        "Diluted NI Availto Com Stockholders": 21886000.0,
        "Net Income Common Stockholders": 21886000.0,
        "Net Income": 21886000.0,
        "Net Income Including Noncontrolling Interests": 21886000.0,
        "Net Income Discontinuous Operations": NaN,
        "Net Income Continuous Operations": 21886000.0,
        "Tax Provision": 1780000.0,
        "Pretax Income": 23666000.0,
        "Other Income Expense": -2634000.0,
        "Other Non Operating Income Expenses": -2452000.0,
        "Special Income Charges": -182000.0,
        "Write Off": NaN,
        "Restructuring And Mergern Acquisition": 182000.0,
        "Net Non Operating Interest Income Expense": -10644000.0,
        "Interest Expense Non Operating": 10658000.0,
        "Interest Income Non Operating": 14000.0,
        "Operating Income": 36944000.0,
        "Operating Expense": 16841000.0,
        "Other Operating Expenses": -9238000.0,
        "Selling General And Administration": 26079000.0,
        "Gross Profit": 53785000.0,
        "Cost Of Revenue": 568453000.0,
        "Total Revenue": 622238000.0,
        "Operating Revenue": 622238000.0
    },
    "2022-03-31": {
        "Diluted EPS": -0.13,
        "Total Revenue": 509,
        "Gross Profit": 126,
        "Operating Income": -19,
        "EBIT": 98,
        "Net Income": -29
    },
    "2021-12-31": {
        "Diluted EPS": -1.8,
        "Total Revenue": 466,
        "Gross Profit": 67,
        "Operating Income": -361,
        "EBIT": 51,
        "Net Income": -362
    },
    "2021-09-30": {
        "Diluted EPS": -0.44,
        "Total Revenue": 358,
        "Gross Profit": 83,
        "Operating Income": -90,
        "EBIT": 51,
        "Net Income": -83
    },
    "2021-06-30": {
        "Diluted EPS": -0.55,
        "Total Revenue": 292,
        "Gross Profit": 67,
        "Operating Income": -109,
        "EBIT": 35,
        "Net Income": -103
    },
    "2021-03-31": {
        "Diluted EPS": -0.57,
        "Total Revenue": 241,
        "Gross Profit": 58,
        "Operating Income": -118,
        "EBIT": 36,
        "Net Income": -106
    },
    "2020-12-31": {
        "Diluted EPS": -0.58,
        "Total Revenue": 221,
        "Gross Profit": 18,
        "Operating Income": -124,
        "EBIT": 30,
        "Net Income": -107
    },
    "2020-09-30": {
        "Diluted EPS": -0.6,
        "Total Revenue": 207,
        "Gross Profit": 75,
        "Operating Income": -115,
        "EBIT": 43,
        "Net Income": -112
    },
    "2020-06-30": {
        "Diluted EPS": -0.81,
        "Total Revenue": 250,
        "Gross Profit": 95,
        "Operating Income": -159,
        "EBIT": 14,
        "Net Income": -150
    },
    "2020-03-31": {
        "Diluted EPS": -2.28,
        "Total Revenue": 446,
        "Gross Profit": 135,
        "Operating Income": -494,
        "EBIT": 88,
        "Net Income": -435
    },
    "2019-12-31": {
        "Diluted EPS": -0.41,
        "Total Revenue": 492,
        "Gross Profit": 58,
        "Operating Income": -83,
        "EBIT": 98,
        "Net Income": -86
    },
    "2019-09-30": {
        "Diluted EPS": -1.31,
        "Total Revenue": 598,
        "Gross Profit": 177,
        "Operating Income": -307,
        "EBIT": 111,
        "Net Income": -262
    },
    "2019-06-30": {
        "Diluted EPS": -0.24,
        "Total Revenue": 676,
        "Gross Profit": 226,
        "Operating Income": -48,
        "EBIT": 161,
        "Net Income": -49
    },
    "2019-03-31": {
        "Diluted EPS": -0.14,
        "Total Revenue": 704,
        "Gross Profit": 237,
        "Operating Income": -23,
        "EBIT": 191,
        "Net Income": -29
    },
    "2018-12-31": {
        "Diluted EPS": -0.92,
        "Total Revenue": 796,
        "Gross Profit": 200,
        "Operating Income": -211,
        "EBIT": 213,
        "Net Income": -201
    },
    "2018-09-30": {
        "Diluted EPS": -0.34,
        "Total Revenue": 867,
        "Gross Profit": 254,
        "Operating Income": -80,
        "EBIT": 202,
        "Net Income": -75
    },
    "2018-06-30": {
        "Diluted EPS": -0.05,
        "Total Revenue": 854,
        "Gross Profit": 233,
        "Operating Income": -9,
        "EBIT": 204,
        "Net Income": -11
    },
    "2018-03-31": {
        "Diluted EPS": -0.16,
        "Total Revenue": 809,
        "Gross Profit": 238,
        "Operating Income": -22,
        "EBIT": 188,
        "Net Income": -34
    },
    "2017-12-31": {
        "Diluted EPS": 1.05,
        "Total Revenue": 787,
        "Gross Profit": 202,
        "Operating Income": -22,
        "EBIT": 190,
        "Net Income": 195
    },
    "2017-09-30": {
        "Diluted EPS": -0.16,
        "Total Revenue": 685,
        "Gross Profit": 208,
        "Operating Income": -38,
        "EBIT": 159,
        "Net Income": -34
    },
    "2017-06-30": {
        "Diluted EPS": -0.46,
        "Total Revenue": 579,
        "Gross Profit": 152,
        "Operating Income": -140,
        "EBIT": 79,
        "Net Income": -92
    },
    "2017-03-31": {
        "Diluted EPS": -0.4,
        "Total Revenue": 305,
        "Gross Profit": 78,
        "Operating Income": -93,
        "EBIT": 64,
        "Net Income": -64
    },
    "2016-12-31": {
        "Diluted EPS": -0.54,
        "Total Revenue": 247,
        "Gross Profit": 55,
        "Operating Income": -113,
        "EBIT": 44,
        "Net Income": -80
    },
    "2016-09-30": {
        "Diluted EPS": -0.58,
        "Total Revenue": 206,
        "Gross Profit": 53,
        "Operating Income": -123,
        "EBIT": 42,
        "Net Income": -84
    },
    "2016-06-30": {
        "Diluted EPS": -0.58,
        "Total Revenue": 194,
        "Gross Profit": 59,
        "Operating Income": -124,
        "EBIT": 47,
        "Net Income": -85
    },
    "2016-03-31": {
        "Diluted EPS": -0.48,
        "Total Revenue": 269,
        "Gross Profit": 100,
        "Operating Income": -95,
        "EBIT": 82,
        "Net Income": -70
    },
    "2015-12-31": {
        "Diluted EPS": -0.39,
        "Total Revenue": 339,
        "Gross Profit": 112,
        "Operating Income": -77,
        "EBIT": 99,
        "Net Income": -59
    },
    "2015-09-30": {
        "Diluted EPS": -1.54,
        "Total Revenue": 422,
        "Gross Profit": 144,
        "Operating Income": -330,
        "EBIT": 128,
        "Net Income": -226
    },
    "2015-06-30": {
        "Diluted EPS": -0.13,
        "Total Revenue": 473,
        "Gross Profit": 173,
        "Operating Income": -25,
        "EBIT": 158,
        "Net Income": -19
    },
    "2015-03-31": {
        "Diluted EPS": 0.06,
        "Total Revenue": 658,
        "Gross Profit": 229,
        "Operating Income": 24,
        "EBIT": 200,
        "Net Income": 9
    },
    "2014-12-31": {
        "Diluted EPS": 0.39,
        "Total Revenue": 901,
        "Gross Profit": 302,
        "Operating Income": 107,
        "EBIT": 288,
        "Net Income": 57
    },
    "2014-09-30": {
        "Diluted EPS": 0.11,
        "Total Revenue": 846,
        "Gross Profit": 283,
        "Operating Income": 30,
        "EBIT": 268,
        "Net Income": 16
    },
    "2014-06-30": {
        "Diluted EPS": 0.37,
        "Total Revenue": 757,
        "Gross Profit": 257,
        "Operating Income": 87,
        "EBIT": 241,
        "Net Income": 54
    },
    "2014-03-31": {
        "Diluted EPS": 0.24,
        "Total Revenue": 678,
        "Gross Profit": 224,
        "Operating Income": 59,
        "EBIT": 206,
        "Net Income": 34
    },
    "2013-12-31": {
        "Diluted EPS": 0.11,
        "Total Revenue": 659,
        "Gross Profit": 233,
        "Operating Income": 32,
        "EBIT": 215,
        "Net Income": 16
    },
    "2013-09-30": {
        "Diluted EPS": 0.51,
        "Total Revenue": 731,
        "Gross Profit": 283,
        "Operating Income": 125,
        "EBIT": 265,
        "Net Income": 74
    },
    "2013-06-30": {
        "Diluted EPS": 0.28,
        "Total Revenue": 659,
        "Gross Profit": 225,
        "Operating Income": 71,
        "EBIT": 208,
        "Net Income": 40
    },
    "2013-03-31": {
        "Diluted EPS": 0.38,
        "Total Revenue": 667,
        "Gross Profit": 249,
        "Operating Income": 95,
        "EBIT": 231,
        "Net Income": 56
    },
    "2012-12-31": {
        "Diluted EPS": 0.41,
        "Total Revenue": 653,
        "Gross Profit": 248,
        "Operating Income": 100,
        "EBIT": 233,
        "Net Income": 58
    },
    "2012-09-30": {
        "Diluted EPS": 0.33,
        "Total Revenue": 644,
        "Gross Profit": 246,
        "Operating Income": 89,
        "EBIT": 231,
        "Net Income": 50
    },
    "2012-06-30": {
        "Diluted EPS": 0.6,
        "Total Revenue": 681,
        "Gross Profit": 268,
        "Operating Income": 151,
        "EBIT": 279,
        "Net Income": 92
    },
    "2012-03-31": {
        "Diluted EPS": 0.62,
        "Total Revenue": 746,
        "Gross Profit": 294,
        "Operating Income": 158,
        "EBIT": 281,
        "Net Income": 97
    },
    "2011-12-31": {
        "Diluted EPS": 0.55,
        "Total Revenue": 725,
        "Gross Profit": 286,
        "Operating Income": 144,
        "EBIT": 272,
        "Net Income": 88
    },
    "2011-09-30": {
        "Diluted EPS": 0.53,
        "Total Revenue": 674,
        "Gross Profit": 258,
        "Operating Income": 132,
        "EBIT": 243,
        "Net Income": 82
    },
    "2011-06-30": {
        "Diluted EPS": 0.52,
        "Total Revenue": 600,
        "Gross Profit": 250,
        "Operating Income": 132,
        "EBIT": 235,
        "Net Income": 82
    },
    "2011-03-31": {
        "Diluted EPS": 0.46,
        "Total Revenue": 567,
        "Gross Profit": 228,
        "Operating Income": 118,
        "EBIT": 214,
        "Net Income": 71
    },
    "2010-12-31": {
        "Diluted EPS": 0.35,
        "Total Revenue": 506,
        "Gross Profit": 205,
        "Operating Income": 95,
        "EBIT": 188,
        "Net Income": 54
    },
    "2010-09-30": {
        "Diluted EPS": 0.19,
        "Total Revenue": 379,
        "Gross Profit": 151,
        "Operating Income": 53,
        "EBIT": 138,
        "Net Income": 29
    },
    "2010-06-30": {
        "Diluted EPS": 0.19,
        "Total Revenue": 307,
        "Gross Profit": 114,
        "Operating Income": 46,
        "EBIT": 125,
        "Net Income": 30
    },
    "2010-03-31": {
        "Diluted EPS": 0.03,
        "Total Revenue": 272,
        "Gross Profit": 95,
        "Operating Income": 8,
        "EBIT": 84,
        "Net Income": 4
    },
    "2009-12-31": {
        "Diluted EPS": -0.12,
        "Total Revenue": 214,
        "Gross Profit": 72,
        "Operating Income": -23,
        "EBIT": 59,
        "Net Income": -18
    },
    "2009-09-30": {
        "Diluted EPS": -0.12,
        "Total Revenue": 160,
        "Gross Profit": 56,
        "Operating Income": -25,
        "EBIT": 45,
        "Net Income": -19
    },
    "2009-06-30": {
        "Diluted EPS": -0.12,
        "Total Revenue": 140,
        "Gross Profit": 56,
        "Operating Income": -26,
        "EBIT": 42,
        "Net Income": -18
    },
    "2009-03-31": {
        "Diluted EPS": 0.11,
        "Total Revenue": 268,
        "Gross Profit": 109,
        "Operating Income": 25,
        "EBIT": 95,
        "Net Income": 16
    },
    "2023-09-30": {
        "Tax Effect Of Unusual Items": -14739480.0,
        "Tax Rate For Calcs": 0.21,
        "Normalized EBITDA": 279040000.0,
        "Total Unusual Items": -70188000.0,
        "Total Unusual Items Excluding Goodwill": -70188000.0,
        "Net Income From Continuing Operation Net Minority Interest": 50000.0,
        "Reconciled Depreciation": 197635000.0,
        "Reconciled Cost Of Revenue": 889093000.0,
        "EBITDA": 208852000.0,
        "EBIT": 11217000.0,
        "Net Interest Income": -13494000.0,
        "Interest Expense": 15625000.0,
        "Interest Income": 2131000.0,
        "Normalized Income": 55498520.0,
        "Net Income From Continuing And Discontinued Operation": 50000.0,
        "Total Expenses": 931560000.0,
        "Total Operating Income As Reported": 9704000.0,
        "Diluted Average Shares": 281984000.0,
        "Basic Average Shares": 280218000.0,
        "Diluted EPS": 0.000177,
        "Basic EPS": 0.000178,
        "Diluted NI Availto Com Stockholders": 50000.0,
        "Net Income Common Stockholders": 50000.0,
        "Net Income": 50000.0,
        "Minority Interests": 328000.0,
        "Net Income Including Noncontrolling Interests": -278000.0,
        "Net Income Continuous Operations": -278000.0,
        "Tax Provision": -4130000.0,
        "Pretax Income": -4408000.0,
        "Other Income Expense": -70806000.0,
        "Other Non Operating Income Expenses": -618000.0,
        "Special Income Charges": -70188000.0,
        "Write Off": NaN,
        "Restructuring And Mergern Acquisition": 70188000.0,
        "Net Non Operating Interest Income Expense": -13494000.0,
        "Interest Expense Non Operating": 15625000.0,
        "Interest Income Non Operating": 2131000.0,
        "Operating Income": 79892000.0,
        "Operating Expense": 42467000.0,
        "Other Operating Expenses": -2635000.0,
        "Selling General And Administration": 45102000.0,
        "Gross Profit": 122359000.0,
        "Cost Of Revenue": 889093000.0,
        "Total Revenue": 1011452000.0,
        "Operating Revenue": 994919000.0
    },
    "2023-12-31": {
        "Tax Effect Of Unusual Items": -6984278.031521,
        "Tax Rate For Calcs": 0.335928,
        "Normalized EBITDA": 411529000.0,
        "Total Unusual Items": -20791000.0,
        "Total Unusual Items Excluding Goodwill": -20791000.0,
        "Net Income From Continuing Operation Net Minority Interest": 61950000.0,
        "Reconciled Depreciation": 278787000.0,
        "Reconciled Cost Of Revenue": 1397904000.0,
        "EBITDA": 390738000.0,
        "EBIT": 111951000.0,
        "Net Interest Income": -17142000.0,
        "Interest Expense": 18681000.0,
        "Interest Income": 1539000.0,
        "Normalized Income": 75756721.968479,
        "Net Income From Continuing And Discontinued Operation": 61950000.0,
        "Total Expenses": 1451821000.0,
        "Total Operating Income As Reported": 111705000.0,
        "Diluted Average Shares": NaN,
        "Basic Average Shares": NaN,
        "Diluted EPS": NaN,
        "Basic EPS": NaN,
        "Diluted NI Availto Com Stockholders": 61950000.0,
        "Net Income Common Stockholders": 61950000.0,
        "Net Income": 61950000.0,
        "Minority Interests": 12000.0,
        "Net Income Including Noncontrolling Interests": 61938000.0,
        "Net Income Continuous Operations": 61938000.0,
        "Tax Provision": 31332000.0,
        "Pretax Income": 93270000.0,
        "Other Income Expense": -22084000.0,
        "Other Non Operating Income Expenses": -1293000.0,
        "Special Income Charges": -20791000.0,
        "Write Off": NaN,
        "Restructuring And Mergern Acquisition": 19949000.0,
        "Net Non Operating Interest Income Expense": -17142000.0,
        "Interest Expense Non Operating": 18681000.0,
        "Interest Income Non Operating": 1539000.0,
        "Operating Income": 132496000.0,
        "Operating Expense": 53917000.0,
        "Other Operating Expenses": -7120000.0,
        "Selling General And Administration": 61037000.0,
        "Gross Profit": 186413000.0,
        "Cost Of Revenue": 1397904000.0,
        "Total Revenue": 1584317000.0,
        "Operating Revenue": 1566064000.0
    },
    "2024-03-31": {
        "Tax Effect Of Unusual Items": -4872456.0,
        "Tax Rate For Calcs": 0.279,
        "Normalized EBITDA": 382458000.0,
        "Total Unusual Items": -17464000.0,
        "Total Unusual Items Excluding Goodwill": -17464000.0,
        "Net Income From Continuing Operation Net Minority Interest": 51235000.0,
        "Reconciled Depreciation": 274956000.0,
        "Reconciled Cost Of Revenue": 1352095000.0,
        "EBITDA": 364994000.0,
        "EBIT": 90038000.0,
        "Net Interest Income": -16146000.0,
        "Interest Expense": 18335000.0,
        "Interest Income": 2189000.0,
        "Normalized Income": 63826544.0,
        "Net Income From Continuing And Discontinued Operation": 51235000.0,
        "Total Expenses": 1405897000.0,
        "Total Operating Income As Reported": 86999000.0,
        "Diluted Average Shares": 409819000.0,
        "Basic Average Shares": 408182000.0,
        "Diluted EPS": 0.13,
        "Basic EPS": 0.13,
        "Diluted NI Availto Com Stockholders": 51235000.0,
        "Net Income Common Stockholders": 51235000.0,
        "Net Income": 51235000.0,
        "Minority Interests": -471000.0,
        "Net Income Including Noncontrolling Interests": 51706000.0,
        "Net Income Continuous Operations": 51706000.0,
        "Tax Provision": 19997000.0,
        "Pretax Income": 71703000.0,
        "Other Income Expense": -16614000.0,
        "Other Non Operating Income Expenses": 850000.0,
        "Special Income Charges": -17464000.0,
        "Write Off": 5231000.0,
        "Restructuring And Mergern Acquisition": 12233000.0,
        "Net Non Operating Interest Income Expense": -16146000.0,
        "Interest Expense Non Operating": 18335000.0,
        "Interest Income Non Operating": 2189000.0,
        "Operating Income": 104463000.0,
        "Operating Expense": 53802000.0,
        "Other Operating Expenses": -11182000.0,
        "Selling General And Administration": 64984000.0,
        "Gross Profit": 158265000.0,
        "Cost Of Revenue": 1352095000.0,
        "Total Revenue": 1510360000.0,
        "Operating Revenue": 1492543000.0
    }
}