{
    "2023-03-31": {
        "Tax Effect Of Unusual Items": NaN,
        "Tax Rate For Calcs": NaN,
        "Normalized EBITDA": NaN,
        "Total Unusual Items": NaN,
        "Total Unusual Items Excluding Goodwill": NaN,
        "Net Income From Continuing Operation Net Minority Interest": NaN,
        "Reconciled Depreciation": NaN,
        "Reconciled Cost Of Revenue": NaN,
        "EBITDA": NaN,
        "EBIT": NaN,
        "Net Interest Income": NaN,
        "Interest Expense": NaN,
        "Interest Income": NaN,
        "Normalized Income": NaN,
        "Net Income From Continuing And Discontinued Operation": NaN,
        "Total Expenses": NaN,
        "Rent Expense Supplemental": NaN,
        "Total Operating Income As Reported": NaN,
        "Diluted Average Shares": 49599074.0,
        "Basic Average Shares": 49599074.0,
        "Diluted EPS": -0.01,
        "Basic EPS": -0.01,
        "Diluted NI Availto Com Stockholders": NaN,
        "Net Income Common Stockholders": NaN,
        "Net Income": NaN,
        "Minority Interests": NaN,
        "Net Income Including Noncontrolling Interests": NaN,
        "Net Income Continuous Operations": NaN,
        "Tax Provision": NaN,
        "Pretax Income": NaN,
        "Other Income Expense": NaN,
        "Other Non Operating Income Expenses": NaN,
        "Special Income Charges": NaN,
        "Other Special Charges": NaN,
        "Earnings From Equity Interest": NaN,
        "Net Non Operating Interest Income Expense": NaN,
        "Interest Expense Non Operating": NaN,
        "Interest Income Non Operating": NaN,
        "Operating Income": NaN,
        "Operating Expense": NaN,
        "Other Operating Expenses": NaN,
        "Depreciation Amortization Depletion Income Statement": NaN,
        "Depreciation And Amortization In Income Statement": NaN,
        "Selling General And Administration": NaN,
        "General And Administrative Expense": NaN,
        "Other Gand A": NaN,
        "Rent And Landing Fees": NaN,
        "Gross Profit": NaN,
        "Cost Of Revenue": NaN,
        "Total Revenue": NaN,
        "Operating Revenue": NaN
    },
    "2022-12-31": {
        "Tax Effect Of Unusual Items": NaN,
        "Tax Rate For Calcs": NaN,
        "Normalized EBITDA": NaN,
        "Total Unusual Items": NaN,
        "Total Unusual Items Excluding Goodwill": NaN,
        "Net Income From Continuing Operation Net Minority Interest": NaN,
        "Reconciled Depreciation": NaN,
        "Reconciled Cost Of Revenue": NaN,
        "EBITDA": NaN,
        "EBIT": NaN,
        "Net Interest Income": NaN,
        "Interest Expense": NaN,
        "Interest Income": NaN,
        "Normalized Income": NaN,
        "Net Income From Continuing And Discontinued Operation": NaN,
        "Total Expenses": NaN,
        "Rent Expense Supplemental": NaN,
        "Total Operating Income As Reported": NaN,
        "Diluted Average Shares": NaN,
        "Basic Average Shares": NaN,
        "Diluted EPS": NaN,
        "Basic EPS": NaN,
        "Diluted NI Availto Com Stockholders": NaN,
        "Net Income Common Stockholders": NaN,
        "Otherunder Preferred Stock Dividend": 0.0,
        "Net Income": NaN,
        "Minority Interests": NaN,
        "Net Income Including Noncontrolling Interests": NaN,
        "Net Income Continuous Operations": NaN,
        "Tax Provision": NaN,
        "Pretax Income": NaN,
        "Other Income Expense": NaN,
        "Other Non Operating Income Expenses": NaN,
        "Special Income Charges": NaN,
        "Other Special Charges": NaN,
        "Earnings From Equity Interest": NaN,
        "Net Non Operating Interest Income Expense": NaN,
        "Interest Expense Non Operating": NaN,
        "Interest Income Non Operating": NaN,
        "Operating Income": NaN,
        "Operating Expense": NaN,
        "Other Operating Expenses": NaN,
        "Depreciation Amortization Depletion Income Statement": NaN,
        "Depreciation And Amortization In Income Statement": NaN,
        "Selling General And Administration": NaN,
        "General And Administrative Expense": NaN,
        "Other Gand A": NaN,
        "Rent And Landing Fees": NaN,
        "Gross Profit": NaN,
        "Cost Of Revenue": NaN,
        "Total Revenue": NaN,
        "Operating Revenue": NaN
    },
    "2022-09-30": {
        "Tax Effect Of Unusual Items": NaN,
        "Tax Rate For Calcs": NaN,
        "Normalized EBITDA": NaN,
        "Total Unusual Items": NaN,
        "Total Unusual Items Excluding Goodwill": NaN,
        "Net Income From Continuing Operation Net Minority Interest": NaN,
        "Reconciled Depreciation": NaN,
        "Reconciled Cost Of Revenue": NaN,
        "EBITDA": NaN,
        "EBIT": NaN,
        "Net Interest Income": NaN,
        "Interest Expense": NaN,
        "Interest Income": 0.0,
        "Normalized Income": NaN,
        "Net Income From Continuing And Discontinued Operation": NaN,
        "Total Expenses": NaN,
        "Rent Expense Supplemental": NaN,
        "Total Operating Income As Reported": NaN,
        "Diluted Average Shares": NaN,
        "Basic Average Shares": NaN,
        "Diluted EPS": NaN,
        "Basic EPS": NaN,
        "Diluted NI Availto Com Stockholders": NaN,
        "Net Income Common Stockholders": NaN,
        "Otherunder Preferred Stock Dividend": 0.0,
        "Net Income": NaN,
        "Minority Interests": NaN,
        "Net Income Including Noncontrolling Interests": NaN,
        "Net Income Continuous Operations": NaN,
        "Tax Provision": NaN,
        "Pretax Income": NaN,
        "Other Income Expense": NaN,
        "Other Non Operating Income Expenses": NaN,
        "Special Income Charges": NaN,
        "Other Special Charges": NaN,
        "Earnings From Equity Interest": NaN,
        "Net Non Operating Interest Income Expense": NaN,
        "Interest Expense Non Operating": NaN,
        "Interest Income Non Operating": 0.0,
        "Operating Income": NaN,
        "Operating Expense": NaN,
        "Other Operating Expenses": NaN,
        "Depreciation Amortization Depletion Income Statement": NaN,
        "Depreciation And Amortization In Income Statement": NaN,
        "Selling General And Administration": NaN,
        "General And Administrative Expense": NaN,
        "Other Gand A": NaN,
        "Rent And Landing Fees": NaN,
        "Gross Profit": NaN,
        "Cost Of Revenue": NaN,
        "Total Revenue": NaN,
        "Operating Revenue": NaN
    },
    "2022-06-30": {
        "Tax Effect Of Unusual Items": 0.0,
        "Tax Rate For Calcs": 0.179,
        "Normalized EBITDA": 24502000.0,
        "Total Unusual Items": NaN,
        "Total Unusual Items Excluding Goodwill": NaN,
        "Net Income From Continuing Operation Net Minority Interest": 5111000.0,
        "Reconciled Depreciation": 5309000.0,
        "Reconciled Cost Of Revenue": 89680000.0,
        "EBITDA": 24502000.0,
        "EBIT": 19193000.0,
        "Net Interest Income": -6097000.0,
        "Interest Expense": 6097000.0,
        "Normalized Income": 5111000.0,
        "Net Income From Continuing And Discontinued Operation": 5111000.0,
        "Total Expenses": 133459000.0,
        "Rent Expense Supplemental": 7379000.0,
        "Total Operating Income As Reported": 17439000.0,
        "Diluted Average Shares": 39687090.0,
        "Basic Average Shares": 35991079.0,
        "Diluted EPS": 0.13,
        "Basic EPS": 0.14,
        "Diluted NI Availto Com Stockholders": 5111000.0,
        "Net Income Common Stockholders": 5111000.0,
        "Otherunder Preferred Stock Dividend": 0.0,
        "Net Income": 5111000.0,
        "Minority Interests": -5645000.0,
        "Net Income Including Noncontrolling Interests": 10756000.0,
        "Net Income Continuous Operations": 10756000.0,
        "Tax Provision": 2340000.0,
        "Pretax Income": 13096000.0,
        "Other Income Expense": 2029000.0,
        "Other Non Operating Income Expenses": 1754000.0,
        "Special Income Charges": NaN,
        "Other Special Charges": NaN,
        "Earnings From Equity Interest": 275000.0,
        "Net Non Operating Interest Income Expense": -6097000.0,
        "Interest Expense Non Operating": 6097000.0,
        "Operating Income": 17164000.0,
        "Operating Expense": 43779000.0,
        "Other Operating Expenses": 15229000.0,
        "Depreciation Amortization Depletion Income Statement": 5309000.0,
        "Depreciation And Amortization In Income Statement": 5309000.0,
        "Selling General And Administration": 23241000.0,
        "General And Administrative Expense": 23241000.0,
        "Other Gand A": 15862000.0,
        "Rent And Landing Fees": 7379000.0,
        "Gross Profit": 60943000.0,
        "Cost Of Revenue": 89680000.0,
        "Total Revenue": 150623000.0,
        "Operating Revenue": 150623000.0
    },
    "2022-03-31": {
        "Diluted EPS": 0.0,
        "Total Revenue": 134,
        "Gross Profit": 88,
        "Operating Income": 7,
        "EBIT": 13,
        "Net Income": 0
    },
    "2021-12-31": {
        "Diluted EPS": -0.48,
        "Total Revenue": 139,
        "Gross Profit": 94,
        "Operating Income": -23,
        "EBIT": -17,
        "Net Income": -19
    },
    "2021-09-30": {
        "Diluted EPS": 0.01,
        "Total Revenue": 138,
        "Gross Profit": 94,
        "Operating Income": 17,
        "EBIT": 24,
        "Net Income": 1
    },
    "2021-06-30": {
        "Diluted EPS": 0.16,
        "Total Revenue": 141,
        "Gross Profit": 99,
        "Operating Income": 24,
        "EBIT": 32,
        "Net Income": 8
    },
    "2021-03-31": {
        "Diluted EPS": -0.11,
        "Total Revenue": 117,
        "Gross Profit": 82,
        "Operating Income": 11,
        "EBIT": 18,
        "Net Income": -5
    },
    "2020-12-31": {
        "Diluted EPS": 0.0,
        "Total Revenue": NaN,
        "Gross Profit": NaN,
        "Operating Income": NaN,
        "EBIT": NaN,
        "Net Income": NaN
    },
    "2020-09-30": {
        "Diluted EPS": 0.05,
        "Total Revenue": 120,
        "Gross Profit": 83,
        "Operating Income": 19,
        "EBIT": 26,
        "Net Income": 3
    },
    "2020-06-30": {
        "Diluted EPS": 0.0,
        "Total Revenue": NaN,
        "Gross Profit": NaN,
        "Operating Income": NaN,
        "EBIT": NaN,
        "Net Income": NaN
    },
    "2019-12-31": {
        "Diluted EPS": 0.0,
        "Total Revenue": NaN,
        "Gross Profit": NaN,
        "Operating Income": NaN,
        "EBIT": NaN,
        "Net Income": NaN
    },
    "2023-06-30": {
        "Tax Effect Of Unusual Items": -37125.0,
        "Tax Rate For Calcs": 0.135,
        "Normalized EBITDA": 24179000.0,
        "Total Unusual Items": -275000.0,
        "Total Unusual Items Excluding Goodwill": -275000.0,
        "Net Income From Continuing Operation Net Minority Interest": 6788000.0,
        "Reconciled Depreciation": 5940000.0,
        "Reconciled Cost Of Revenue": 99383000.0,
        "EBITDA": 23904000.0,
        "EBIT": 17963000.0,
        "Net Interest Income": -6523000.0,
        "Interest Expense": 6523000.0,
        "Interest Income": 0.0,
        "Normalized Income": 7025875.0,
        "Net Income From Continuing And Discontinued Operation": 6788000.0,
        "Total Expenses": 151904000.0,
        "Rent Expense Supplemental": 8237000.0,
        "Total Operating Income As Reported": 17384000.0,
        "Diluted Average Shares": 58550057.0,
        "Basic Average Shares": 54964649.0,
        "Diluted EPS": 0.12,
        "Basic EPS": 0.12,
        "Diluted NI Availto Com Stockholders": 6788000.0,
        "Net Income Common Stockholders": 6788000.0,
        "Net Income": 6788000.0,
        "Minority Interests": -3110000.0,
        "Net Income Including Noncontrolling Interests": 9898000.0,
        "Net Income Continuous Operations": 9898000.0,
        "Tax Provision": 1542000.0,
        "Pretax Income": 11440000.0,
        "Other Income Expense": 685000.0,
        "Other Non Operating Income Expenses": 579000.0,
        "Special Income Charges": -275000.0,
        "Other Special Charges": 275000.0,
        "Earnings From Equity Interest": 381000.0,
        "Net Non Operating Interest Income Expense": -6523000.0,
        "Interest Expense Non Operating": 6523000.0,
        "Interest Income Non Operating": 0.0,
        "Operating Income": 17278000.0,
        "Operating Expense": 52522000.0,
        "Other Operating Expenses": 18735000.0,
        "Depreciation Amortization Depletion Income Statement": 5941000.0,
        "Depreciation And Amortization In Income Statement": 5941000.0,
        "Selling General And Administration": 27846000.0,
        "General And Administrative Expense": 27846000.0,
        "Other Gand A": 19609000.0,
        "Rent And Landing Fees": 8237000.0,
        "Gross Profit": 69800000.0,
        "Cost Of Revenue": 99382000.0,
        "Total Revenue": 169182000.0,
        "Operating Revenue": 169182000.0
    },
    "2023-09-30": {
        "Tax Effect Of Unusual Items": -689260.0,
        "Tax Rate For Calcs": 0.286,
        "Normalized EBITDA": 24329000.0,
        "Total Unusual Items": -2410000.0,
        "Total Unusual Items Excluding Goodwill": -2410000.0,
        "Net Income From Continuing Operation Net Minority Interest": 4361000.0,
        "Reconciled Depreciation": 6178000.0,
        "Reconciled Cost Of Revenue": 98139000.0,
        "EBITDA": 21919000.0,
        "EBIT": 15741000.0,
        "Net Interest Income": -6457000.0,
        "Interest Expense": 6573000.0,
        "Interest Income": 116000.0,
        "Normalized Income": 6081740.0,
        "Net Income From Continuing And Discontinued Operation": 4361000.0,
        "Total Expenses": 149720000.0,
        "Rent Expense Supplemental": 8210000.0,
        "Total Operating Income As Reported": 15097000.0,
        "Diluted Average Shares": 58767812.0,
        "Basic Average Shares": 55127133.0,
        "Diluted EPS": 0.07,
        "Basic EPS": 0.08,
        "Diluted NI Availto Com Stockholders": 4361000.0,
        "Net Income Common Stockholders": 4361000.0,
        "Net Income": 4361000.0,
        "Minority Interests": -2185000.0,
        "Net Income Including Noncontrolling Interests": 6546000.0,
        "Net Income Continuous Operations": 6546000.0,
        "Tax Provision": 2622000.0,
        "Pretax Income": 9168000.0,
        "Other Income Expense": -1460000.0,
        "Other Non Operating Income Expenses": 528000.0,
        "Special Income Charges": -2410000.0,
        "Other Special Charges": 2410000.0,
        "Earnings From Equity Interest": 422000.0,
        "Net Non Operating Interest Income Expense": -6457000.0,
        "Interest Expense Non Operating": 6573000.0,
        "Interest Income Non Operating": 116000.0,
        "Operating Income": 17085000.0,
        "Operating Expense": 51581000.0,
        "Other Operating Expenses": 18295000.0,
        "Depreciation Amortization Depletion Income Statement": 6178000.0,
        "Depreciation And Amortization In Income Statement": 6178000.0,
        "Selling General And Administration": 27108000.0,
        "General And Administrative Expense": 27108000.0,
        "Other Gand A": 18898000.0,
        "Rent And Landing Fees": 8210000.0,
        "Gross Profit": 68666000.0,
        "Cost Of Revenue": 98139000.0,
        "Total Revenue": 166805000.0,
        "Operating Revenue": 166805000.0
    },
    "2023-12-31": {
        "Tax Effect Of Unusual Items": 1056090.0,
        "Tax Rate For Calcs": 0.21,
        "Normalized EBITDA": 17717000.0,
        "Total Unusual Items": 5029000.0,
        "Total Unusual Items Excluding Goodwill": 5029000.0,
        "Net Income From Continuing Operation Net Minority Interest": 7789000.0,
        "Reconciled Depreciation": 6525000.0,
        "Reconciled Cost Of Revenue": 113130000.0,
        "EBITDA": 22746000.0,
        "EBIT": 16221000.0,
        "Net Interest Income": -6835000.0,
        "Interest Expense": 6931000.0,
        "Interest Income": 96000.0,
        "Normalized Income": 3816090.0,
        "Net Income From Continuing And Discontinued Operation": 7789000.0,
        "Total Expenses": 178811000.0,
        "Rent Expense Supplemental": 8460000.0,
        "Total Operating Income As Reported": 14467000.0,
        "Diluted Average Shares": NaN,
        "Basic Average Shares": NaN,
        "Diluted EPS": NaN,
        "Basic EPS": NaN,
        "Diluted NI Availto Com Stockholders": 7789000.0,
        "Net Income Common Stockholders": 7789000.0,
        "Net Income": 7789000.0,
        "Minority Interests": -1858000.0,
        "Net Income Including Noncontrolling Interests": 9647000.0,
        "Net Income Continuous Operations": 9647000.0,
        "Tax Provision": -357000.0,
        "Pretax Income": 9290000.0,
        "Other Income Expense": 7078000.0,
        "Other Non Operating Income Expenses": 1658000.0,
        "Special Income Charges": 5029000.0,
        "Other Special Charges": -5029000.0,
        "Earnings From Equity Interest": 391000.0,
        "Net Non Operating Interest Income Expense": -6835000.0,
        "Interest Expense Non Operating": 6931000.0,
        "Interest Income Non Operating": 96000.0,
        "Operating Income": 9047000.0,
        "Operating Expense": 65681000.0,
        "Other Operating Expenses": 29146000.0,
        "Depreciation Amortization Depletion Income Statement": 6525000.0,
        "Depreciation And Amortization In Income Statement": 6525000.0,
        "Selling General And Administration": 30010000.0,
        "General And Administrative Expense": 30010000.0,
        "Other Gand A": 21550000.0,
        "Rent And Landing Fees": 8460000.0,
        "Gross Profit": 74728000.0,
        "Cost Of Revenue": 113130000.0,
        "Total Revenue": 187858000.0,
        "Operating Revenue": 187858000.0
    },
    "2024-03-31": {
        "Tax Effect Of Unusual Items": -298830.0,
        "Tax Rate For Calcs": 0.21,
        "Normalized EBITDA": 19104000.0,
        "Total Unusual Items": -1423000.0,
        "Total Unusual Items Excluding Goodwill": -1423000.0,
        "Net Income From Continuing Operation Net Minority Interest": 4562000.0,
        "Reconciled Depreciation": 6944000.0,
        "Reconciled Cost Of Revenue": 100263000.0,
        "EBITDA": 17681000.0,
        "EBIT": 10737000.0,
        "Net Interest Income": -6451000.0,
        "Interest Expense": 6530000.0,
        "Interest Income": 79000.0,
        "Normalized Income": 5686170.0,
        "Net Income From Continuing And Discontinued Operation": 4562000.0,
        "Total Expenses": 154516000.0,
        "Rent Expense Supplemental": 9340000.0,
        "Total Operating Income As Reported": 10097000.0,
        "Diluted Average Shares": 60493958.0,
        "Basic Average Shares": 57437782.0,
        "Diluted EPS": 0.08,
        "Basic EPS": 0.08,
        "Diluted NI Availto Com Stockholders": 4562000.0,
        "Net Income Common Stockholders": 4562000.0,
        "Net Income": 4562000.0,
        "Minority Interests": -782000.0,
        "Net Income Including Noncontrolling Interests": 5344000.0,
        "Net Income Continuous Operations": 5344000.0,
        "Tax Provision": -1137000.0,
        "Pretax Income": 4207000.0,
        "Other Income Expense": -657000.0,
        "Other Non Operating Income Expenses": 561000.0,
        "Special Income Charges": -1423000.0,
        "Other Special Charges": 1423000.0,
        "Earnings From Equity Interest": 205000.0,
        "Net Non Operating Interest Income Expense": -6451000.0,
        "Interest Expense Non Operating": 6530000.0,
        "Interest Income Non Operating": 79000.0,
        "Operating Income": 11315000.0,
        "Operating Expense": 54253000.0,
        "Other Operating Expenses": 19429000.0,
        "Depreciation Amortization Depletion Income Statement": 6944000.0,
        "Depreciation And Amortization In Income Statement": 6944000.0,
        "Selling General And Administration": 27880000.0,
        "General And Administrative Expense": 27880000.0,
        "Other Gand A": 18540000.0,
        "Rent And Landing Fees": 9340000.0,
        "Gross Profit": 65568000.0,
        "Cost Of Revenue": 100263000.0,
        "Total Revenue": 165831000.0,
        "Operating Revenue": 165831000.0
    },
    "2024-06-30": {
        "Tax Effect Of Unusual Items": -611100.0,
        "Tax Rate For Calcs": 0.291,
        "Normalized EBITDA": 27835000.0,
        "Total Unusual Items": -2100000.0,
        "Total Unusual Items Excluding Goodwill": -2100000.0,
        "Net Income From Continuing Operation Net Minority Interest": 6470000.0,
        "Reconciled Depreciation": 7106000.0,
        "Reconciled Cost Of Revenue": 108124000.0,
        "EBITDA": 25735000.0,
        "EBIT": 18629000.0,
        "Net Interest Income": -6528000.0,
        "Interest Expense": 6603000.0,
        "Interest Income": 75000.0,
        "Normalized Income": 7958900.0,
        "Net Income From Continuing And Discontinued Operation": 6470000.0,
        "Total Expenses": 161982000.0,
        "Rent Expense Supplemental": 9211000.0,
        "Total Operating Income As Reported": 18115000.0,
        "Diluted Average Shares": 64608698.0,
        "Basic Average Shares": 61650118.0,
        "Diluted EPS": 0.1,
        "Basic EPS": 0.1,
        "Diluted NI Availto Com Stockholders": 6470000.0,
        "Net Income Common Stockholders": 6470000.0,
        "Net Income": 6470000.0,
        "Minority Interests": -2060000.0,
        "Net Income Including Noncontrolling Interests": 8530000.0,
        "Net Income Continuous Operations": 8530000.0,
        "Tax Provision": 3496000.0,
        "Pretax Income": 12026000.0,
        "Other Income Expense": -1326000.0,
        "Other Non Operating Income Expenses": 439000.0,
        "Special Income Charges": -2100000.0,
        "Other Special Charges": 2100000.0,
        "Earnings From Equity Interest": 335000.0,
        "Net Non Operating Interest Income Expense": -6528000.0,
        "Interest Expense Non Operating": 6603000.0,
        "Interest Income Non Operating": 75000.0,
        "Operating Income": 19880000.0,
        "Operating Expense": 53858000.0,
        "Other Operating Expenses": 19600000.0,
        "Depreciation Amortization Depletion Income Statement": 7106000.0,
        "Depreciation And Amortization In Income Statement": 7106000.0,
        "Selling General And Administration": 27152000.0,
        "General And Administrative Expense": 27152000.0,
        "Other Gand A": 17941000.0,
        "Rent And Landing Fees": 9211000.0,
        "Gross Profit": 73738000.0,
        "Cost Of Revenue": 108124000.0,
        "Total Revenue": 181862000.0,
        "Operating Revenue": 181862000.0
    }
}