{
    "2023-03-31": {
        "Tax Effect Of Unusual Items": NaN,
        "Tax Rate For Calcs": NaN,
        "Normalized EBITDA": NaN,
        "Total Unusual Items": NaN,
        "Total Unusual Items Excluding Goodwill": NaN,
        "Net Income From Continuing Operation Net Minority Interest": NaN,
        "Reconciled Depreciation": NaN,
        "Reconciled Cost Of Revenue": NaN,
        "EBITDA": NaN,
        "EBIT": NaN,
        "Net Interest Income": NaN,
        "Interest Expense": NaN,
        "Interest Income": NaN,
        "Normalized Income": NaN,
        "Net Income From Continuing And Discontinued Operation": NaN,
        "Total Expenses": NaN,
        "Total Operating Income As Reported": NaN,
        "Diluted Average Shares": NaN,
        "Basic Average Shares": NaN,
        "Diluted EPS": NaN,
        "Basic EPS": NaN,
        "Diluted NI Availto Com Stockholders": NaN,
        "Net Income Common Stockholders": NaN,
        "Net Income": NaN,
        "Net Income Including Noncontrolling Interests": NaN,
        "Net Income Continuous Operations": NaN,
        "Tax Provision": NaN,
        "Pretax Income": NaN,
        "Other Income Expense": NaN,
        "Other Non Operating Income Expenses": NaN,
        "Special Income Charges": NaN,
        "Other Special Charges": 2900000.0,
        "Write Off": 39400000.0,
        "Impairment Of Capital Assets": 39400000.0,
        "Restructuring And Mergern Acquisition": NaN,
        "Gain On Sale Of Security": NaN,
        "Net Non Operating Interest Income Expense": NaN,
        "Interest Expense Non Operating": NaN,
        "Interest Income Non Operating": NaN,
        "Operating Income": NaN,
        "Operating Expense": NaN,
        "Other Operating Expenses": 2900000.0,
        "Research And Development": NaN,
        "Selling General And Administration": NaN,
        "Selling And Marketing Expense": NaN,
        "General And Administrative Expense": NaN,
        "Other Gand A": NaN,
        "Gross Profit": NaN,
        "Cost Of Revenue": NaN,
        "Total Revenue": NaN,
        "Operating Revenue": NaN
    },
    "2022-12-31": {
        "Tax Effect Of Unusual Items": NaN,
        "Tax Rate For Calcs": NaN,
        "Normalized EBITDA": NaN,
        "Total Unusual Items": NaN,
        "Total Unusual Items Excluding Goodwill": NaN,
        "Net Income From Continuing Operation Net Minority Interest": NaN,
        "Reconciled Depreciation": NaN,
        "Reconciled Cost Of Revenue": NaN,
        "EBITDA": NaN,
        "EBIT": NaN,
        "Net Interest Income": NaN,
        "Interest Expense": NaN,
        "Interest Income": NaN,
        "Normalized Income": NaN,
        "Net Income From Continuing And Discontinued Operation": NaN,
        "Total Expenses": NaN,
        "Total Operating Income As Reported": NaN,
        "Diluted Average Shares": NaN,
        "Basic Average Shares": NaN,
        "Diluted EPS": NaN,
        "Basic EPS": NaN,
        "Diluted NI Availto Com Stockholders": NaN,
        "Net Income Common Stockholders": NaN,
        "Net Income": NaN,
        "Net Income Including Noncontrolling Interests": NaN,
        "Net Income Continuous Operations": NaN,
        "Tax Provision": NaN,
        "Pretax Income": NaN,
        "Other Income Expense": NaN,
        "Other Non Operating Income Expenses": NaN,
        "Special Income Charges": NaN,
        "Other Special Charges": 17900000.0,
        "Write Off": 9700000.0,
        "Impairment Of Capital Assets": 9700000.0,
        "Restructuring And Mergern Acquisition": NaN,
        "Gain On Sale Of Security": NaN,
        "Net Non Operating Interest Income Expense": NaN,
        "Interest Expense Non Operating": NaN,
        "Interest Income Non Operating": NaN,
        "Operating Income": NaN,
        "Operating Expense": NaN,
        "Other Operating Expenses": NaN,
        "Research And Development": NaN,
        "Selling General And Administration": NaN,
        "Selling And Marketing Expense": NaN,
        "General And Administrative Expense": NaN,
        "Other Gand A": NaN,
        "Gross Profit": NaN,
        "Cost Of Revenue": NaN,
        "Total Revenue": NaN,
        "Operating Revenue": NaN
    },
    "2022-09-30": {
        "Tax Effect Of Unusual Items": NaN,
        "Tax Rate For Calcs": NaN,
        "Normalized EBITDA": NaN,
        "Total Unusual Items": NaN,
        "Total Unusual Items Excluding Goodwill": NaN,
        "Net Income From Continuing Operation Net Minority Interest": NaN,
        "Reconciled Depreciation": NaN,
        "Reconciled Cost Of Revenue": NaN,
        "EBITDA": NaN,
        "EBIT": NaN,
        "Net Interest Income": NaN,
        "Interest Expense": NaN,
        "Interest Income": NaN,
        "Normalized Income": NaN,
        "Net Income From Continuing And Discontinued Operation": NaN,
        "Total Expenses": NaN,
        "Total Operating Income As Reported": NaN,
        "Diluted Average Shares": NaN,
        "Basic Average Shares": NaN,
        "Diluted EPS": NaN,
        "Basic EPS": NaN,
        "Diluted NI Availto Com Stockholders": NaN,
        "Net Income Common Stockholders": NaN,
        "Net Income": NaN,
        "Net Income Including Noncontrolling Interests": NaN,
        "Net Income Continuous Operations": NaN,
        "Tax Provision": NaN,
        "Pretax Income": NaN,
        "Other Income Expense": NaN,
        "Other Non Operating Income Expenses": NaN,
        "Special Income Charges": NaN,
        "Other Special Charges": 1100000.0,
        "Write Off": NaN,
        "Impairment Of Capital Assets": 62900000.0,
        "Restructuring And Mergern Acquisition": NaN,
        "Gain On Sale Of Security": NaN,
        "Net Non Operating Interest Income Expense": NaN,
        "Interest Expense Non Operating": NaN,
        "Interest Income Non Operating": NaN,
        "Operating Income": NaN,
        "Operating Expense": NaN,
        "Other Operating Expenses": NaN,
        "Research And Development": NaN,
        "Selling General And Administration": NaN,
        "Selling And Marketing Expense": NaN,
        "General And Administrative Expense": NaN,
        "Other Gand A": NaN,
        "Gross Profit": NaN,
        "Cost Of Revenue": NaN,
        "Total Revenue": NaN,
        "Operating Revenue": NaN
    },
    "2022-06-30": {
        "Tax Effect Of Unusual Items": -283880000.0,
        "Tax Rate For Calcs": 0.4,
        "Normalized EBITDA": -506100000.0,
        "Total Unusual Items": -709700000.0,
        "Total Unusual Items Excluding Goodwill": -709700000.0,
        "Net Income From Continuing Operation Net Minority Interest": -1244400000.0,
        "Reconciled Depreciation": 40400000.0,
        "Reconciled Cost Of Revenue": 708500000.0,
        "EBITDA": -1215800000.0,
        "EBIT": -1215800000.0,
        "Net Interest Income": -15400000.0,
        "Interest Expense": 16500000.0,
        "Interest Income": 1100000.0,
        "Normalized Income": -818580000.0,
        "Net Income From Continuing And Discontinued Operation": -1244400000.0,
        "Total Expenses": 1183600000.0,
        "Total Operating Income As Reported": -1201900000.0,
        "Diluted Average Shares": 337737740.0,
        "Basic Average Shares": 337737740.0,
        "Diluted EPS": -3.68,
        "Basic EPS": -3.68,
        "Diluted NI Availto Com Stockholders": -1244400000.0,
        "Net Income Common Stockholders": -1244400000.0,
        "Net Income": -1244400000.0,
        "Net Income Including Noncontrolling Interests": -1244500000.0,
        "Net Income Continuous Operations": -1244500000.0,
        "Tax Provision": 12200000.0,
        "Pretax Income": -1232300000.0,
        "Other Income Expense": -712000000.0,
        "Other Non Operating Income Expenses": -2300000.0,
        "Special Income Charges": -697000000.0,
        "Other Special Charges": 337600000.0,
        "Write Off": NaN,
        "Impairment Of Capital Assets": 337200000.0,
        "Restructuring And Mergern Acquisition": 22200000.0,
        "Gain On Sale Of Security": -12700000.0,
        "Net Non Operating Interest Income Expense": -15400000.0,
        "Interest Expense Non Operating": 16500000.0,
        "Interest Income Non Operating": 1100000.0,
        "Operating Income": -504900000.0,
        "Operating Expense": 475100000.0,
        "Research And Development": 84900000.0,
        "Selling General And Administration": 390200000.0,
        "Selling And Marketing Expense": 158100000.0,
        "General And Administrative Expense": 232100000.0,
        "Other Gand A": 232100000.0,
        "Gross Profit": -29800000.0,
        "Cost Of Revenue": 708500000.0,
        "Total Revenue": 678700000.0,
        "Operating Revenue": 678700000.0
    },
    "2022-03-31": {
        "Diluted EPS": -2.27,
        "Total Revenue": 964,
        "Gross Profit": 184,
        "Operating Income": -736,
        "EBIT": -507,
        "Net Income": -757
    },
    "2021-12-31": {
        "Diluted EPS": -1.39,
        "Total Revenue": NaN,
        "Gross Profit": 281,
        "Operating Income": -426,
        "EBIT": -381,
        "Net Income": -439
    },
    "2021-09-30": {
        "Diluted EPS": -1.25,
        "Total Revenue": 805,
        "Gross Profit": 263,
        "Operating Income": -360,
        "EBIT": -323,
        "Net Income": -376
    },
    "2021-06-30": {
        "Diluted EPS": -0.99,
        "Total Revenue": 937,
        "Gross Profit": 256,
        "Operating Income": -302,
        "EBIT": -269,
        "Net Income": -313
    },
    "2021-03-31": {
        "Diluted EPS": -0.03,
        "Total Revenue": NaN,
        "Gross Profit": 445,
        "Operating Income": -14,
        "EBIT": 5,
        "Net Income": -9
    },
    "2020-12-31": {
        "Diluted EPS": 0.18,
        "Total Revenue": NaN,
        "Gross Profit": 425,
        "Operating Income": 59,
        "EBIT": 72,
        "Net Income": 64
    },
    "2020-09-30": {
        "Diluted EPS": 0.2,
        "Total Revenue": 758,
        "Gross Profit": 329,
        "Operating Income": 69,
        "EBIT": 80,
        "Net Income": 69
    },
    "2020-06-30": {
        "Diluted EPS": 1.37,
        "Total Revenue": 607,
        "Gross Profit": 290,
        "Operating Income": 90,
        "EBIT": 102,
        "Net Income": 89
    },
    "2020-03-31": {
        "Diluted EPS": -0.2,
        "Total Revenue": 525,
        "Gross Profit": 246,
        "Operating Income": -58,
        "EBIT": -47,
        "Net Income": -56
    },
    "2019-12-31": {
        "Diluted EPS": -0.2,
        "Total Revenue": 466,
        "Gross Profit": 197,
        "Operating Income": -62,
        "EBIT": -51,
        "Net Income": -55
    },
    "2019-09-30": {
        "Diluted EPS": -1.29,
        "Total Revenue": 228,
        "Gross Profit": 105,
        "Operating Income": -51,
        "EBIT": -44,
        "Net Income": -50
    },
    "2019-06-30": {
        "Diluted EPS": -1.95,
        "Total Revenue": 223,
        "Gross Profit": 100,
        "Operating Income": -50,
        "EBIT": -45,
        "Net Income": -47
    },
    "2019-03-31": {
        "Diluted EPS": -1.76,
        "Total Revenue": 317,
        "Gross Profit": 121,
        "Operating Income": -41,
        "EBIT": -36,
        "Net Income": -39
    },
    "2018-12-31": {
        "Diluted EPS": -4.83,
        "Total Revenue": 263,
        "Gross Profit": 112,
        "Operating Income": -56,
        "EBIT": -51,
        "Net Income": -105
    },
    "2018-09-30": {
        "Diluted EPS": -2.18,
        "Total Revenue": 112,
        "Gross Profit": 52,
        "Operating Income": -56,
        "EBIT": -51,
        "Net Income": -55
    },
    "2018-06-30": {
        "Diluted EPS": 0.0,
        "Total Revenue": NaN,
        "Gross Profit": NaN,
        "Operating Income": NaN,
        "EBIT": NaN,
        "Net Income": NaN
    },
    "2017-06-30": {
        "Diluted EPS": 0.0,
        "Total Revenue": NaN,
        "Gross Profit": NaN,
        "Operating Income": NaN,
        "EBIT": NaN,
        "Net Income": NaN
    },
    "2023-06-30": {
        "Tax Effect Of Unusual Items": NaN,
        "Tax Rate For Calcs": NaN,
        "Normalized EBITDA": NaN,
        "Total Unusual Items": NaN,
        "Total Unusual Items Excluding Goodwill": NaN,
        "Net Income From Continuing Operation Net Minority Interest": NaN,
        "Reconciled Depreciation": NaN,
        "Reconciled Cost Of Revenue": NaN,
        "EBITDA": NaN,
        "EBIT": NaN,
        "Net Interest Income": NaN,
        "Interest Expense": NaN,
        "Interest Income": NaN,
        "Normalized Income": NaN,
        "Net Income From Continuing And Discontinued Operation": NaN,
        "Total Expenses": NaN,
        "Total Operating Income As Reported": NaN,
        "Diluted Average Shares": NaN,
        "Basic Average Shares": NaN,
        "Diluted EPS": NaN,
        "Basic EPS": NaN,
        "Diluted NI Availto Com Stockholders": NaN,
        "Net Income Common Stockholders": NaN,
        "Net Income": NaN,
        "Net Income Including Noncontrolling Interests": NaN,
        "Net Income Continuous Operations": NaN,
        "Tax Provision": NaN,
        "Pretax Income": NaN,
        "Other Income Expense": NaN,
        "Other Non Operating Income Expenses": NaN,
        "Special Income Charges": NaN,
        "Other Special Charges": 0.0,
        "Write Off": NaN,
        "Impairment Of Capital Assets": 32600000.0,
        "Restructuring And Mergern Acquisition": NaN,
        "Gain On Sale Of Security": NaN,
        "Net Non Operating Interest Income Expense": NaN,
        "Interest Expense Non Operating": NaN,
        "Interest Income Non Operating": NaN,
        "Operating Income": NaN,
        "Operating Expense": NaN,
        "Other Operating Expenses": 0.0,
        "Depreciation Amortization Depletion Income Statement": NaN,
        "Depreciation And Amortization In Income Statement": NaN,
        "Research And Development": NaN,
        "Selling General And Administration": NaN,
        "Selling And Marketing Expense": NaN,
        "General And Administrative Expense": NaN,
        "Other Gand A": NaN,
        "Gross Profit": NaN,
        "Cost Of Revenue": NaN,
        "Total Revenue": NaN,
        "Operating Revenue": NaN
    },
    "2023-09-30": {
        "Tax Effect Of Unusual Items": NaN,
        "Tax Rate For Calcs": NaN,
        "Normalized EBITDA": NaN,
        "Total Unusual Items": NaN,
        "Total Unusual Items Excluding Goodwill": NaN,
        "Net Income From Continuing Operation Net Minority Interest": NaN,
        "Reconciled Depreciation": NaN,
        "Reconciled Cost Of Revenue": NaN,
        "EBITDA": NaN,
        "EBIT": NaN,
        "Net Interest Income": NaN,
        "Interest Expense": NaN,
        "Interest Income": NaN,
        "Normalized Income": NaN,
        "Net Income From Continuing And Discontinued Operation": NaN,
        "Total Expenses": NaN,
        "Total Operating Income As Reported": NaN,
        "Diluted Average Shares": NaN,
        "Basic Average Shares": NaN,
        "Diluted EPS": NaN,
        "Basic EPS": NaN,
        "Diluted NI Availto Com Stockholders": NaN,
        "Net Income Common Stockholders": NaN,
        "Net Income": NaN,
        "Net Income Including Noncontrolling Interests": NaN,
        "Net Income Continuous Operations": NaN,
        "Tax Provision": NaN,
        "Pretax Income": NaN,
        "Other Income Expense": NaN,
        "Other Non Operating Income Expenses": 300000.0,
        "Special Income Charges": NaN,
        "Other Special Charges": NaN,
        "Write Off": NaN,
        "Impairment Of Capital Assets": 24000000.0,
        "Restructuring And Mergern Acquisition": NaN,
        "Gain On Sale Of Security": -7800000.0,
        "Net Non Operating Interest Income Expense": NaN,
        "Interest Expense Non Operating": NaN,
        "Interest Income Non Operating": NaN,
        "Operating Income": NaN,
        "Operating Expense": NaN,
        "Other Operating Expenses": NaN,
        "Depreciation Amortization Depletion Income Statement": NaN,
        "Depreciation And Amortization In Income Statement": NaN,
        "Research And Development": NaN,
        "Selling General And Administration": NaN,
        "Selling And Marketing Expense": NaN,
        "General And Administrative Expense": NaN,
        "Other Gand A": NaN,
        "Gross Profit": NaN,
        "Cost Of Revenue": NaN,
        "Total Revenue": NaN,
        "Operating Revenue": NaN
    },
    "2023-12-31": {
        "Tax Effect Of Unusual Items": -65120.0,
        "Tax Rate For Calcs": 0.0088,
        "Normalized EBITDA": -136400000.0,
        "Total Unusual Items": -7400000.0,
        "Total Unusual Items Excluding Goodwill": -7400000.0,
        "Net Income From Continuing Operation Net Minority Interest": -194900000.0,
        "Reconciled Depreciation": 25100000.0,
        "Reconciled Cost Of Revenue": 431300000.0,
        "EBITDA": -143800000.0,
        "EBIT": -168900000.0,
        "Net Interest Income": -19300000.0,
        "Interest Expense": 27700000.0,
        "Interest Income": 8400000.0,
        "Normalized Income": -187565120.0,
        "Net Income From Continuing And Discontinued Operation": -194900000.0,
        "Total Expenses": 913700000.0,
        "Total Operating Income As Reported": -187100000.0,
        "Diluted Average Shares": 362334326.0,
        "Basic Average Shares": 362334326.0,
        "Diluted EPS": -0.54,
        "Basic EPS": -0.54,
        "Diluted NI Availto Com Stockholders": -194900000.0,
        "Net Income Common Stockholders": -194900000.0,
        "Net Income": -194900000.0,
        "Net Income Including Noncontrolling Interests": -194900000.0,
        "Net Income Continuous Operations": -194900000.0,
        "Tax Provision": -1700000.0,
        "Pretax Income": -196600000.0,
        "Other Income Expense": -7300000.0,
        "Other Non Operating Income Expenses": 100000.0,
        "Special Income Charges": -17000000.0,
        "Other Special Charges": NaN,
        "Write Off": 3600000.0,
        "Impairment Of Capital Assets": NaN,
        "Restructuring And Mergern Acquisition": 13400000.0,
        "Gain On Sale Of Security": 9600000.0,
        "Net Non Operating Interest Income Expense": -19300000.0,
        "Interest Expense Non Operating": 27700000.0,
        "Interest Income Non Operating": 8400000.0,
        "Operating Income": -170100000.0,
        "Operating Expense": 469500000.0,
        "Other Operating Expenses": -1500000.0,
        "Depreciation Amortization Depletion Income Statement": 12200000.0,
        "Depreciation And Amortization In Income Statement": 12200000.0,
        "Research And Development": 79900000.0,
        "Selling General And Administration": 378900000.0,
        "Selling And Marketing Expense": 224200000.0,
        "General And Administrative Expense": 154700000.0,
        "Other Gand A": 154700000.0,
        "Gross Profit": 299400000.0,
        "Cost Of Revenue": 444200000.0,
        "Total Revenue": 743600000.0,
        "Operating Revenue": 743600000.0
    },
    "2024-03-31": {
        "Tax Effect Of Unusual Items": -12327000.0,
        "Tax Rate For Calcs": 0.21,
        "Normalized EBITDA": -53200000.0,
        "Total Unusual Items": -58700000.0,
        "Total Unusual Items Excluding Goodwill": -58700000.0,
        "Net Income From Continuing Operation Net Minority Interest": -167300000.0,
        "Reconciled Depreciation": 27100000.0,
        "Reconciled Cost Of Revenue": 408000000.0,
        "EBITDA": -111900000.0,
        "EBIT": -139000000.0,
        "Net Interest Income": -18400000.0,
        "Interest Expense": 27700000.0,
        "Interest Income": 9300000.0,
        "Normalized Income": -120927000.0,
        "Net Income From Continuing And Discontinued Operation": -167300000.0,
        "Total Expenses": 807200000.0,
        "Total Operating Income As Reported": -146200000.0,
        "Diluted Average Shares": 367931183.0,
        "Basic Average Shares": 367931183.0,
        "Diluted EPS": -0.45,
        "Basic EPS": -0.45,
        "Diluted NI Availto Com Stockholders": -167300000.0,
        "Net Income Common Stockholders": -167300000.0,
        "Net Income": -167300000.0,
        "Net Income Including Noncontrolling Interests": -167300000.0,
        "Net Income Continuous Operations": -167300000.0,
        "Tax Provision": 600000.0,
        "Pretax Income": -166700000.0,
        "Other Income Expense": -58700000.0,
        "Other Non Operating Income Expenses": NaN,
        "Special Income Charges": -56600000.0,
        "Other Special Charges": NaN,
        "Write Off": 19000000.0,
        "Impairment Of Capital Assets": NaN,
        "Restructuring And Mergern Acquisition": 37600000.0,
        "Gain On Sale Of Security": -2100000.0,
        "Net Non Operating Interest Income Expense": -18400000.0,
        "Interest Expense Non Operating": 27700000.0,
        "Interest Income Non Operating": 9300000.0,
        "Operating Income": -89500000.0,
        "Operating Expense": 399200000.0,
        "Other Operating Expenses": -900000.0,
        "Depreciation Amortization Depletion Income Statement": NaN,
        "Depreciation And Amortization In Income Statement": NaN,
        "Research And Development": 76800000.0,
        "Selling General And Administration": 323300000.0,
        "Selling And Marketing Expense": 170300000.0,
        "General And Administrative Expense": 153000000.0,
        "Other Gand A": 153000000.0,
        "Gross Profit": 309700000.0,
        "Cost Of Revenue": 408000000.0,
        "Total Revenue": 717700000.0,
        "Operating Revenue": 717700000.0
    },
    "2024-06-30": {
        "Tax Effect Of Unusual Items": 9639000.0,
        "Tax Rate For Calcs": 0.21,
        "Normalized EBITDA": -20500000.0,
        "Total Unusual Items": 45900000.0,
        "Total Unusual Items Excluding Goodwill": 45900000.0,
        "Net Income From Continuing Operation Net Minority Interest": -30500000.0,
        "Reconciled Depreciation": 25800000.0,
        "Reconciled Cost Of Revenue": 331600000.0,
        "EBITDA": 25400000.0,
        "EBIT": -400000.0,
        "Net Interest Income": -21000000.0,
        "Interest Expense": 29900000.0,
        "Interest Income": 8900000.0,
        "Normalized Income": -66761000.0,
        "Net Income From Continuing And Discontinued Operation": -30500000.0,
        "Total Expenses": 699100000.0,
        "Total Operating Income As Reported": -63300000.0,
        "Diluted Average Shares": 373539781.0,
        "Basic Average Shares": 373539781.0,
        "Diluted EPS": -0.08,
        "Basic EPS": -0.08,
        "Diluted NI Availto Com Stockholders": -30500000.0,
        "Net Income Common Stockholders": -30500000.0,
        "Net Income": -30500000.0,
        "Net Income Including Noncontrolling Interests": -30400000.0,
        "Net Income Continuous Operations": -30400000.0,
        "Tax Provision": 100000.0,
        "Pretax Income": -30300000.0,
        "Other Income Expense": 46100000.0,
        "Other Non Operating Income Expenses": 200000.0,
        "Special Income Charges": 45700000.0,
        "Other Special Charges": NaN,
        "Write Off": NaN,
        "Impairment Of Capital Assets": NaN,
        "Restructuring And Mergern Acquisition": -2700000.0,
        "Gain On Sale Of Security": NaN,
        "Net Non Operating Interest Income Expense": -21000000.0,
        "Interest Expense Non Operating": 29900000.0,
        "Interest Income Non Operating": 8900000.0,
        "Operating Income": -55500000.0,
        "Operating Expense": 367500000.0,
        "Other Operating Expenses": -200000.0,
        "Depreciation Amortization Depletion Income Statement": NaN,
        "Depreciation And Amortization In Income Statement": NaN,
        "Research And Development": 69400000.0,
        "Selling General And Administration": 251200000.0,
        "Selling And Marketing Expense": 88800000.0,
        "General And Administrative Expense": 162400000.0,
        "Other Gand A": 162400000.0,
        "Gross Profit": 312000000.0,
        "Cost Of Revenue": 331600000.0,
        "Total Revenue": 643500000.0,
        "Operating Revenue": 643500000.0
    },
    "2024-09-30": {
        "Tax Effect Of Unusual Items": 0.0,
        "Tax Rate For Calcs": 0.0,
        "Normalized EBITDA": 76700000.0,
        "Total Unusual Items": -16500000.0,
        "Total Unusual Items Excluding Goodwill": -16500000.0,
        "Net Income From Continuing Operation Net Minority Interest": -900000.0,
        "Reconciled Depreciation": 24800000.0,
        "Reconciled Cost Of Revenue": 282200000.0,
        "EBITDA": 60200000.0,
        "EBIT": 35400000.0,
        "Net Interest Income": -27300000.0,
        "Interest Expense": 35400000.0,
        "Interest Income": 8100000.0,
        "Normalized Income": 15600000.0,
        "Net Income From Continuing And Discontinued Operation": -900000.0,
        "Total Expenses": 542100000.0,
        "Total Operating Income As Reported": 12500000.0,
        "Diluted Average Shares": 378776423.0,
        "Basic Average Shares": 378776423.0,
        "Diluted EPS": -0.002376,
        "Basic EPS": -0.002376,
        "Diluted NI Availto Com Stockholders": -900000.0,
        "Net Income Common Stockholders": -900000.0,
        "Net Income": -900000.0,
        "Net Income Including Noncontrolling Interests": -800000.0,
        "Net Income Continuous Operations": -800000.0,
        "Tax Provision": 800000.0,
        "Pretax Income": 0.0,
        "Other Income Expense": -16600000.0,
        "Other Non Operating Income Expenses": -100000.0,
        "Special Income Charges": -31300000.0,
        "Other Special Charges": 23500000.0,
        "Write Off": NaN,
        "Impairment Of Capital Assets": 4900000.0,
        "Restructuring And Mergern Acquisition": 2900000.0,
        "Gain On Sale Of Security": 14800000.0,
        "Net Non Operating Interest Income Expense": -27300000.0,
        "Interest Expense Non Operating": 35400000.0,
        "Interest Income Non Operating": 8100000.0,
        "Operating Income": 43900000.0,
        "Operating Expense": 259900000.0,
        "Other Operating Expenses": NaN,
        "Depreciation Amortization Depletion Income Statement": NaN,
        "Depreciation And Amortization In Income Statement": NaN,
        "Research And Development": 58500000.0,
        "Selling General And Administration": 201400000.0,
        "Selling And Marketing Expense": 81900000.0,
        "General And Administrative Expense": 119500000.0,
        "Other Gand A": 119500000.0,
        "Gross Profit": 303800000.0,
        "Cost Of Revenue": 282200000.0,
        "Total Revenue": 585900000.0,
        "Operating Revenue": 585900000.0
    },
    "2024-12-31": {
        "Tax Effect Of Unusual Items": -8085000.0,
        "Tax Rate For Calcs": 0.21,
        "Normalized EBITDA": 4700000.0,
        "Total Unusual Items": -38500000.0,
        "Total Unusual Items Excluding Goodwill": -38500000.0,
        "Net Income From Continuing Operation Net Minority Interest": -92000000.0,
        "Reconciled Depreciation": 22800000.0,
        "Reconciled Cost Of Revenue": 341900000.0,
        "EBITDA": -33800000.0,
        "EBIT": -56600000.0,
        "Net Interest Income": -26900000.0,
        "Interest Expense": 34600000.0,
        "Interest Income": 7700000.0,
        "Normalized Income": -61585000.0,
        "Net Income From Continuing And Discontinued Operation": -92000000.0,
        "Total Expenses": 699900000.0,
        "Total Operating Income As Reported": -45900000.0,
        "Diluted Average Shares": 385591039.0,
        "Basic Average Shares": 385591039.0,
        "Diluted EPS": -0.24,
        "Basic EPS": -0.24,
        "Diluted NI Availto Com Stockholders": -92000000.0,
        "Net Income Common Stockholders": -92000000.0,
        "Net Income": -92000000.0,
        "Net Income Including Noncontrolling Interests": -91900000.0,
        "Net Income Continuous Operations": -91900000.0,
        "Tax Provision": 700000.0,
        "Pretax Income": -91200000.0,
        "Other Income Expense": -38300000.0,
        "Other Non Operating Income Expenses": 200000.0,
        "Special Income Charges": -20000000.0,
        "Other Special Charges": NaN,
        "Write Off": 16700000.0,
        "Impairment Of Capital Assets": NaN,
        "Restructuring And Mergern Acquisition": 3300000.0,
        "Gain On Sale Of Security": -18500000.0,
        "Net Non Operating Interest Income Expense": -26900000.0,
        "Interest Expense Non Operating": 34600000.0,
        "Interest Income Non Operating": 7700000.0,
        "Operating Income": -25900000.0,
        "Operating Expense": 344300000.0,
        "Other Operating Expenses": NaN,
        "Depreciation Amortization Depletion Income Statement": 9100000.0,
        "Depreciation And Amortization In Income Statement": 9100000.0,
        "Research And Development": 60300000.0,
        "Selling General And Administration": 274900000.0,
        "Selling And Marketing Expense": 148200000.0,
        "General And Administrative Expense": 126700000.0,
        "Other Gand A": 126700000.0,
        "Gross Profit": 318400000.0,
        "Cost Of Revenue": 355600000.0,
        "Total Revenue": 674000000.0,
        "Operating Revenue": 674000000.0
    }
}