{
    "2023-03-31": {
        "Tax Effect Of Unusual Items": 0.0,
        "Tax Rate For Calcs": 0.0,
        "Normalized EBITDA": -54067000.0,
        "Total Unusual Items": -177939000.0,
        "Total Unusual Items Excluding Goodwill": -177939000.0,
        "Net Income From Continuing Operation Net Minority Interest": -243977000.0,
        "Reconciled Depreciation": 4717000.0,
        "Reconciled Cost Of Revenue": 86087000.0,
        "EBIT": -236723000.0,
        "Net Interest Income": -7254000.0,
        "Interest Expense": 7254000.0,
        "Interest Income": 720000.0,
        "Normalized Income": -66038000.0,
        "Net Income From Continuing And Discontinued Operation": -243977000.0,
        "Total Expenses": 140497000.0,
        "Total Operating Income As Reported": -60968000.0,
        "Diluted Average Shares": 226410000.0,
        "Basic Average Shares": 226410000.0,
        "Diluted EPS": -1.08,
        "Basic EPS": -1.08,
        "Diluted NI Availto Com Stockholders": -243977000.0,
        "Average Dilution Earnings": 0.0,
        "Net Income Common Stockholders": -243977000.0,
        "Net Income": -243977000.0,
        "Net Income Including Noncontrolling Interests": -243977000.0,
        "Net Income Continuous Operations": -243977000.0,
        "Tax Provision": 0.0,
        "Pretax Income": -243977000.0,
        "Other Income Expense": -175755000.0,
        "Other Non Operating Income Expenses": 2184000.0,
        "Special Income Charges": -177939000.0,
        "Other Special Charges": 177939000.0,
        "Net Non Operating Interest Income Expense": -7254000.0,
        "Interest Expense Non Operating": 7254000.0,
        "Interest Income Non Operating": 720000.0,
        "Operating Income": -60968000.0,
        "Operating Expense": 54410000.0,
        "Research And Development": 18524000.0,
        "Selling General And Administration": 35886000.0,
        "Gross Profit": -6558000.0,
        "Cost Of Revenue": 86087000.0,
        "Total Revenue": 79529000.0,
        "Operating Revenue": 79529000.0
    },
    "2022-12-31": {
        "Tax Effect Of Unusual Items": 0.0,
        "Tax Rate For Calcs": 0.0,
        "Normalized EBITDA": -70570000.0,
        "Total Unusual Items": 0.0,
        "Total Unusual Items Excluding Goodwill": 0.0,
        "Net Income From Continuing Operation Net Minority Interest": -80990000.0,
        "Reconciled Depreciation": 3023000.0,
        "Reconciled Cost Of Revenue": 100263000.0,
        "EBIT": -73593000.0,
        "Net Interest Income": -7397000.0,
        "Interest Expense": 7397000.0,
        "Interest Income": 508000.0,
        "Normalized Income": -80990000.0,
        "Net Income From Continuing And Discontinued Operation": -80990000.0,
        "Total Expenses": 153610000.0,
        "Total Operating Income As Reported": -73614000.0,
        "Diluted Average Shares": 251452000.0,
        "Basic Average Shares": 225841000.0,
        "Diluted EPS": -0.5,
        "Basic EPS": -0.36,
        "Diluted NI Availto Com Stockholders": -80990000.0,
        "Average Dilution Earnings": 7824000.0,
        "Net Income Common Stockholders": -80990000.0,
        "Net Income": -80990000.0,
        "Net Income Including Noncontrolling Interests": -80990000.0,
        "Net Income Continuous Operations": -80990000.0,
        "Tax Provision": 0.0,
        "Pretax Income": -80990000.0,
        "Other Income Expense": 21000.0,
        "Other Non Operating Income Expenses": 21000.0,
        "Special Income Charges": 0.0,
        "Other Special Charges": 0.0,
        "Net Non Operating Interest Income Expense": -7397000.0,
        "Interest Expense Non Operating": 7397000.0,
        "Interest Income Non Operating": 508000.0,
        "Operating Income": -73614000.0,
        "Operating Expense": 53347000.0,
        "Research And Development": 18779000.0,
        "Selling General And Administration": 34568000.0,
        "Gross Profit": -20267000.0,
        "Cost Of Revenue": 100263000.0,
        "Total Revenue": 79996000.0,
        "Operating Revenue": 79996000.0
    },
    "2022-09-30": {
        "Tax Effect Of Unusual Items": 0.0,
        "Tax Rate For Calcs": 0.0,
        "Normalized EBITDA": -54789000.0,
        "Total Unusual Items": 0.0,
        "Total Unusual Items Excluding Goodwill": 0.0,
        "Net Income From Continuing Operation Net Minority Interest": -65061000.0,
        "Reconciled Depreciation": 2911000.0,
        "Reconciled Cost Of Revenue": 97499000.0,
        "EBIT": -57700000.0,
        "Net Interest Income": -7361000.0,
        "Interest Expense": 7361000.0,
        "Interest Income": 345000.0,
        "Normalized Income": -65061000.0,
        "Net Income From Continuing And Discontinued Operation": -65061000.0,
        "Total Expenses": 154218000.0,
        "Total Operating Income As Reported": -57995000.0,
        "Diluted Average Shares": 250704000.0,
        "Basic Average Shares": 225291000.0,
        "Diluted EPS": -0.45,
        "Basic EPS": -0.29,
        "Diluted NI Availto Com Stockholders": -65061000.0,
        "Average Dilution Earnings": -47891000.0,
        "Net Income Common Stockholders": -65061000.0,
        "Net Income": -65061000.0,
        "Net Income Including Noncontrolling Interests": -65061000.0,
        "Net Income Continuous Operations": -65061000.0,
        "Tax Provision": 0.0,
        "Pretax Income": -65061000.0,
        "Other Income Expense": 295000.0,
        "Other Non Operating Income Expenses": 295000.0,
        "Special Income Charges": 0.0,
        "Other Special Charges": NaN,
        "Net Non Operating Interest Income Expense": -7361000.0,
        "Interest Expense Non Operating": 7361000.0,
        "Interest Income Non Operating": 345000.0,
        "Operating Income": -57995000.0,
        "Operating Expense": 56719000.0,
        "Research And Development": 18165000.0,
        "Selling General And Administration": 38554000.0,
        "Gross Profit": -1276000.0,
        "Cost Of Revenue": 97499000.0,
        "Total Revenue": 96223000.0,
        "Operating Revenue": 96223000.0
    },
    "2022-06-30": {
        "Tax Effect Of Unusual Items": 0.0,
        "Tax Rate For Calcs": 0.0,
        "Normalized EBITDA": -41780000.0,
        "Total Unusual Items": 10201000.0,
        "Total Unusual Items Excluding Goodwill": 10201000.0,
        "Net Income From Continuing Operation Net Minority Interest": -41821000.0,
        "Reconciled Depreciation": 3291000.0,
        "Reconciled Cost Of Revenue": 74009000.0,
        "EBIT": -34870000.0,
        "Net Interest Income": -6951000.0,
        "Interest Expense": 6951000.0,
        "Interest Income": 749000.0,
        "Normalized Income": -52022000.0,
        "Net Income From Continuing And Discontinued Operation": -41821000.0,
        "Total Expenses": 120618000.0,
        "Total Operating Income As Reported": -46054000.0,
        "Diluted Average Shares": 248876000.0,
        "Basic Average Shares": 223745000.0,
        "Diluted EPS": -0.38,
        "Basic EPS": -0.19,
        "Diluted NI Availto Com Stockholders": -41821000.0,
        "Average Dilution Earnings": -51623000.0,
        "Net Income Common Stockholders": -41821000.0,
        "Net Income": -41821000.0,
        "Net Income Including Noncontrolling Interests": -41821000.0,
        "Net Income Continuous Operations": -41821000.0,
        "Tax Provision": 0.0,
        "Pretax Income": -41821000.0,
        "Other Income Expense": 11184000.0,
        "Other Non Operating Income Expenses": 983000.0,
        "Special Income Charges": 10201000.0,
        "Other Special Charges": -10201000.0,
        "Net Non Operating Interest Income Expense": -6951000.0,
        "Interest Expense Non Operating": 6951000.0,
        "Interest Income Non Operating": 749000.0,
        "Operating Income": -46054000.0,
        "Operating Expense": 46609000.0,
        "Research And Development": 14904000.0,
        "Selling General And Administration": 31705000.0,
        "Gross Profit": 555000.0,
        "Cost Of Revenue": 74009000.0,
        "Total Revenue": 74564000.0,
        "Operating Revenue": 74564000.0
    },
    "2022-03-31": {
        "Diluted EPS": -0.43,
        "Total Revenue": 59,
        "Gross Profit": -3,
        "Operating Income": -43,
        "EBIT": -35,
        "Net Income": -50
    },
    "2021-12-31": {
        "Diluted EPS": 11.25,
        "Total Revenue": 68,
        "Gross Profit": -3,
        "Operating Income": -41,
        "EBIT": -32,
        "Net Income": -45
    },
    "2021-09-30": {
        "Diluted EPS": -0.42,
        "Total Revenue": 62,
        "Gross Profit": 3,
        "Operating Income": -30,
        "EBIT": -21,
        "Net Income": 36
    },
    "2021-06-30": {
        "Diluted EPS": -4.24,
        "Total Revenue": 59,
        "Gross Profit": 1,
        "Operating Income": -30,
        "EBIT": 1,
        "Net Income": -189
    },
    "2021-03-31": {
        "Diluted EPS": -8.66,
        "Total Revenue": 54,
        "Gross Profit": 1,
        "Operating Income": -27,
        "EBIT": -18,
        "Net Income": -52
    },
    "2020-12-31": {
        "Diluted EPS": 0.0,
        "Total Revenue": NaN,
        "Gross Profit": NaN,
        "Operating Income": NaN,
        "EBIT": NaN,
        "Net Income": NaN
    },
    "2020-09-30": {
        "Diluted EPS": -10.64,
        "Total Revenue": 48,
        "Gross Profit": 2,
        "Operating Income": -23,
        "EBIT": -16,
        "Net Income": -47
    },
    "2020-06-30": {
        "Diluted EPS": -5.59,
        "Total Revenue": 42,
        "Gross Profit": 2,
        "Operating Income": -21,
        "EBIT": -21,
        "Net Income": -23
    },
    "2019-12-31": {
        "Diluted EPS": 0.0,
        "Total Revenue": NaN,
        "Gross Profit": NaN,
        "Operating Income": NaN,
        "EBIT": NaN,
        "Net Income": NaN
    }
}