{
    "2023-06-30": {
        "Tax Effect Of Unusual Items": -108534.96719,
        "Tax Rate For Calcs": 0.253595,
        "Total Unusual Items": -427985.0,
        "Total Unusual Items Excluding Goodwill": -427985.0,
        "Net Income From Continuing Operation Net Minority Interest": 3764495.0,
        "Reconciled Depreciation": 118508.0,
        "Net Interest Income": 14839646.0,
        "Interest Expense": 3984118.0,
        "Interest Income": 18823764.0,
        "Normalized Income": 4083945.03281,
        "Net Income From Continuing And Discontinued Operation": 3764495.0,
        "Diluted Average Shares": 18011938.0,
        "Basic Average Shares": 18011938.0,
        "Diluted EPS": 0.209,
        "Basic EPS": 0.209,
        "Diluted NI Availto Com Stockholders": 3764495.0,
        "Net Income Common Stockholders": 3764495.0,
        "Net Income": 3764495.0,
        "Minority Interests": 84539.0,
        "Net Income Including Noncontrolling Interests": 3679956.0,
        "Net Income Continuous Operations": 3679956.0,
        "Tax Provision": 1250286.0,
        "Pretax Income": 4930242.0,
        "Special Income Charges": -427985.0,
        "Write Off": 0.0,
        "Restructuring And Mergern Acquisition": 427985.0,
        "Gain On Sale Of Security": NaN,
        "Depreciation Amortization Depletion Income Statement": 118508.0,
        "Depreciation And Amortization In Income Statement": 118508.0,
        "Amortization": 118508.0,
        "Amortization Of Intangibles Income Statement": 118508.0,
        "Selling General And Administration": 5849299.0,
        "General And Administrative Expense": 5849299.0,
        "Salaries And Wages": 5849299.0,
        "Total Revenue": 15914746.0,
        "Operating Revenue": 15914746.0
    },
    "2023-03-31": {
        "Tax Effect Of Unusual Items": -256994.145,
        "Tax Rate For Calcs": 0.249,
        "Total Unusual Items": -1032105.0,
        "Total Unusual Items Excluding Goodwill": -1032105.0,
        "Net Income From Continuing Operation Net Minority Interest": 3329552.0,
        "Reconciled Depreciation": 121793.0,
        "Net Interest Income": 15169027.0,
        "Interest Expense": 2823098.0,
        "Interest Income": 17992125.0,
        "Normalized Income": 4104662.855,
        "Net Income From Continuing And Discontinued Operation": 3329552.0,
        "Diluted Average Shares": 17997578.0,
        "Basic Average Shares": 17997578.0,
        "Diluted EPS": 0.185,
        "Basic EPS": 0.185,
        "Diluted NI Availto Com Stockholders": 3329552.0,
        "Net Income Common Stockholders": 3329552.0,
        "Net Income": 3329552.0,
        "Minority Interests": 31311.0,
        "Net Income Including Noncontrolling Interests": 3298241.0,
        "Net Income Continuous Operations": 3298241.0,
        "Tax Provision": 1186505.0,
        "Pretax Income": 4484746.0,
        "Special Income Charges": -1032105.0,
        "Write Off": NaN,
        "Restructuring And Mergern Acquisition": 1032105.0,
        "Gain On Sale Of Security": NaN,
        "Depreciation Amortization Depletion Income Statement": 121793.0,
        "Depreciation And Amortization In Income Statement": 121793.0,
        "Amortization": 121793.0,
        "Amortization Of Intangibles Income Statement": 121793.0,
        "Selling General And Administration": 6004235.0,
        "General And Administrative Expense": 6004235.0,
        "Salaries And Wages": 6004235.0,
        "Total Revenue": 16422275.0,
        "Operating Revenue": 16422275.0,
        "Gross Profit": 16,
        "Operating Income": 6,
        "EBIT": NaN
    },
    "2022-12-31": {
        "Tax Effect Of Unusual Items": -194117.0,
        "Tax Rate For Calcs": 0.275,
        "Total Unusual Items": -705880.0,
        "Total Unusual Items Excluding Goodwill": -705880.0,
        "Net Income From Continuing Operation Net Minority Interest": 4216886.0,
        "Reconciled Depreciation": 125079.0,
        "Net Interest Income": 16326724.0,
        "Interest Expense": 1700684.0,
        "Interest Income": 18027408.0,
        "Normalized Income": 4728649.0,
        "Net Income From Continuing And Discontinued Operation": 4216886.0,
        "Diluted Average Shares": 18020880.0,
        "Basic Average Shares": 17944196.0,
        "Diluted EPS": 0.234,
        "Basic EPS": 0.235,
        "Diluted NI Availto Com Stockholders": 4216886.0,
        "Net Income Common Stockholders": 4216886.0,
        "Net Income": 4216886.0,
        "Minority Interests": 20161.0,
        "Net Income Including Noncontrolling Interests": 4196725.0,
        "Net Income Continuous Operations": 4196725.0,
        "Tax Provision": 1597973.0,
        "Pretax Income": 5794698.0,
        "Special Income Charges": -679971.0,
        "Write Off": 0.0,
        "Restructuring And Mergern Acquisition": 679971.0,
        "Gain On Sale Of Security": 0.0,
        "Depreciation Amortization Depletion Income Statement": 125079.0,
        "Depreciation And Amortization In Income Statement": 125079.0,
        "Amortization": 125079.0,
        "Amortization Of Intangibles Income Statement": 125079.0,
        "Selling General And Administration": 5686172.0,
        "General And Administrative Expense": 5686172.0,
        "Salaries And Wages": 5686172.0,
        "Total Revenue": 17542028.0,
        "Operating Revenue": 17542028.0,
        "Gross Profit": 18,
        "Operating Income": 6,
        "EBIT": NaN
    },
    "2022-09-30": {
        "Tax Effect Of Unusual Items": -40434.568199,
        "Tax Rate For Calcs": 0.24152,
        "Total Unusual Items": -167417.0,
        "Total Unusual Items Excluding Goodwill": -167417.0,
        "Net Income From Continuing Operation Net Minority Interest": 4109551.0,
        "Reconciled Depreciation": 128364.0,
        "Net Interest Income": 14874866.0,
        "Interest Expense": 1581636.0,
        "Interest Income": 16456502.0,
        "Normalized Income": 4236533.431801,
        "Net Income From Continuing And Discontinued Operation": 4109551.0,
        "Diluted Average Shares": 17994000.0,
        "Basic Average Shares": 17962000.0,
        "Diluted EPS": 0.23,
        "Basic EPS": 0.23,
        "Diluted NI Availto Com Stockholders": 4109551.0,
        "Net Income Common Stockholders": 4109551.0,
        "Net Income": 4109551.0,
        "Minority Interests": 52112.0,
        "Net Income Including Noncontrolling Interests": 4057439.0,
        "Net Income Continuous Operations": 4057439.0,
        "Tax Provision": 1291996.0,
        "Pretax Income": 5349435.0,
        "Special Income Charges": -167417.0,
        "Write Off": 0.0,
        "Restructuring And Mergern Acquisition": 167417.0,
        "Gain On Sale Of Security": -5322.0,
        "Depreciation Amortization Depletion Income Statement": 128364.0,
        "Depreciation And Amortization In Income Statement": 128364.0,
        "Amortization": 128364.0,
        "Amortization Of Intangibles Income Statement": 128364.0,
        "Selling General And Administration": 5687787.0,
        "General And Administrative Expense": 5687787.0,
        "Salaries And Wages": 5687787.0,
        "Total Revenue": 16116011.0,
        "Operating Revenue": 16116011.0,
        "Gross Profit": 16,
        "Operating Income": 6,
        "EBIT": NaN
    },
    "2022-06-30": {
        "Tax Effect Of Unusual Items": -35577.26784,
        "Tax Rate For Calcs": 0.225242,
        "Total Unusual Items": -157951.0,
        "Total Unusual Items Excluding Goodwill": -157951.0,
        "Net Income From Continuing Operation Net Minority Interest": 3179796.0,
        "Reconciled Depreciation": 131649.0,
        "Net Interest Income": 12889503.0,
        "Interest Expense": 1633561.0,
        "Interest Income": 14523064.0,
        "Normalized Income": 3302169.73216,
        "Net Income From Continuing And Discontinued Operation": 3179796.0,
        "Diluted Average Shares": 17994000.0,
        "Basic Average Shares": 17962000.0,
        "Diluted EPS": 0.18,
        "Basic EPS": 0.18,
        "Diluted NI Availto Com Stockholders": 3179796.0,
        "Net Income Common Stockholders": 3179796.0,
        "Net Income": 3179796.0,
        "Minority Interests": -3954.0,
        "Net Income Including Noncontrolling Interests": 3183750.0,
        "Net Income Continuous Operations": 3183750.0,
        "Tax Provision": 925600.0,
        "Pretax Income": 4109350.0,
        "Special Income Charges": -157951.0,
        "Write Off": 1182.0,
        "Restructuring And Mergern Acquisition": 156769.0,
        "Gain On Sale Of Security": 0.0,
        "Depreciation Amortization Depletion Income Statement": 131649.0,
        "Depreciation And Amortization In Income Statement": 131649.0,
        "Amortization": 131649.0,
        "Amortization Of Intangibles Income Statement": 131649.0,
        "Selling General And Administration": 5504330.0,
        "General And Administrative Expense": 5504330.0,
        "Salaries And Wages": 5504330.0,
        "Total Revenue": 14343354.0,
        "Operating Revenue": 14343354.0,
        "Gross Profit": 14,
        "Operating Income": 4,
        "EBIT": NaN
    },
    "2022-03-31": {
        "Diluted EPS": 0.12,
        "Total Revenue": 15,
        "Gross Profit": 13,
        "Operating Income": 3,
        "EBIT": NaN,
        "Net Income": 2
    },
    "2021-12-31": {
        "Diluted EPS": 0.09,
        "Total Revenue": 16,
        "Gross Profit": 14,
        "Operating Income": 3,
        "EBIT": NaN,
        "Net Income": 1
    },
    "2021-09-30": {
        "Diluted EPS": 0.15,
        "Total Revenue": 16,
        "Gross Profit": 14,
        "Operating Income": 4,
        "EBIT": NaN,
        "Net Income": 3
    },
    "2021-06-30": {
        "Diluted EPS": 0.12,
        "Total Revenue": 16,
        "Gross Profit": 14,
        "Operating Income": 3,
        "EBIT": NaN,
        "Net Income": 2
    },
    "2021-03-31": {
        "Diluted EPS": 0.06,
        "Total Revenue": 16,
        "Gross Profit": 13,
        "Operating Income": 2,
        "EBIT": NaN,
        "Net Income": 1
    },
    "2020-12-31": {
        "Diluted EPS": 0.06,
        "Total Revenue": 17,
        "Gross Profit": 14,
        "Operating Income": 2,
        "EBIT": NaN,
        "Net Income": 1
    },
    "2020-09-30": {
        "Diluted EPS": 0.06,
        "Total Revenue": 16,
        "Gross Profit": 13,
        "Operating Income": 2,
        "EBIT": NaN,
        "Net Income": 1
    },
    "2020-06-30": {
        "Diluted EPS": 0.06,
        "Total Revenue": 16,
        "Gross Profit": 13,
        "Operating Income": 1,
        "EBIT": NaN,
        "Net Income": 1
    },
    "2020-03-31": {
        "Diluted EPS": 0.14,
        "Total Revenue": 16,
        "Gross Profit": 13,
        "Operating Income": 3,
        "EBIT": NaN,
        "Net Income": 2
    },
    "2019-12-31": {
        "Diluted EPS": 0.04,
        "Total Revenue": 13,
        "Gross Profit": 10,
        "Operating Income": 2,
        "EBIT": NaN,
        "Net Income": 1
    },
    "2019-09-30": {
        "Diluted EPS": 0.18,
        "Total Revenue": 10,
        "Gross Profit": 8,
        "Operating Income": 3,
        "EBIT": NaN,
        "Net Income": 2
    },
    "2019-06-30": {
        "Diluted EPS": 0.18,
        "Total Revenue": 10,
        "Gross Profit": 8,
        "Operating Income": 2,
        "EBIT": NaN,
        "Net Income": 2
    },
    "2019-03-31": {
        "Diluted EPS": 0.14,
        "Total Revenue": 10,
        "Gross Profit": 8,
        "Operating Income": 2,
        "EBIT": NaN,
        "Net Income": 1
    },
    "2018-12-31": {
        "Diluted EPS": 0.0,
        "Total Revenue": NaN,
        "Gross Profit": NaN,
        "Operating Income": NaN,
        "EBIT": NaN,
        "Net Income": NaN
    },
    "2018-09-30": {
        "Diluted EPS": 0.19,
        "Total Revenue": 9,
        "Gross Profit": 8,
        "Operating Income": 2,
        "EBIT": NaN,
        "Net Income": 2
    },
    "2018-06-30": {
        "Diluted EPS": 0.08,
        "Total Revenue": 9,
        "Gross Profit": 8,
        "Operating Income": 1,
        "EBIT": NaN,
        "Net Income": 1
    }
}