{
    "2023-06-30": {
        "Tax Effect Of Unusual Items": 70973.630832,
        "Tax Rate For Calcs": 0.272976,
        "Normalized EBITDA": 14721000.0,
        "Total Unusual Items": 260000.0,
        "Total Unusual Items Excluding Goodwill": 260000.0,
        "Net Income From Continuing Operation Net Minority Interest": 9319000.0,
        "Reconciled Depreciation": 15757000.0,
        "Reconciled Cost Of Revenue": 181630000.0,
        "EBITDA": 14981000.0,
        "EBIT": 14981000.0,
        "Net Interest Income": -2163000.0,
        "Interest Expense": 2163000.0,
        "Normalized Income": 9129973.630832,
        "Net Income From Continuing And Discontinued Operation": 9319000.0,
        "Total Expenses": 193883000.0,
        "Rent Expense Supplemental": 78329000.0,
        "Total Operating Income As Reported": 13789000.0,
        "Diluted Average Shares": 22182000.0,
        "Basic Average Shares": 22035245.0,
        "Diluted EPS": 0.42,
        "Basic EPS": 0.422913,
        "Diluted NI Availto Com Stockholders": 9319000.0,
        "Net Income Common Stockholders": 9319000.0,
        "Net Income": 9319000.0,
        "Net Income Including Noncontrolling Interests": 9319000.0,
        "Net Income Continuous Operations": 9319000.0,
        "Tax Provision": 3499000.0,
        "Pretax Income": 12818000.0,
        "Other Income Expense": 1452000.0,
        "Other Non Operating Income Expenses": 1192000.0,
        "Special Income Charges": 260000.0,
        "Gain On Sale Of Ppe": 260000.0,
        "Net Non Operating Interest Income Expense": -2163000.0,
        "Interest Expense Non Operating": 2163000.0,
        "Operating Income": 13529000.0,
        "Operating Expense": 12253000.0,
        "Other Operating Expenses": 7208000.0,
        "Selling General And Administration": 5045000.0,
        "General And Administrative Expense": 5045000.0,
        "Insurance And Claims": 5045000.0,
        "Gross Profit": 25782000.0,
        "Cost Of Revenue": 181630000.0,
        "Total Revenue": 207412000.0,
        "Operating Revenue": 207412000.0
    },
    "2023-03-31": {
        "Tax Effect Of Unusual Items": 148387.815961,
        "Tax Rate For Calcs": 0.257171,
        "Normalized EBITDA": 8821000.0,
        "Total Unusual Items": 577000.0,
        "Total Unusual Items Excluding Goodwill": 577000.0,
        "Net Income From Continuing Operation Net Minority Interest": 5231000.0,
        "Reconciled Depreciation": 16497000.0,
        "Reconciled Cost Of Revenue": 192944000.0,
        "EBITDA": 9398000.0,
        "EBIT": 9398000.0,
        "Net Interest Income": -2356000.0,
        "Interest Expense": 2356000.0,
        "Normalized Income": 4802387.815961,
        "Net Income From Continuing And Discontinued Operation": 5231000.0,
        "Total Expenses": 213802000.0,
        "Rent Expense Supplemental": 87096000.0,
        "Total Operating Income As Reported": 8499000.0,
        "Diluted Average Shares": 22317000.0,
        "Basic Average Shares": 22050556.0,
        "Diluted EPS": 0.23,
        "Basic EPS": 0.237228,
        "Diluted NI Availto Com Stockholders": 5231000.0,
        "Net Income Common Stockholders": 5231000.0,
        "Net Income": 5231000.0,
        "Net Income Including Noncontrolling Interests": 5231000.0,
        "Net Income Continuous Operations": 5231000.0,
        "Tax Provision": 1811000.0,
        "Pretax Income": 7042000.0,
        "Other Income Expense": 1476000.0,
        "Other Non Operating Income Expenses": 899000.0,
        "Special Income Charges": 577000.0,
        "Gain On Sale Of Ppe": 577000.0,
        "Net Non Operating Interest Income Expense": -2356000.0,
        "Interest Expense Non Operating": 2356000.0,
        "Operating Income": 7922000.0,
        "Operating Expense": 20858000.0,
        "Other Operating Expenses": 5423000.0,
        "Selling General And Administration": 15435000.0,
        "General And Administrative Expense": 15435000.0,
        "Insurance And Claims": 15435000.0,
        "Gross Profit": 28780000.0,
        "Cost Of Revenue": 192944000.0,
        "Total Revenue": 221724000.0,
        "Operating Revenue": 221724000.0
    },
    "2022-12-31": {
        "Tax Effect Of Unusual Items": 145325.481172,
        "Tax Rate For Calcs": 0.247573,
        "Normalized EBITDA": 25656000.0,
        "Total Unusual Items": 587000.0,
        "Total Unusual Items Excluding Goodwill": 587000.0,
        "Net Income From Continuing Operation Net Minority Interest": 17983000.0,
        "Reconciled Depreciation": 16159000.0,
        "Reconciled Cost Of Revenue": 199307000.0,
        "EBITDA": 26243000.0,
        "EBIT": 26243000.0,
        "Net Interest Income": -2343000.0,
        "Interest Expense": 2343000.0,
        "Normalized Income": 17541325.481172,
        "Net Income From Continuing And Discontinued Operation": 17983000.0,
        "Total Expenses": 217957000.0,
        "Rent Expense Supplemental": 91450000.0,
        "Total Operating Income As Reported": 20246000.0,
        "Diluted Average Shares": 22319000.0,
        "Basic Average Shares": 22166450.0,
        "Diluted EPS": 0.81,
        "Basic EPS": 0.811271,
        "Diluted NI Availto Com Stockholders": 17983000.0,
        "Net Income Common Stockholders": 17983000.0,
        "Net Income": 17983000.0,
        "Net Income Including Noncontrolling Interests": 17983000.0,
        "Net Income Continuous Operations": 17983000.0,
        "Tax Provision": 5917000.0,
        "Pretax Income": 23900000.0,
        "Other Income Expense": 6584000.0,
        "Other Non Operating Income Expenses": 5997000.0,
        "Special Income Charges": 587000.0,
        "Gain On Sale Of Ppe": 587000.0,
        "Net Non Operating Interest Income Expense": -2343000.0,
        "Interest Expense Non Operating": 2343000.0,
        "Operating Income": 19659000.0,
        "Operating Expense": 18650000.0,
        "Other Operating Expenses": 5415000.0,
        "Selling General And Administration": 13235000.0,
        "General And Administrative Expense": 13235000.0,
        "Insurance And Claims": 13235000.0,
        "Gross Profit": 38309000.0,
        "Cost Of Revenue": 199307000.0,
        "Total Revenue": 237616000.0,
        "Operating Revenue": 237616000.0
    },
    "2022-09-30": {
        "Tax Effect Of Unusual Items": 292372.928961,
        "Tax Rate For Calcs": 0.224729,
        "Normalized EBITDA": 32308000.0,
        "Total Unusual Items": 1301000.0,
        "Total Unusual Items Excluding Goodwill": 1301000.0,
        "Net Income From Continuing Operation Net Minority Interest": 24566000.0,
        "Reconciled Depreciation": 16289000.0,
        "Reconciled Cost Of Revenue": 208708000.0,
        "EBITDA": 33609000.0,
        "EBIT": 33609000.0,
        "Net Interest Income": -1922000.0,
        "Interest Expense": 1922000.0,
        "Normalized Income": 23557372.928961,
        "Net Income From Continuing And Discontinued Operation": 24566000.0,
        "Total Expenses": 218436000.0,
        "Rent Expense Supplemental": 93501000.0,
        "Total Operating Income As Reported": 35495000.0,
        "Diluted Average Shares": 22440000.0,
        "Basic Average Shares": 22187063.0,
        "Diluted EPS": 1.09,
        "Basic EPS": 1.107222,
        "Diluted NI Availto Com Stockholders": 24566000.0,
        "Net Income Common Stockholders": 24566000.0,
        "Net Income": 24566000.0,
        "Net Income Including Noncontrolling Interests": 24566000.0,
        "Net Income Continuous Operations": 24566000.0,
        "Tax Provision": 7121000.0,
        "Pretax Income": 31687000.0,
        "Other Income Expense": -585000.0,
        "Other Non Operating Income Expenses": -1886000.0,
        "Special Income Charges": 1301000.0,
        "Gain On Sale Of Ppe": 1301000.0,
        "Net Non Operating Interest Income Expense": -1922000.0,
        "Interest Expense Non Operating": 1922000.0,
        "Operating Income": 34194000.0,
        "Operating Expense": 9728000.0,
        "Other Operating Expenses": 4579000.0,
        "Selling General And Administration": 5149000.0,
        "General And Administrative Expense": 5149000.0,
        "Insurance And Claims": 5149000.0,
        "Gross Profit": 43922000.0,
        "Cost Of Revenue": 208708000.0,
        "Total Revenue": 252630000.0,
        "Operating Revenue": 252630000.0
    },
    "2022-06-30": {
        "Tax Effect Of Unusual Items": 291202.778738,
        "Tax Rate For Calcs": 0.23987,
        "Normalized EBITDA": 48078000.0,
        "Total Unusual Items": 1214000.0,
        "Total Unusual Items Excluding Goodwill": 1214000.0,
        "Net Income From Continuing Operation Net Minority Interest": 24182000.0,
        "Reconciled Depreciation": 15481000.0,
        "Reconciled Cost Of Revenue": 190525000.0,
        "EBITDA": 49292000.0,
        "EBIT": 33811000.0,
        "Net Interest Income": -1998000.0,
        "Interest Expense": 1998000.0,
        "Normalized Income": 23259202.778738,
        "Net Income From Continuing And Discontinued Operation": 24182000.0,
        "Total Expenses": 201699000.0,
        "Rent Expense Supplemental": 88643000.0,
        "Total Operating Income As Reported": 36683000.0,
        "Diluted Average Shares": 22445000.0,
        "Basic Average Shares": 22268000.0,
        "Diluted EPS": 1.08,
        "Basic EPS": 1.09,
        "Diluted NI Availto Com Stockholders": 24182000.0,
        "Net Income Common Stockholders": 24182000.0,
        "Net Income": 24182000.0,
        "Net Income Including Noncontrolling Interests": 24182000.0,
        "Net Income Continuous Operations": 24182000.0,
        "Tax Provision": 7631000.0,
        "Pretax Income": 31813000.0,
        "Other Income Expense": -1658000.0,
        "Other Non Operating Income Expenses": -2872000.0,
        "Special Income Charges": 1214000.0,
        "Gain On Sale Of Ppe": 1214000.0,
        "Net Non Operating Interest Income Expense": -1998000.0,
        "Interest Expense Non Operating": 1998000.0,
        "Operating Income": 35469000.0,
        "Operating Expense": 11174000.0,
        "Other Operating Expenses": 3905000.0,
        "Selling General And Administration": 7269000.0,
        "General And Administrative Expense": 7269000.0,
        "Insurance And Claims": 7269000.0,
        "Gross Profit": 46643000.0,
        "Cost Of Revenue": 190525000.0,
        "Total Revenue": 237168000.0,
        "Operating Revenue": 237168000.0
    },
    "2022-03-31": {
        "Diluted EPS": 1.06,
        "Total Revenue": 219,
        "Gross Profit": 128,
        "Operating Income": 31,
        "EBIT": 46,
        "Net Income": 24
    },
    "2021-12-31": {
        "Diluted EPS": 1.23,
        "Total Revenue": 214,
        "Gross Profit": 127,
        "Operating Income": 35,
        "EBIT": 48,
        "Net Income": 28
    },
    "2021-09-30": {
        "Diluted EPS": 0.93,
        "Total Revenue": 183,
        "Gross Profit": 110,
        "Operating Income": 31,
        "EBIT": 44,
        "Net Income": 21
    },
    "2021-06-30": {
        "Diluted EPS": 0.67,
        "Total Revenue": 161,
        "Gross Profit": 100,
        "Operating Income": 21,
        "EBIT": 35,
        "Net Income": 15
    },
    "2021-03-31": {
        "Diluted EPS": 0.52,
        "Total Revenue": 149,
        "Gross Profit": 91,
        "Operating Income": 14,
        "EBIT": 28,
        "Net Income": 12
    },
    "2020-12-31": {
        "Diluted EPS": 0.6,
        "Total Revenue": 143,
        "Gross Profit": 91,
        "Operating Income": 16,
        "EBIT": 31,
        "Net Income": 14
    },
    "2020-09-30": {
        "Diluted EPS": 0.26,
        "Total Revenue": 122,
        "Gross Profit": 81,
        "Operating Income": 10,
        "EBIT": 23,
        "Net Income": 6
    },
    "2020-06-30": {
        "Diluted EPS": -0.04,
        "Total Revenue": 93,
        "Gross Profit": 63,
        "Operating Income": -2,
        "EBIT": 12,
        "Net Income": -1
    },
    "2020-03-31": {
        "Diluted EPS": -0.06,
        "Total Revenue": 129,
        "Gross Profit": 86,
        "Operating Income": 9,
        "EBIT": 24,
        "Net Income": -1
    },
    "2019-12-31": {
        "Diluted EPS": -0.57,
        "Total Revenue": 123,
        "Gross Profit": 84,
        "Operating Income": -18,
        "EBIT": -4,
        "Net Income": -14
    },
    "2019-09-30": {
        "Diluted EPS": 0.2,
        "Total Revenue": 129,
        "Gross Profit": 88,
        "Operating Income": 8,
        "EBIT": 22,
        "Net Income": 5
    },
    "2019-06-30": {
        "Diluted EPS": 0.36,
        "Total Revenue": 133,
        "Gross Profit": 90,
        "Operating Income": 13,
        "EBIT": 27,
        "Net Income": 9
    },
    "2019-03-31": {
        "Diluted EPS": 0.35,
        "Total Revenue": 129,
        "Gross Profit": 84,
        "Operating Income": 10,
        "EBIT": 23,
        "Net Income": 8
    },
    "2018-12-31": {
        "Diluted EPS": 0.25,
        "Total Revenue": 138,
        "Gross Profit": 88,
        "Operating Income": 15,
        "EBIT": 28,
        "Net Income": 6
    },
    "2018-09-30": {
        "Diluted EPS": 0.38,
        "Total Revenue": 140,
        "Gross Profit": 87,
        "Operating Income": 13,
        "EBIT": 25,
        "Net Income": 9
    },
    "2018-06-30": {
        "Diluted EPS": 0.29,
        "Total Revenue": 135,
        "Gross Profit": 83,
        "Operating Income": 10,
        "EBIT": 23,
        "Net Income": 7
    },
    "2018-03-31": {
        "Diluted EPS": 0.06,
        "Total Revenue": 119,
        "Gross Profit": 74,
        "Operating Income": 4,
        "EBIT": 15,
        "Net Income": 1
    },
    "2017-12-31": {
        "Diluted EPS": 1.23,
        "Total Revenue": 111,
        "Gross Profit": 67,
        "Operating Income": 3,
        "EBIT": 14,
        "Net Income": 32
    },
    "2017-09-30": {
        "Diluted EPS": 0.14,
        "Total Revenue": 109,
        "Gross Profit": 65,
        "Operating Income": 4,
        "EBIT": 14,
        "Net Income": 3
    },
    "2017-06-30": {
        "Diluted EPS": 0.06,
        "Total Revenue": 109,
        "Gross Profit": 65,
        "Operating Income": 3,
        "EBIT": 13,
        "Net Income": 2
    },
    "2017-03-31": {
        "Diluted EPS": 0.09,
        "Total Revenue": 109,
        "Gross Profit": 66,
        "Operating Income": 3,
        "EBIT": 13,
        "Net Income": 2
    },
    "2016-12-31": {
        "Diluted EPS": 0.03,
        "Total Revenue": 108,
        "Gross Profit": 68,
        "Operating Income": 2,
        "EBIT": 12,
        "Net Income": 1
    },
    "2016-09-30": {
        "Diluted EPS": 0.13,
        "Total Revenue": 109,
        "Gross Profit": 69,
        "Operating Income": 5,
        "EBIT": 15,
        "Net Income": 3
    },
    "2016-06-30": {
        "Diluted EPS": 0.15,
        "Total Revenue": 112,
        "Gross Profit": 71,
        "Operating Income": 7,
        "EBIT": 17,
        "Net Income": 4
    },
    "2016-03-31": {
        "Diluted EPS": 0.1,
        "Total Revenue": 104,
        "Gross Profit": 66,
        "Operating Income": 6,
        "EBIT": 15,
        "Net Income": 3
    },
    "2015-12-31": {
        "Diluted EPS": 0.12,
        "Total Revenue": 102,
        "Gross Profit": 66,
        "Operating Income": 5,
        "EBIT": 14,
        "Net Income": 3
    },
    "2015-09-30": {
        "Diluted EPS": 0.2,
        "Total Revenue": 107,
        "Gross Profit": 72,
        "Operating Income": 10,
        "EBIT": 19,
        "Net Income": 6
    },
    "2015-06-30": {
        "Diluted EPS": 0.24,
        "Total Revenue": 108,
        "Gross Profit": 74,
        "Operating Income": 12,
        "EBIT": 20,
        "Net Income": 7
    },
    "2015-03-31": {
        "Diluted EPS": 0.18,
        "Total Revenue": 99,
        "Gross Profit": 70,
        "Operating Income": 9,
        "EBIT": 17,
        "Net Income": 5
    },
    "2014-12-31": {
        "Diluted EPS": 0.07,
        "Total Revenue": 102,
        "Gross Profit": 77,
        "Operating Income": 3,
        "EBIT": 12,
        "Net Income": 2
    },
    "2014-09-30": {
        "Diluted EPS": 0.16,
        "Total Revenue": 107,
        "Gross Profit": 84,
        "Operating Income": 8,
        "EBIT": 17,
        "Net Income": 5
    },
    "2014-06-30": {
        "Diluted EPS": 0.16,
        "Total Revenue": 104,
        "Gross Profit": 82,
        "Operating Income": 9,
        "EBIT": 18,
        "Net Income": 5
    },
    "2014-03-31": {
        "Diluted EPS": 0.04,
        "Total Revenue": 98,
        "Gross Profit": 77,
        "Operating Income": 3,
        "EBIT": 12,
        "Net Income": 1
    },
    "2013-12-31": {
        "Diluted EPS": 0.04,
        "Total Revenue": 97,
        "Gross Profit": 76,
        "Operating Income": 2,
        "EBIT": 12,
        "Net Income": 1
    },
    "2013-09-30": {
        "Diluted EPS": 0.07,
        "Total Revenue": 102,
        "Gross Profit": 56,
        "Operating Income": 5,
        "EBIT": 14,
        "Net Income": 2
    },
    "2013-06-30": {
        "Diluted EPS": 0.08,
        "Total Revenue": 104,
        "Gross Profit": 58,
        "Operating Income": 5,
        "EBIT": 15,
        "Net Income": 3
    },
    "2013-03-31": {
        "Diluted EPS": -0.01,
        "Total Revenue": 100,
        "Gross Profit": 53,
        "Operating Income": 0,
        "EBIT": 10,
        "Net Income": 0
    },
    "2012-12-31": {
        "Diluted EPS": -0.01,
        "Total Revenue": 96,
        "Gross Profit": 53,
        "Operating Income": 0,
        "EBIT": 10,
        "Net Income": 0
    },
    "2012-09-30": {
        "Diluted EPS": 0.03,
        "Total Revenue": 95,
        "Gross Profit": 54,
        "Operating Income": 1,
        "EBIT": 11,
        "Net Income": 1
    },
    "2012-06-30": {
        "Diluted EPS": 0.03,
        "Total Revenue": 94,
        "Gross Profit": 60,
        "Operating Income": 1,
        "EBIT": 11,
        "Net Income": 1
    },
    "2012-03-31": {
        "Diluted EPS": 0.02,
        "Total Revenue": 96,
        "Gross Profit": 58,
        "Operating Income": 1,
        "EBIT": 10,
        "Net Income": 1
    },
    "2011-12-31": {
        "Diluted EPS": 0.0,
        "Total Revenue": 89,
        "Gross Profit": 47,
        "Operating Income": 0,
        "EBIT": 9,
        "Net Income": 0
    },
    "2011-09-30": {
        "Diluted EPS": -0.05,
        "Total Revenue": 89,
        "Gross Profit": 52,
        "Operating Income": -3,
        "EBIT": 5,
        "Net Income": -2
    },
    "2011-06-30": {
        "Diluted EPS": 0.02,
        "Total Revenue": 96,
        "Gross Profit": 56,
        "Operating Income": 2,
        "EBIT": 10,
        "Net Income": 1
    },
    "2011-03-31": {
        "Diluted EPS": -0.05,
        "Total Revenue": 85,
        "Gross Profit": 49,
        "Operating Income": -4,
        "EBIT": 4,
        "Net Income": -2
    },
    "2010-12-31": {
        "Diluted EPS": -0.03,
        "Total Revenue": 78,
        "Gross Profit": 48,
        "Operating Income": -2,
        "EBIT": 5,
        "Net Income": -1
    },
    "2010-09-30": {
        "Diluted EPS": -0.01,
        "Total Revenue": 87,
        "Gross Profit": 48,
        "Operating Income": 0,
        "EBIT": 6,
        "Net Income": 0
    },
    "2010-06-30": {
        "Diluted EPS": 0.03,
        "Total Revenue": 85,
        "Gross Profit": 49,
        "Operating Income": 2,
        "EBIT": 9,
        "Net Income": 1
    },
    "2010-03-31": {
        "Diluted EPS": -0.01,
        "Total Revenue": 82,
        "Gross Profit": 47,
        "Operating Income": 0,
        "EBIT": 7,
        "Net Income": 0
    },
    "2009-12-31": {
        "Diluted EPS": -0.1,
        "Total Revenue": 81,
        "Gross Profit": 47,
        "Operating Income": -6,
        "EBIT": 6,
        "Net Income": -4
    },
    "2009-09-30": {
        "Diluted EPS": -0.03,
        "Total Revenue": 77,
        "Gross Profit": 46,
        "Operating Income": -1,
        "EBIT": 7,
        "Net Income": -1
    },
    "2009-06-30": {
        "Diluted EPS": -0.06,
        "Total Revenue": 68,
        "Gross Profit": 42,
        "Operating Income": -4,
        "EBIT": 5,
        "Net Income": -2
    },
    "2009-03-31": {
        "Diluted EPS": -0.09,
        "Total Revenue": 66,
        "Gross Profit": 42,
        "Operating Income": -4,
        "EBIT": 5,
        "Net Income": -3
    },
    "2023-09-30": {
        "Tax Effect Of Unusual Items": 93672.64095,
        "Tax Rate For Calcs": 0.27632,
        "Normalized EBITDA": 10132000.0,
        "Total Unusual Items": 339000.0,
        "Total Unusual Items Excluding Goodwill": 339000.0,
        "Net Income From Continuing Operation Net Minority Interest": 6097000.0,
        "Reconciled Depreciation": NaN,
        "Reconciled Cost Of Revenue": 182557000.0,
        "EBITDA": 10471000.0,
        "EBIT": 10471000.0,
        "Net Interest Income": -2046000.0,
        "Interest Expense": 2046000.0,
        "Normalized Income": 5851672.64095,
        "Net Income From Continuing And Discontinued Operation": 6097000.0,
        "Total Expenses": 193008000.0,
        "Rent Expense Supplemental": 78595000.0,
        "Total Operating Income As Reported": 8833000.0,
        "Diluted Average Shares": 22139000.0,
        "Basic Average Shares": 22034370.0,
        "Diluted EPS": 0.276704,
        "Basic EPS": 0.276704,
        "Diluted NI Availto Com Stockholders": 6097000.0,
        "Net Income Common Stockholders": 6097000.0,
        "Net Income": 6097000.0,
        "Net Income Including Noncontrolling Interests": 6097000.0,
        "Net Income Continuous Operations": 6097000.0,
        "Tax Provision": 2328000.0,
        "Pretax Income": 8425000.0,
        "Other Income Expense": 1977000.0,
        "Other Non Operating Income Expenses": 1638000.0,
        "Special Income Charges": 339000.0,
        "Gain On Sale Of Ppe": 339000.0,
        "Net Non Operating Interest Income Expense": -2046000.0,
        "Interest Expense Non Operating": 2046000.0,
        "Operating Income": 8494000.0,
        "Operating Expense": 10451000.0,
        "Other Operating Expenses": 5305000.0,
        "Selling General And Administration": 5146000.0,
        "General And Administrative Expense": 5146000.0,
        "Insurance And Claims": 5146000.0,
        "Gross Profit": 18945000.0,
        "Cost Of Revenue": 182557000.0,
        "Total Revenue": 201502000.0,
        "Operating Revenue": 201502000.0
    }
}