{
    "2023-03-31": {
        "Tax Effect Of Unusual Items": -4968000.0,
        "Tax Rate For Calcs": 0.225,
        "Normalized EBITDA": 110634000.0,
        "Total Unusual Items": -22080000.0,
        "Total Unusual Items Excluding Goodwill": -22080000.0,
        "Net Income From Continuing Operation Net Minority Interest": 28733000.0,
        "Reconciled Depreciation": 50798000.0,
        "Reconciled Cost Of Revenue": 331284000.0,
        "EBITDA": 88554000.0,
        "EBIT": 37756000.0,
        "Net Interest Income": -667000.0,
        "Interest Expense": 667000.0,
        "Normalized Income": 45845000.0,
        "Net Income From Continuing And Discontinued Operation": 28733000.0,
        "Total Expenses": 360030000.0,
        "Total Operating Income As Reported": 41460000.0,
        "Diluted Average Shares": 115331000.0,
        "Basic Average Shares": 114881000.0,
        "Diluted EPS": 0.25,
        "Basic EPS": 0.25,
        "Diluted NI Availto Com Stockholders": 28733000.0,
        "Net Income Common Stockholders": 28733000.0,
        "Net Income": 28733000.0,
        "Net Income Including Noncontrolling Interests": 28733000.0,
        "Net Income Continuous Operations": 28733000.0,
        "Tax Provision": 8356000.0,
        "Pretax Income": 37089000.0,
        "Other Income Expense": -25784000.0,
        "Other Non Operating Income Expenses": -3704000.0,
        "Special Income Charges": -22080000.0,
        "Gain On Sale Of Ppe": -22080000.0,
        "Impairment Of Capital Assets": NaN,
        "Net Non Operating Interest Income Expense": -667000.0,
        "Interest Expense Non Operating": 667000.0,
        "Operating Income": 63540000.0,
        "Operating Expense": 28746000.0,
        "Selling General And Administration": 28746000.0,
        "General And Administrative Expense": 28746000.0,
        "Other Gand A": 28746000.0,
        "Gross Profit": 92286000.0,
        "Cost Of Revenue": 331284000.0,
        "Total Revenue": 423570000.0,
        "Operating Revenue": 423570000.0
    },
    "2022-12-31": {
        "Tax Effect Of Unusual Items": -17914501.584705,
        "Tax Rate For Calcs": 0.333299,
        "Normalized EBITDA": 81411000.0,
        "Total Unusual Items": -53749000.0,
        "Total Unusual Items Excluding Goodwill": -53749000.0,
        "Net Income From Continuing Operation Net Minority Interest": 13042000.0,
        "Reconciled Depreciation": 7535000.0,
        "Reconciled Cost Of Revenue": 250153000.0,
        "EBITDA": 27662000.0,
        "EBIT": 20127000.0,
        "Net Interest Income": -565000.0,
        "Interest Expense": 565000.0,
        "Normalized Income": 48876498.415295,
        "Net Income From Continuing And Discontinued Operation": 13042000.0,
        "Total Expenses": 276882000.0,
        "Total Operating Income As Reported": 18294000.0,
        "Diluted Average Shares": 115456000.0,
        "Basic Average Shares": 111172000.0,
        "Diluted EPS": 0.13,
        "Basic EPS": 0.13,
        "Diluted NI Availto Com Stockholders": 13042000.0,
        "Net Income Common Stockholders": 13042000.0,
        "Net Income": 13042000.0,
        "Net Income Including Noncontrolling Interests": 13042000.0,
        "Net Income Continuous Operations": 13042000.0,
        "Tax Provision": 6520000.0,
        "Pretax Income": 19562000.0,
        "Other Income Expense": -51916000.0,
        "Other Non Operating Income Expenses": 1833000.0,
        "Special Income Charges": -53749000.0,
        "Gain On Sale Of Ppe": -53749000.0,
        "Impairment Of Capital Assets": 0.0,
        "Net Non Operating Interest Income Expense": -565000.0,
        "Interest Expense Non Operating": 565000.0,
        "Operating Income": 72043000.0,
        "Operating Expense": 26729000.0,
        "Selling General And Administration": 26729000.0,
        "General And Administrative Expense": 26729000.0,
        "Other Gand A": 26729000.0,
        "Gross Profit": 98772000.0,
        "Cost Of Revenue": 250153000.0,
        "Total Revenue": 348925000.0,
        "Operating Revenue": 348925000.0
    },
    "2022-09-30": {
        "Tax Effect Of Unusual Items": -7922535.0,
        "Tax Rate For Calcs": 0.21625,
        "Normalized EBITDA": 80090000.0,
        "Total Unusual Items": -36636000.0,
        "Total Unusual Items Excluding Goodwill": -36636000.0,
        "Net Income From Continuing Operation Net Minority Interest": 10032000.0,
        "Reconciled Depreciation": 30417000.0,
        "Reconciled Cost Of Revenue": 254535000.0,
        "EBITDA": 43454000.0,
        "EBIT": 13037000.0,
        "Net Interest Income": -237000.0,
        "Interest Expense": 237000.0,
        "Normalized Income": 38745465.0,
        "Net Income From Continuing And Discontinued Operation": 10032000.0,
        "Total Expenses": 282725000.0,
        "Total Operating Income As Reported": 13653000.0,
        "Diluted Average Shares": 105070000.0,
        "Basic Average Shares": 104372000.0,
        "Diluted EPS": 0.1,
        "Basic EPS": 0.1,
        "Diluted NI Availto Com Stockholders": 10032000.0,
        "Net Income Common Stockholders": 10032000.0,
        "Net Income": 10032000.0,
        "Net Income Including Noncontrolling Interests": 10032000.0,
        "Net Income Continuous Operations": 10032000.0,
        "Tax Provision": 2768000.0,
        "Pretax Income": 12800000.0,
        "Other Income Expense": -37252000.0,
        "Other Non Operating Income Expenses": -616000.0,
        "Special Income Charges": -36636000.0,
        "Gain On Sale Of Ppe": -36636000.0,
        "Impairment Of Capital Assets": 0.0,
        "Net Non Operating Interest Income Expense": -237000.0,
        "Interest Expense Non Operating": 237000.0,
        "Operating Income": 50289000.0,
        "Operating Expense": 28190000.0,
        "Selling General And Administration": 28190000.0,
        "General And Administrative Expense": 28190000.0,
        "Other Gand A": 28190000.0,
        "Gross Profit": 78479000.0,
        "Cost Of Revenue": 254535000.0,
        "Total Revenue": 333014000.0,
        "Operating Revenue": 333014000.0
    },
    "2022-06-30": {
        "Tax Effect Of Unusual Items": -15759676.293093,
        "Tax Rate For Calcs": 0.197146,
        "Normalized EBITDA": 71142000.0,
        "Total Unusual Items": -79939000.0,
        "Total Unusual Items Excluding Goodwill": -79939000.0,
        "Net Income From Continuing Operation Net Minority Interest": -32860000.0,
        "Reconciled Depreciation": 31463000.0,
        "Reconciled Cost Of Revenue": 250275000.0,
        "EBITDA": -8797000.0,
        "EBIT": -40260000.0,
        "Net Interest Income": -669000.0,
        "Interest Expense": 669000.0,
        "Normalized Income": 31319323.706907,
        "Net Income From Continuing And Discontinued Operation": -32860000.0,
        "Total Expenses": 275410000.0,
        "Total Operating Income As Reported": -40266000.0,
        "Diluted Average Shares": 104236000.0,
        "Basic Average Shares": 104236000.0,
        "Diluted EPS": -0.32,
        "Basic EPS": -0.32,
        "Diluted NI Availto Com Stockholders": -32860000.0,
        "Net Income Common Stockholders": -32860000.0,
        "Net Income": -32860000.0,
        "Net Income Including Noncontrolling Interests": -32860000.0,
        "Net Income Continuous Operations": -32860000.0,
        "Tax Provision": -8069000.0,
        "Pretax Income": -40929000.0,
        "Other Income Expense": -79933000.0,
        "Other Non Operating Income Expenses": 6000.0,
        "Special Income Charges": -79939000.0,
        "Gain On Sale Of Ppe": -22485000.0,
        "Impairment Of Capital Assets": 57454000.0,
        "Net Non Operating Interest Income Expense": -669000.0,
        "Interest Expense Non Operating": 669000.0,
        "Operating Income": 39673000.0,
        "Operating Expense": 25135000.0,
        "Selling General And Administration": 25135000.0,
        "General And Administrative Expense": 25135000.0,
        "Other Gand A": 25135000.0,
        "Gross Profit": 64808000.0,
        "Cost Of Revenue": 250275000.0,
        "Total Revenue": 315083000.0,
        "Operating Revenue": 315083000.0
    },
    "2023-06-30": {
        "Tax Effect Of Unusual Items": -723340.0,
        "Tax Rate For Calcs": 0.236,
        "Normalized EBITDA": 108509000.0,
        "Total Unusual Items": -3065000.0,
        "Total Unusual Items Excluding Goodwill": -3065000.0,
        "Net Income From Continuing Operation Net Minority Interest": 39257000.0,
        "Reconciled Depreciation": 52889000.0,
        "Reconciled Cost Of Revenue": 350680000.0,
        "EBITDA": 105444000.0,
        "EBIT": 52555000.0,
        "Net Interest Income": -1180000.0,
        "Interest Expense": 1180000.0,
        "Normalized Income": 41598660.0,
        "Net Income From Continuing And Discontinued Operation": 39257000.0,
        "Total Expenses": 379701000.0,
        "Total Operating Income As Reported": 52483000.0,
        "Diluted Average Shares": 114796000.0,
        "Basic Average Shares": 114737000.0,
        "Diluted EPS": 0.34,
        "Basic EPS": 0.34,
        "Diluted NI Availto Com Stockholders": 39257000.0,
        "Net Income Common Stockholders": 39257000.0,
        "Net Income": 39257000.0,
        "Net Income Including Noncontrolling Interests": 39257000.0,
        "Net Income Continuous Operations": 39257000.0,
        "Tax Provision": 12118000.0,
        "Pretax Income": 51375000.0,
        "Other Income Expense": -2993000.0,
        "Other Non Operating Income Expenses": 72000.0,
        "Special Income Charges": -3065000.0,
        "Gain On Sale Of Ppe": -3065000.0,
        "Impairment Of Capital Assets": 0.0,
        "Net Non Operating Interest Income Expense": -1180000.0,
        "Interest Expense Non Operating": 1180000.0,
        "Operating Income": 55548000.0,
        "Operating Expense": 29021000.0,
        "Selling General And Administration": 29021000.0,
        "General And Administrative Expense": 29021000.0,
        "Other Gand A": 29021000.0,
        "Gross Profit": 84569000.0,
        "Cost Of Revenue": 350680000.0,
        "Total Revenue": 435249000.0,
        "Operating Revenue": 435249000.0
    },
    "2022-03-31": {
        "Diluted EPS": 0.11,
        "Total Revenue": 283,
        "Gross Profit": 85,
        "Operating Income": 6,
        "EBIT": 38,
        "Net Income": 12
    },
    "2021-12-31": {
        "Diluted EPS": -0.2,
        "Total Revenue": 246,
        "Gross Profit": 59,
        "Operating Income": -22,
        "EBIT": 11,
        "Net Income": -20
    },
    "2021-09-30": {
        "Diluted EPS": -0.05,
        "Total Revenue": 250,
        "Gross Profit": 61,
        "Operating Income": -6,
        "EBIT": 28,
        "Net Income": -5
    },
    "2021-06-30": {
        "Diluted EPS": -0.08,
        "Total Revenue": 217,
        "Gross Profit": 54,
        "Operating Income": -12,
        "EBIT": 22,
        "Net Income": -9
    },
    "2021-03-31": {
        "Diluted EPS": -0.2,
        "Total Revenue": 161,
        "Gross Profit": 38,
        "Operating Income": -29,
        "EBIT": 5,
        "Net Income": -20
    },
    "2020-12-31": {
        "Diluted EPS": -0.43,
        "Total Revenue": 154,
        "Gross Profit": 39,
        "Operating Income": -56,
        "EBIT": -20,
        "Net Income": -44
    },
    "2020-09-30": {
        "Diluted EPS": -0.29,
        "Total Revenue": 134,
        "Gross Profit": 34,
        "Operating Income": -36,
        "EBIT": 1,
        "Net Income": -29
    },
    "2020-06-30": {
        "Diluted EPS": -0.26,
        "Total Revenue": 106,
        "Gross Profit": 38,
        "Operating Income": -31,
        "EBIT": -8,
        "Net Income": -26
    },
    "2020-03-31": {
        "Diluted EPS": -0.08,
        "Total Revenue": 395,
        "Gross Profit": 94,
        "Operating Income": -7,
        "EBIT": 50,
        "Net Income": -8
    },
    "2019-12-31": {
        "Diluted EPS": 0.22,
        "Total Revenue": 435,
        "Gross Profit": 129,
        "Operating Income": 30,
        "EBIT": 69,
        "Net Income": 23
    },
    "2019-09-30": {
        "Diluted EPS": 0.33,
        "Total Revenue": 542,
        "Gross Profit": 145,
        "Operating Income": 49,
        "EBIT": 86,
        "Net Income": 34
    },
    "2019-06-30": {
        "Diluted EPS": 0.35,
        "Total Revenue": 529,
        "Gross Profit": 143,
        "Operating Income": 49,
        "EBIT": 84,
        "Net Income": 36
    },
    "2019-03-31": {
        "Diluted EPS": 0.67,
        "Total Revenue": 546,
        "Gross Profit": 165,
        "Operating Income": 94,
        "EBIT": 127,
        "Net Income": 70
    },
    "2018-12-31": {
        "Diluted EPS": 0.6,
        "Total Revenue": 425,
        "Gross Profit": 125,
        "Operating Income": 69,
        "EBIT": 94,
        "Net Income": 52
    },
    "2018-09-30": {
        "Diluted EPS": 0.53,
        "Total Revenue": 434,
        "Gross Profit": 114,
        "Operating Income": 61,
        "EBIT": 85,
        "Net Income": 46
    },
    "2018-06-30": {
        "Diluted EPS": 0.45,
        "Total Revenue": 460,
        "Gross Profit": 108,
        "Operating Income": 54,
        "EBIT": 75,
        "Net Income": 39
    },
    "2018-03-31": {
        "Diluted EPS": 0.42,
        "Total Revenue": 385,
        "Gross Profit": 87,
        "Operating Income": 49,
        "EBIT": 68,
        "Net Income": 37
    },
    "2017-12-31": {
        "Diluted EPS": 0.28,
        "Total Revenue": 314,
        "Gross Profit": 52,
        "Operating Income": 14,
        "EBIT": 32,
        "Net Income": 10
    },
    "2017-09-30": {
        "Diluted EPS": 0.25,
        "Total Revenue": 283,
        "Gross Profit": 57,
        "Operating Income": 23,
        "EBIT": 38,
        "Net Income": 22
    },
    "2017-06-30": {
        "Diluted EPS": 0.06,
        "Total Revenue": 213,
        "Gross Profit": 37,
        "Operating Income": 6,
        "EBIT": 20,
        "Net Income": 5
    },
    "2017-03-31": {
        "Diluted EPS": -0.43,
        "Total Revenue": 172,
        "Gross Profit": 22,
        "Operating Income": -19,
        "EBIT": -4,
        "Net Income": -24
    },
    "2016-12-31": {
        "Diluted EPS": -0.32,
        "Total Revenue": 164,
        "Gross Profit": 15,
        "Operating Income": -22,
        "EBIT": -10,
        "Net Income": -17
    },
    "2016-09-30": {
        "Diluted EPS": -0.26,
        "Total Revenue": 117,
        "Gross Profit": 7,
        "Operating Income": -16,
        "EBIT": -4,
        "Net Income": -14
    },
    "2016-06-30": {
        "Diluted EPS": -0.24,
        "Total Revenue": 68,
        "Gross Profit": 3,
        "Operating Income": -15,
        "EBIT": -3,
        "Net Income": -9
    },
    "2016-03-31": {
        "Diluted EPS": -0.37,
        "Total Revenue": 88,
        "Gross Profit": 8,
        "Operating Income": -14,
        "EBIT": -2,
        "Net Income": -13
    },
    "2015-12-31": {
        "Diluted EPS": 0.0,
        "Total Revenue": NaN,
        "Gross Profit": NaN,
        "Operating Income": NaN,
        "EBIT": NaN,
        "Net Income": NaN
    },
    "2023-09-30": {
        "Tax Effect Of Unusual Items": -998010.0,
        "Tax Rate For Calcs": 0.234,
        "Normalized EBITDA": 104600000.0,
        "Total Unusual Items": -4265000.0,
        "Total Unusual Items Excluding Goodwill": -4265000.0,
        "Net Income From Continuing Operation Net Minority Interest": 34753000.0,
        "Reconciled Depreciation": 53769000.0,
        "Reconciled Cost Of Revenue": 346259000.0,
        "EBITDA": 100335000.0,
        "EBIT": 46566000.0,
        "Net Interest Income": -1169000.0,
        "Interest Expense": 1169000.0,
        "Normalized Income": 38019990.0,
        "Net Income From Continuing And Discontinued Operation": 34753000.0,
        "Total Expenses": 374856000.0,
        "Total Operating Income As Reported": 44683000.0,
        "Diluted Average Shares": 112698000.0,
        "Basic Average Shares": 112286000.0,
        "Diluted EPS": 0.31,
        "Basic EPS": 0.31,
        "Diluted NI Availto Com Stockholders": 34753000.0,
        "Net Income Common Stockholders": 34753000.0,
        "Net Income": 34753000.0,
        "Net Income Including Noncontrolling Interests": 34753000.0,
        "Net Income Continuous Operations": 34753000.0,
        "Tax Provision": 10644000.0,
        "Pretax Income": 45397000.0,
        "Other Income Expense": -2382000.0,
        "Other Non Operating Income Expenses": 1883000.0,
        "Special Income Charges": -4265000.0,
        "Gain On Sale Of Ppe": -4265000.0,
        "Impairment Of Capital Assets": 0.0,
        "Net Non Operating Interest Income Expense": -1169000.0,
        "Interest Expense Non Operating": 1169000.0,
        "Operating Income": 48948000.0,
        "Operating Expense": 28597000.0,
        "Selling General And Administration": 28597000.0,
        "General And Administrative Expense": 28597000.0,
        "Other Gand A": 28597000.0,
        "Gross Profit": 77545000.0,
        "Cost Of Revenue": 346259000.0,
        "Total Revenue": 423804000.0,
        "Operating Revenue": 423804000.0
    }
}