{
    "2023-03-31": {
        "Tax Effect Of Unusual Items": 587310.865776,
        "Tax Rate For Calcs": 0.076893,
        "Normalized EBITDA": 299000.0,
        "Total Unusual Items": 7638000.0,
        "Total Unusual Items Excluding Goodwill": 7638000.0,
        "Net Income From Continuing Operation Net Minority Interest": 4769000.0,
        "Reconciled Depreciation": 2233000.0,
        "Reconciled Cost Of Revenue": 16221000.0,
        "EBITDA": 7937000.0,
        "EBIT": 5704000.0,
        "Net Interest Income": -517000.0,
        "Interest Expense": 541000.0,
        "Interest Income": 24000.0,
        "Normalized Income": -2281689.134224,
        "Net Income From Continuing And Discontinued Operation": 4769000.0,
        "Total Expenses": 34731000.0,
        "Total Operating Income As Reported": -1892000.0,
        "Diluted Average Shares": 35628000.0,
        "Basic Average Shares": 35548000.0,
        "Diluted EPS": 0.11,
        "Basic EPS": 0.11,
        "Diluted NI Availto Com Stockholders": 3494000.0,
        "Net Income Common Stockholders": 3494000.0,
        "Otherunder Preferred Stock Dividend": 168000.0,
        "Preferred Stock Dividends": 1107000.0,
        "Net Income": 4769000.0,
        "Minority Interests": 3000.0,
        "Net Income Including Noncontrolling Interests": 4766000.0,
        "Net Income Continuous Operations": 4766000.0,
        "Tax Provision": 397000.0,
        "Pretax Income": 5163000.0,
        "Other Income Expense": 7572000.0,
        "Other Non Operating Income Expenses": -66000.0,
        "Special Income Charges": 7234000.0,
        "Restructuring And Mergern Acquisition": -7234000.0,
        "Gain On Sale Of Security": 404000.0,
        "Net Non Operating Interest Income Expense": -517000.0,
        "Interest Expense Non Operating": 541000.0,
        "Interest Income Non Operating": 24000.0,
        "Operating Income": -1892000.0,
        "Operating Expense": 18510000.0,
        "Research And Development": 1723000.0,
        "Selling General And Administration": 16787000.0,
        "Gross Profit": 16618000.0,
        "Cost Of Revenue": 16221000.0,
        "Total Revenue": 32839000.0,
        "Operating Revenue": 32839000.0
    },
    "2022-12-31": {
        "Tax Effect Of Unusual Items": -45600.0,
        "Tax Rate For Calcs": 0.4,
        "Normalized EBITDA": 909000.0,
        "Total Unusual Items": -114000.0,
        "Total Unusual Items Excluding Goodwill": -114000.0,
        "Net Income From Continuing Operation Net Minority Interest": -1657000.0,
        "Reconciled Depreciation": 2110000.0,
        "Reconciled Cost Of Revenue": 16754000.0,
        "EBITDA": 795000.0,
        "EBIT": -1315000.0,
        "Net Interest Income": -131000.0,
        "Interest Expense": 154000.0,
        "Interest Income": 23000.0,
        "Normalized Income": -1588600.0,
        "Net Income From Continuing And Discontinued Operation": -1657000.0,
        "Total Expenses": 34361000.0,
        "Total Operating Income As Reported": -1247000.0,
        "Diluted Average Shares": 35447000.0,
        "Basic Average Shares": 35447000.0,
        "Diluted EPS": -0.08,
        "Basic EPS": -0.08,
        "Diluted NI Availto Com Stockholders": -2912000.0,
        "Net Income Common Stockholders": -2912000.0,
        "Otherunder Preferred Stock Dividend": 167000.0,
        "Preferred Stock Dividends": 1088000.0,
        "Net Income": -1657000.0,
        "Minority Interests": 1000.0,
        "Net Income Including Noncontrolling Interests": -1658000.0,
        "Net Income Continuous Operations": -1658000.0,
        "Tax Provision": 189000.0,
        "Pretax Income": -1469000.0,
        "Other Income Expense": -91000.0,
        "Other Non Operating Income Expenses": 23000.0,
        "Special Income Charges": NaN,
        "Restructuring And Mergern Acquisition": NaN,
        "Gain On Sale Of Security": -114000.0,
        "Net Non Operating Interest Income Expense": -131000.0,
        "Interest Expense Non Operating": 154000.0,
        "Interest Income Non Operating": 23000.0,
        "Operating Income": -1247000.0,
        "Operating Expense": 17607000.0,
        "Research And Development": 1999000.0,
        "Selling General And Administration": 15608000.0,
        "Gross Profit": 16360000.0,
        "Cost Of Revenue": 16754000.0,
        "Total Revenue": 33114000.0,
        "Operating Revenue": 33114000.0
    },
    "2022-09-30": {
        "Tax Effect Of Unusual Items": 76400.0,
        "Tax Rate For Calcs": 0.4,
        "Normalized EBITDA": 821000.0,
        "Total Unusual Items": 191000.0,
        "Total Unusual Items Excluding Goodwill": 191000.0,
        "Net Income From Continuing Operation Net Minority Interest": -2300000.0,
        "Reconciled Depreciation": 2019000.0,
        "Reconciled Cost Of Revenue": 17107000.0,
        "EBITDA": 1012000.0,
        "EBIT": -1007000.0,
        "Net Interest Income": -502000.0,
        "Interest Expense": 522000.0,
        "Interest Income": 20000.0,
        "Normalized Income": -2414600.0,
        "Net Income From Continuing And Discontinued Operation": -2300000.0,
        "Total Expenses": 35506000.0,
        "Total Operating Income As Reported": -1218000.0,
        "Diluted Average Shares": 35406000.0,
        "Basic Average Shares": 35406000.0,
        "Diluted EPS": -0.1,
        "Basic EPS": -0.1,
        "Diluted NI Availto Com Stockholders": -3535000.0,
        "Net Income Common Stockholders": -3535000.0,
        "Otherunder Preferred Stock Dividend": 168000.0,
        "Preferred Stock Dividends": 1067000.0,
        "Net Income": -2300000.0,
        "Minority Interests": -1000.0,
        "Net Income Including Noncontrolling Interests": -2299000.0,
        "Net Income Continuous Operations": -2299000.0,
        "Tax Provision": 770000.0,
        "Pretax Income": -1529000.0,
        "Other Income Expense": 191000.0,
        "Other Non Operating Income Expenses": NaN,
        "Special Income Charges": NaN,
        "Restructuring And Mergern Acquisition": NaN,
        "Gain On Sale Of Security": 191000.0,
        "Net Non Operating Interest Income Expense": -502000.0,
        "Interest Expense Non Operating": 522000.0,
        "Interest Income Non Operating": 20000.0,
        "Operating Income": -1218000.0,
        "Operating Expense": 18399000.0,
        "Research And Development": 1735000.0,
        "Selling General And Administration": 16664000.0,
        "Gross Profit": 17181000.0,
        "Cost Of Revenue": 17107000.0,
        "Total Revenue": 34288000.0,
        "Operating Revenue": 34288000.0
    },
    "2022-06-30": {
        "Tax Effect Of Unusual Items": 827200.0,
        "Tax Rate For Calcs": 0.4,
        "Normalized EBITDA": -1570000.0,
        "Total Unusual Items": 2068000.0,
        "Total Unusual Items Excluding Goodwill": 2068000.0,
        "Net Income From Continuing Operation Net Minority Interest": -118000.0,
        "Reconciled Depreciation": 2044000.0,
        "Reconciled Cost Of Revenue": 18364000.0,
        "EBITDA": 498000.0,
        "EBIT": 498000.0,
        "Net Interest Income": -560000.0,
        "Interest Expense": 575000.0,
        "Interest Income": 15000.0,
        "Normalized Income": -1358800.0,
        "Net Income From Continuing And Discontinued Operation": -118000.0,
        "Total Expenses": 36182000.0,
        "Total Operating Income As Reported": -1588000.0,
        "Diluted Average Shares": 35386000.0,
        "Basic Average Shares": 35386000.0,
        "Diluted EPS": -0.04,
        "Basic EPS": -0.04,
        "Diluted NI Availto Com Stockholders": -1334000.0,
        "Net Income Common Stockholders": -1334000.0,
        "Otherunder Preferred Stock Dividend": 168000.0,
        "Preferred Stock Dividends": 1048000.0,
        "Net Income": -118000.0,
        "Minority Interests": -1000.0,
        "Net Income Including Noncontrolling Interests": -117000.0,
        "Net Income Continuous Operations": -117000.0,
        "Tax Provision": 40000.0,
        "Pretax Income": -77000.0,
        "Other Income Expense": 2071000.0,
        "Other Non Operating Income Expenses": 3000.0,
        "Special Income Charges": NaN,
        "Restructuring And Mergern Acquisition": NaN,
        "Gain On Sale Of Security": 2068000.0,
        "Net Non Operating Interest Income Expense": -560000.0,
        "Interest Expense Non Operating": 575000.0,
        "Interest Income Non Operating": 15000.0,
        "Operating Income": -1588000.0,
        "Operating Expense": 17818000.0,
        "Research And Development": 2001000.0,
        "Selling General And Administration": 15817000.0,
        "Gross Profit": 16230000.0,
        "Cost Of Revenue": 18364000.0,
        "Total Revenue": 34594000.0,
        "Operating Revenue": 34594000.0
    },
    "2022-03-31": {
        "Diluted EPS": -0.12,
        "Total Revenue": 33,
        "Gross Profit": 14,
        "Operating Income": -4,
        "EBIT": -2,
        "Net Income": -4
    },
    "2021-12-31": {
        "Diluted EPS": -0.22,
        "Total Revenue": 34,
        "Gross Profit": 15,
        "Operating Income": -4,
        "EBIT": -1,
        "Net Income": -8
    },
    "2021-09-30": {
        "Diluted EPS": -0.13,
        "Total Revenue": 29,
        "Gross Profit": 14,
        "Operating Income": -2,
        "EBIT": 0,
        "Net Income": -5
    },
    "2021-06-30": {
        "Diluted EPS": -0.08,
        "Total Revenue": 34,
        "Gross Profit": 16,
        "Operating Income": 0,
        "EBIT": 2,
        "Net Income": -3
    },
    "2021-03-31": {
        "Diluted EPS": -0.09,
        "Total Revenue": 29,
        "Gross Profit": 14,
        "Operating Income": -2,
        "EBIT": 0,
        "Net Income": -3
    },
    "2020-12-31": {
        "Diluted EPS": -0.11,
        "Total Revenue": 29,
        "Gross Profit": 15,
        "Operating Income": 0,
        "EBIT": 2,
        "Net Income": -4
    },
    "2020-09-30": {
        "Diluted EPS": -0.06,
        "Total Revenue": 28,
        "Gross Profit": 15,
        "Operating Income": 1,
        "EBIT": 3,
        "Net Income": -2
    },
    "2020-06-30": {
        "Diluted EPS": -0.13,
        "Total Revenue": 26,
        "Gross Profit": 14,
        "Operating Income": -1,
        "EBIT": 1,
        "Net Income": -4
    },
    "2020-03-31": {
        "Diluted EPS": -0.16,
        "Total Revenue": 31,
        "Gross Profit": 15,
        "Operating Income": -3,
        "EBIT": -1,
        "Net Income": -5
    },
    "2019-12-31": {
        "Diluted EPS": -0.2,
        "Total Revenue": 35,
        "Gross Profit": 17,
        "Operating Income": -3,
        "EBIT": -1,
        "Net Income": -5
    },
    "2019-09-30": {
        "Diluted EPS": -0.12,
        "Total Revenue": 17,
        "Gross Profit": 8,
        "Operating Income": -2,
        "EBIT": -2,
        "Net Income": -2
    },
    "2019-06-30": {
        "Diluted EPS": -0.15,
        "Total Revenue": 16,
        "Gross Profit": 7,
        "Operating Income": -3,
        "EBIT": -2,
        "Net Income": -3
    },
    "2019-03-31": {
        "Diluted EPS": -0.12,
        "Total Revenue": 14,
        "Gross Profit": 7,
        "Operating Income": -2,
        "EBIT": -2,
        "Net Income": -2
    },
    "2018-12-31": {
        "Diluted EPS": -0.16,
        "Total Revenue": 11,
        "Gross Profit": 6,
        "Operating Income": -3,
        "EBIT": -2,
        "Net Income": -3
    },
    "2018-09-30": {
        "Diluted EPS": -0.05,
        "Total Revenue": 13,
        "Gross Profit": 7,
        "Operating Income": -1,
        "EBIT": 0,
        "Net Income": -1
    },
    "2018-06-30": {
        "Diluted EPS": -0.07,
        "Total Revenue": 15,
        "Gross Profit": 6,
        "Operating Income": -1,
        "EBIT": -1,
        "Net Income": -1
    },
    "2018-03-31": {
        "Diluted EPS": -0.06,
        "Total Revenue": 13,
        "Gross Profit": 6,
        "Operating Income": -1,
        "EBIT": -1,
        "Net Income": -1
    },
    "2017-12-31": {
        "Diluted EPS": -0.04,
        "Total Revenue": 11,
        "Gross Profit": 6,
        "Operating Income": -1,
        "EBIT": -1,
        "Net Income": -1
    },
    "2017-09-30": {
        "Diluted EPS": -0.04,
        "Total Revenue": 11,
        "Gross Profit": 6,
        "Operating Income": -1,
        "EBIT": 0,
        "Net Income": -1
    },
    "2017-06-30": {
        "Diluted EPS": -0.04,
        "Total Revenue": 11,
        "Gross Profit": 6,
        "Operating Income": -1,
        "EBIT": 0,
        "Net Income": -1
    },
    "2017-03-31": {
        "Diluted EPS": -0.14,
        "Total Revenue": 8,
        "Gross Profit": 4,
        "Operating Income": -2,
        "EBIT": -2,
        "Net Income": -2
    },
    "2016-12-31": {
        "Diluted EPS": -0.16,
        "Total Revenue": 9,
        "Gross Profit": 4,
        "Operating Income": -2,
        "EBIT": -2,
        "Net Income": -2
    },
    "2016-09-30": {
        "Diluted EPS": -0.16,
        "Total Revenue": 8,
        "Gross Profit": 4,
        "Operating Income": -2,
        "EBIT": -2,
        "Net Income": -2
    },
    "2016-06-30": {
        "Diluted EPS": -0.12,
        "Total Revenue": 9,
        "Gross Profit": 5,
        "Operating Income": -1,
        "EBIT": -1,
        "Net Income": -1
    },
    "2016-03-31": {
        "Diluted EPS": -0.05,
        "Total Revenue": 10,
        "Gross Profit": 5,
        "Operating Income": -1,
        "EBIT": -1,
        "Net Income": -1
    },
    "2015-12-31": {
        "Diluted EPS": -0.07,
        "Total Revenue": 10,
        "Gross Profit": 5,
        "Operating Income": -1,
        "EBIT": -1,
        "Net Income": -1
    },
    "2015-09-30": {
        "Diluted EPS": -0.15,
        "Total Revenue": 11,
        "Gross Profit": 4,
        "Operating Income": -2,
        "EBIT": -2,
        "Net Income": -2
    },
    "2015-06-30": {
        "Diluted EPS": -0.25,
        "Total Revenue": 10,
        "Gross Profit": 4,
        "Operating Income": -3,
        "EBIT": -3,
        "Net Income": -3
    },
    "2015-03-31": {
        "Diluted EPS": -0.32,
        "Total Revenue": 11,
        "Gross Profit": 4,
        "Operating Income": -4,
        "EBIT": -4,
        "Net Income": -4
    },
    "2014-12-31": {
        "Diluted EPS": -0.38,
        "Total Revenue": 13,
        "Gross Profit": 4,
        "Operating Income": -5,
        "EBIT": -4,
        "Net Income": -5
    },
    "2014-09-30": {
        "Diluted EPS": -0.2,
        "Total Revenue": 12,
        "Gross Profit": 5,
        "Operating Income": -3,
        "EBIT": -2,
        "Net Income": -2
    },
    "2014-06-30": {
        "Diluted EPS": -0.14,
        "Total Revenue": 11,
        "Gross Profit": 5,
        "Operating Income": -2,
        "EBIT": -1,
        "Net Income": -2
    },
    "2014-03-31": {
        "Diluted EPS": -0.24,
        "Total Revenue": 10,
        "Gross Profit": 5,
        "Operating Income": -3,
        "EBIT": -2,
        "Net Income": -3
    },
    "2013-12-31": {
        "Diluted EPS": -0.26,
        "Total Revenue": 11,
        "Gross Profit": 3,
        "Operating Income": -3,
        "EBIT": -3,
        "Net Income": -3
    },
    "2013-09-30": {
        "Diluted EPS": -0.01,
        "Total Revenue": 11,
        "Gross Profit": 6,
        "Operating Income": 0,
        "EBIT": 0,
        "Net Income": 0
    },
    "2013-06-30": {
        "Diluted EPS": -0.14,
        "Total Revenue": 9,
        "Gross Profit": 5,
        "Operating Income": -2,
        "EBIT": -1,
        "Net Income": -2
    },
    "2013-03-31": {
        "Diluted EPS": -0.22,
        "Total Revenue": 8,
        "Gross Profit": 4,
        "Operating Income": -3,
        "EBIT": -2,
        "Net Income": -3
    },
    "2012-12-31": {
        "Diluted EPS": -0.08,
        "Total Revenue": 11,
        "Gross Profit": 5,
        "Operating Income": -2,
        "EBIT": -1,
        "Net Income": -1
    },
    "2012-09-30": {
        "Diluted EPS": 0.18,
        "Total Revenue": 15,
        "Gross Profit": 9,
        "Operating Income": 2,
        "EBIT": 3,
        "Net Income": 2
    },
    "2012-06-30": {
        "Diluted EPS": -0.18,
        "Total Revenue": 9,
        "Gross Profit": 5,
        "Operating Income": -2,
        "EBIT": -2,
        "Net Income": -2
    },
    "2012-03-31": {
        "Diluted EPS": -0.14,
        "Total Revenue": 10,
        "Gross Profit": 5,
        "Operating Income": -2,
        "EBIT": -1,
        "Net Income": -2
    },
    "2011-12-31": {
        "Diluted EPS": 0.01,
        "Total Revenue": 12,
        "Gross Profit": 6,
        "Operating Income": 0,
        "EBIT": 0,
        "Net Income": 0
    },
    "2011-09-30": {
        "Diluted EPS": -0.02,
        "Total Revenue": 11,
        "Gross Profit": 6,
        "Operating Income": -1,
        "EBIT": 0,
        "Net Income": 0
    },
    "2011-06-30": {
        "Diluted EPS": -0.19,
        "Total Revenue": 8,
        "Gross Profit": 4,
        "Operating Income": -2,
        "EBIT": -2,
        "Net Income": -2
    },
    "2011-03-31": {
        "Diluted EPS": -0.16,
        "Total Revenue": 8,
        "Gross Profit": 4,
        "Operating Income": -2,
        "EBIT": -1,
        "Net Income": -2
    },
    "2010-12-31": {
        "Diluted EPS": -0.23,
        "Total Revenue": 7,
        "Gross Profit": 4,
        "Operating Income": -3,
        "EBIT": -2,
        "Net Income": -3
    },
    "2010-09-30": {
        "Diluted EPS": -0.17,
        "Total Revenue": 6,
        "Gross Profit": 3,
        "Operating Income": -2,
        "EBIT": -2,
        "Net Income": -2
    },
    "2010-06-30": {
        "Diluted EPS": -0.36,
        "Total Revenue": 6,
        "Gross Profit": 4,
        "Operating Income": -4,
        "EBIT": -4,
        "Net Income": -4
    },
    "2010-03-31": {
        "Diluted EPS": -0.36,
        "Total Revenue": 6,
        "Gross Profit": 3,
        "Operating Income": -4,
        "EBIT": -4,
        "Net Income": -4
    },
    "2009-12-31": {
        "Diluted EPS": -0.44,
        "Total Revenue": 3,
        "Gross Profit": 1,
        "Operating Income": -5,
        "EBIT": -5,
        "Net Income": -5
    },
    "2009-09-30": {
        "Diluted EPS": -0.27,
        "Total Revenue": 2,
        "Gross Profit": 1,
        "Operating Income": -3,
        "EBIT": -3,
        "Net Income": -3
    },
    "2009-06-30": {
        "Diluted EPS": -0.21,
        "Total Revenue": 3,
        "Gross Profit": 1,
        "Operating Income": -3,
        "EBIT": -3,
        "Net Income": -2
    },
    "2009-03-31": {
        "Diluted EPS": -0.28,
        "Total Revenue": 3,
        "Gross Profit": 2,
        "Operating Income": -3,
        "EBIT": -3,
        "Net Income": -3
    },
    "2023-06-30": {
        "Tax Effect Of Unusual Items": 113200.0,
        "Tax Rate For Calcs": 0.4,
        "Normalized EBITDA": -777000.0,
        "Total Unusual Items": 283000.0,
        "Total Unusual Items Excluding Goodwill": 283000.0,
        "Net Income From Continuing Operation Net Minority Interest": -2977000.0,
        "Reconciled Depreciation": 2265000.0,
        "Reconciled Cost Of Revenue": 16017000.0,
        "EBITDA": -494000.0,
        "EBIT": -2759000.0,
        "Net Interest Income": -151000.0,
        "Interest Expense": 173000.0,
        "Interest Income": 22000.0,
        "Normalized Income": -3146800.0,
        "Net Income From Continuing And Discontinued Operation": -2977000.0,
        "Total Expenses": 35183000.0,
        "Total Operating Income As Reported": -3133000.0,
        "Diluted Average Shares": 35605000.0,
        "Basic Average Shares": 35605000.0,
        "Diluted EPS": -0.12,
        "Basic EPS": -0.12,
        "Diluted NI Availto Com Stockholders": -4274000.0,
        "Net Income Common Stockholders": -4274000.0,
        "Otherunder Preferred Stock Dividend": 168000.0,
        "Preferred Stock Dividends": 1129000.0,
        "Net Income": -2977000.0,
        "Minority Interests": -6000.0,
        "Net Income Including Noncontrolling Interests": -2971000.0,
        "Net Income Continuous Operations": -2971000.0,
        "Tax Provision": 39000.0,
        "Pretax Income": -2932000.0,
        "Other Income Expense": 352000.0,
        "Other Non Operating Income Expenses": 69000.0,
        "Special Income Charges": 283000.0,
        "Restructuring And Mergern Acquisition": -283000.0,
        "Gain On Sale Of Security": NaN,
        "Net Non Operating Interest Income Expense": -151000.0,
        "Interest Expense Non Operating": 173000.0,
        "Interest Income Non Operating": 22000.0,
        "Operating Income": -3133000.0,
        "Operating Expense": 19166000.0,
        "Research And Development": 2179000.0,
        "Selling General And Administration": 16987000.0,
        "Gross Profit": 16033000.0,
        "Cost Of Revenue": 16017000.0,
        "Total Revenue": 32050000.0,
        "Operating Revenue": 32050000.0
    }
}