{
    "2023-06-30": {
        "Tax Effect Of Unusual Items": NaN,
        "Tax Rate For Calcs": NaN,
        "Total Unusual Items": 0.0,
        "Total Unusual Items Excluding Goodwill": 0.0,
        "Net Income From Continuing Operation Net Minority Interest": NaN,
        "Reconciled Depreciation": NaN,
        "Net Interest Income": NaN,
        "Interest Expense": NaN,
        "Interest Income": NaN,
        "Normalized Income": NaN,
        "Net Income From Continuing And Discontinued Operation": NaN,
        "Diluted Average Shares": NaN,
        "Basic Average Shares": NaN,
        "Diluted EPS": NaN,
        "Basic EPS": NaN,
        "Diluted NI Availto Com Stockholders": NaN,
        "Net Income Common Stockholders": NaN,
        "Net Income": NaN,
        "Net Income Including Noncontrolling Interests": NaN,
        "Net Income Continuous Operations": NaN,
        "Tax Provision": NaN,
        "Pretax Income": NaN,
        "Special Income Charges": 0.0,
        "Other Special Charges": NaN,
        "Gain On Sale Of Security": NaN,
        "Depreciation Amortization Depletion Income Statement": NaN,
        "Depreciation And Amortization In Income Statement": NaN,
        "Amortization": NaN,
        "Amortization Of Intangibles Income Statement": NaN,
        "Selling General And Administration": NaN,
        "Selling And Marketing Expense": NaN,
        "General And Administrative Expense": NaN,
        "Insurance And Claims": NaN,
        "Salaries And Wages": NaN,
        "Total Revenue": NaN,
        "Operating Revenue": NaN,
        "Occupancy And Equipment": NaN,
        "Professional Expense And Contract Services Expense": NaN,
        "Other Non Interest Expense": NaN
    },
    "2023-03-31": {
        "Tax Effect Of Unusual Items": NaN,
        "Tax Rate For Calcs": NaN,
        "Total Unusual Items": 0.0,
        "Total Unusual Items Excluding Goodwill": 0.0,
        "Net Income From Continuing Operation Net Minority Interest": NaN,
        "Reconciled Depreciation": NaN,
        "Net Interest Income": NaN,
        "Interest Expense": NaN,
        "Interest Income": NaN,
        "Normalized Income": NaN,
        "Net Income From Continuing And Discontinued Operation": NaN,
        "Diluted Average Shares": NaN,
        "Basic Average Shares": NaN,
        "Diluted EPS": NaN,
        "Basic EPS": NaN,
        "Diluted NI Availto Com Stockholders": NaN,
        "Net Income Common Stockholders": NaN,
        "Net Income": NaN,
        "Net Income Including Noncontrolling Interests": NaN,
        "Net Income Continuous Operations": NaN,
        "Tax Provision": NaN,
        "Pretax Income": NaN,
        "Special Income Charges": 0.0,
        "Other Special Charges": NaN,
        "Gain On Sale Of Security": NaN,
        "Depreciation Amortization Depletion Income Statement": NaN,
        "Depreciation And Amortization In Income Statement": NaN,
        "Amortization": NaN,
        "Amortization Of Intangibles Income Statement": NaN,
        "Selling General And Administration": NaN,
        "Selling And Marketing Expense": NaN,
        "General And Administrative Expense": NaN,
        "Insurance And Claims": NaN,
        "Salaries And Wages": NaN,
        "Total Revenue": NaN,
        "Operating Revenue": NaN,
        "Occupancy And Equipment": NaN,
        "Professional Expense And Contract Services Expense": NaN,
        "Other Non Interest Expense": NaN
    },
    "2022-12-31": {
        "Tax Effect Of Unusual Items": NaN,
        "Tax Rate For Calcs": NaN,
        "Total Unusual Items": NaN,
        "Total Unusual Items Excluding Goodwill": NaN,
        "Net Income From Continuing Operation Net Minority Interest": NaN,
        "Reconciled Depreciation": NaN,
        "Net Interest Income": NaN,
        "Interest Expense": NaN,
        "Interest Income": NaN,
        "Normalized Income": NaN,
        "Net Income From Continuing And Discontinued Operation": NaN,
        "Diluted Average Shares": NaN,
        "Basic Average Shares": NaN,
        "Diluted EPS": NaN,
        "Basic EPS": NaN,
        "Diluted NI Availto Com Stockholders": NaN,
        "Net Income Common Stockholders": NaN,
        "Net Income": NaN,
        "Minority Interests": 0.0,
        "Net Income Including Noncontrolling Interests": NaN,
        "Net Income Continuous Operations": NaN,
        "Tax Provision": NaN,
        "Pretax Income": NaN,
        "Special Income Charges": NaN,
        "Other Special Charges": NaN,
        "Gain On Sale Of Security": NaN,
        "Depreciation Amortization Depletion Income Statement": NaN,
        "Depreciation And Amortization In Income Statement": NaN,
        "Amortization": NaN,
        "Amortization Of Intangibles Income Statement": NaN,
        "Selling General And Administration": NaN,
        "Selling And Marketing Expense": NaN,
        "General And Administrative Expense": NaN,
        "Insurance And Claims": NaN,
        "Salaries And Wages": NaN,
        "Total Revenue": NaN,
        "Operating Revenue": NaN,
        "Occupancy And Equipment": NaN,
        "Professional Expense And Contract Services Expense": NaN,
        "Other Non Interest Expense": NaN
    },
    "2022-09-30": {
        "Tax Effect Of Unusual Items": NaN,
        "Tax Rate For Calcs": NaN,
        "Total Unusual Items": NaN,
        "Total Unusual Items Excluding Goodwill": NaN,
        "Net Income From Continuing Operation Net Minority Interest": NaN,
        "Reconciled Depreciation": NaN,
        "Net Interest Income": NaN,
        "Interest Expense": NaN,
        "Interest Income": NaN,
        "Normalized Income": NaN,
        "Net Income From Continuing And Discontinued Operation": NaN,
        "Diluted Average Shares": NaN,
        "Basic Average Shares": NaN,
        "Diluted EPS": NaN,
        "Basic EPS": NaN,
        "Diluted NI Availto Com Stockholders": NaN,
        "Net Income Common Stockholders": NaN,
        "Net Income": NaN,
        "Minority Interests": 0.0,
        "Net Income Including Noncontrolling Interests": NaN,
        "Net Income Continuous Operations": NaN,
        "Tax Provision": NaN,
        "Pretax Income": NaN,
        "Special Income Charges": NaN,
        "Other Special Charges": NaN,
        "Gain On Sale Of Security": NaN,
        "Depreciation Amortization Depletion Income Statement": NaN,
        "Depreciation And Amortization In Income Statement": NaN,
        "Amortization": NaN,
        "Amortization Of Intangibles Income Statement": NaN,
        "Selling General And Administration": NaN,
        "Selling And Marketing Expense": NaN,
        "General And Administrative Expense": NaN,
        "Insurance And Claims": NaN,
        "Salaries And Wages": NaN,
        "Total Revenue": NaN,
        "Operating Revenue": NaN
    },
    "2022-06-30": {
        "Tax Effect Of Unusual Items": 0.0,
        "Tax Rate For Calcs": 0.191632,
        "Total Unusual Items": NaN,
        "Total Unusual Items Excluding Goodwill": NaN,
        "Net Income From Continuing Operation Net Minority Interest": 4231000.0,
        "Reconciled Depreciation": 260000.0,
        "Net Interest Income": 13341000.0,
        "Interest Expense": 1337000.0,
        "Interest Income": 14678000.0,
        "Normalized Income": 4231000.0,
        "Net Income From Continuing And Discontinued Operation": 4231000.0,
        "Diluted Average Shares": 7059045.0,
        "Basic Average Shares": 7059045.0,
        "Diluted EPS": 0.6,
        "Basic EPS": 0.6,
        "Diluted NI Availto Com Stockholders": 4231000.0,
        "Net Income Common Stockholders": 4231000.0,
        "Net Income": 4231000.0,
        "Minority Interests": 0.0,
        "Net Income Including Noncontrolling Interests": 4231000.0,
        "Net Income Continuous Operations": 4231000.0,
        "Tax Provision": 1003000.0,
        "Pretax Income": 5234000.0,
        "Special Income Charges": NaN,
        "Impairment Of Capital Assets": NaN,
        "Gain On Sale Of Security": -54000.0,
        "Depreciation Amortization Depletion Income Statement": 260000.0,
        "Depreciation And Amortization In Income Statement": 260000.0,
        "Amortization": 260000.0,
        "Amortization Of Intangibles Income Statement": 260000.0,
        "Selling General And Administration": 6589000.0,
        "Selling And Marketing Expense": 220000.0,
        "General And Administrative Expense": 6369000.0,
        "Insurance And Claims": 228000.0,
        "Salaries And Wages": 6141000.0,
        "Total Revenue": 15984000.0,
        "Operating Revenue": 15984000.0
    },
    "2022-03-31": {
        "Diluted EPS": 0.49,
        "Total Revenue": 17,
        "Gross Profit": 15,
        "Operating Income": 4,
        "EBIT": NaN,
        "Net Income": 3
    },
    "2021-12-31": {
        "Diluted EPS": 0.69,
        "Total Revenue": 18,
        "Gross Profit": 16,
        "Operating Income": 6,
        "EBIT": NaN,
        "Net Income": 5
    },
    "2021-09-30": {
        "Diluted EPS": 0.58,
        "Total Revenue": 18,
        "Gross Profit": 16,
        "Operating Income": 5,
        "EBIT": NaN,
        "Net Income": 4
    },
    "2021-06-30": {
        "Diluted EPS": 0.51,
        "Total Revenue": 17,
        "Gross Profit": 15,
        "Operating Income": 4,
        "EBIT": NaN,
        "Net Income": 4
    },
    "2021-03-31": {
        "Diluted EPS": 0.49,
        "Total Revenue": 17,
        "Gross Profit": 15,
        "Operating Income": 4,
        "EBIT": NaN,
        "Net Income": 3
    },
    "2020-12-31": {
        "Diluted EPS": 0.57,
        "Total Revenue": 18,
        "Gross Profit": 15,
        "Operating Income": 5,
        "EBIT": NaN,
        "Net Income": 4
    },
    "2020-09-30": {
        "Diluted EPS": 0.63,
        "Total Revenue": 19,
        "Gross Profit": 16,
        "Operating Income": 6,
        "EBIT": NaN,
        "Net Income": 4
    },
    "2020-06-30": {
        "Diluted EPS": 0.53,
        "Total Revenue": 19,
        "Gross Profit": 15,
        "Operating Income": 5,
        "EBIT": NaN,
        "Net Income": 4
    },
    "2020-03-31": {
        "Diluted EPS": 0.43,
        "Total Revenue": 19,
        "Gross Profit": 15,
        "Operating Income": 4,
        "EBIT": NaN,
        "Net Income": 3
    },
    "2019-12-31": {
        "Diluted EPS": 0.38,
        "Total Revenue": 19,
        "Gross Profit": 15,
        "Operating Income": 4,
        "EBIT": NaN,
        "Net Income": 3
    },
    "2019-09-30": {
        "Diluted EPS": 0.66,
        "Total Revenue": 20,
        "Gross Profit": 16,
        "Operating Income": 6,
        "EBIT": NaN,
        "Net Income": 5
    },
    "2019-06-30": {
        "Diluted EPS": 0.6,
        "Total Revenue": 19,
        "Gross Profit": 15,
        "Operating Income": 5,
        "EBIT": NaN,
        "Net Income": 4
    },
    "2019-03-31": {
        "Diluted EPS": 0.56,
        "Total Revenue": 19,
        "Gross Profit": 15,
        "Operating Income": 5,
        "EBIT": NaN,
        "Net Income": 4
    },
    "2018-12-31": {
        "Diluted EPS": 0.6,
        "Total Revenue": 19,
        "Gross Profit": 15,
        "Operating Income": 5,
        "EBIT": NaN,
        "Net Income": 4
    },
    "2018-09-30": {
        "Diluted EPS": 0.54,
        "Total Revenue": 18,
        "Gross Profit": 15,
        "Operating Income": 5,
        "EBIT": NaN,
        "Net Income": 4
    },
    "2018-06-30": {
        "Diluted EPS": 0.49,
        "Total Revenue": 16,
        "Gross Profit": 14,
        "Operating Income": 4,
        "EBIT": NaN,
        "Net Income": 3
    },
    "2018-03-31": {
        "Diluted EPS": 0.45,
        "Total Revenue": 15,
        "Gross Profit": 13,
        "Operating Income": 4,
        "EBIT": NaN,
        "Net Income": 3
    },
    "2017-12-31": {
        "Diluted EPS": 0.12,
        "Total Revenue": 16,
        "Gross Profit": 14,
        "Operating Income": 5,
        "EBIT": NaN,
        "Net Income": 1
    },
    "2017-09-30": {
        "Diluted EPS": 0.47,
        "Total Revenue": 16,
        "Gross Profit": 14,
        "Operating Income": 5,
        "EBIT": NaN,
        "Net Income": 3
    },
    "2017-06-30": {
        "Diluted EPS": 0.43,
        "Total Revenue": 15,
        "Gross Profit": 14,
        "Operating Income": 4,
        "EBIT": NaN,
        "Net Income": 3
    },
    "2017-03-31": {
        "Diluted EPS": 0.37,
        "Total Revenue": 14,
        "Gross Profit": 13,
        "Operating Income": 4,
        "EBIT": NaN,
        "Net Income": 3
    },
    "2016-12-31": {
        "Diluted EPS": 0.41,
        "Total Revenue": 15,
        "Gross Profit": 13,
        "Operating Income": 4,
        "EBIT": NaN,
        "Net Income": 3
    },
    "2016-09-30": {
        "Diluted EPS": 0.43,
        "Total Revenue": 15,
        "Gross Profit": 13,
        "Operating Income": 4,
        "EBIT": NaN,
        "Net Income": 3
    },
    "2016-06-30": {
        "Diluted EPS": 0.48,
        "Total Revenue": 15,
        "Gross Profit": 13,
        "Operating Income": 5,
        "EBIT": NaN,
        "Net Income": 3
    },
    "2016-03-31": {
        "Diluted EPS": 0.43,
        "Total Revenue": 15,
        "Gross Profit": 13,
        "Operating Income": 4,
        "EBIT": NaN,
        "Net Income": 3
    },
    "2015-12-31": {
        "Diluted EPS": 0.52,
        "Total Revenue": 15,
        "Gross Profit": 14,
        "Operating Income": 5,
        "EBIT": NaN,
        "Net Income": 4
    },
    "2015-09-30": {
        "Diluted EPS": 0.47,
        "Total Revenue": 15,
        "Gross Profit": 13,
        "Operating Income": 4,
        "EBIT": NaN,
        "Net Income": 3
    },
    "2015-06-30": {
        "Diluted EPS": 0.48,
        "Total Revenue": 15,
        "Gross Profit": 13,
        "Operating Income": 4,
        "EBIT": NaN,
        "Net Income": 3
    },
    "2015-03-31": {
        "Diluted EPS": 0.47,
        "Total Revenue": 15,
        "Gross Profit": 13,
        "Operating Income": 4,
        "EBIT": NaN,
        "Net Income": 3
    },
    "2014-12-31": {
        "Diluted EPS": 0.4,
        "Total Revenue": 15,
        "Gross Profit": 14,
        "Operating Income": 4,
        "EBIT": NaN,
        "Net Income": 3
    },
    "2014-09-30": {
        "Diluted EPS": 0.66,
        "Total Revenue": 16,
        "Gross Profit": 15,
        "Operating Income": 6,
        "EBIT": NaN,
        "Net Income": 5
    },
    "2014-06-30": {
        "Diluted EPS": 0.48,
        "Total Revenue": 14,
        "Gross Profit": 13,
        "Operating Income": 4,
        "EBIT": NaN,
        "Net Income": 3
    },
    "2014-03-31": {
        "Diluted EPS": 0.48,
        "Total Revenue": 15,
        "Gross Profit": 13,
        "Operating Income": 4,
        "EBIT": NaN,
        "Net Income": 3
    },
    "2013-12-31": {
        "Diluted EPS": 0.45,
        "Total Revenue": 15,
        "Gross Profit": 13,
        "Operating Income": 4,
        "EBIT": NaN,
        "Net Income": 3
    },
    "2013-09-30": {
        "Diluted EPS": 0.45,
        "Total Revenue": 15,
        "Gross Profit": 13,
        "Operating Income": 4,
        "EBIT": NaN,
        "Net Income": 3
    },
    "2013-06-30": {
        "Diluted EPS": 0.59,
        "Total Revenue": 14,
        "Gross Profit": 12,
        "Operating Income": 5,
        "EBIT": NaN,
        "Net Income": 4
    },
    "2013-03-31": {
        "Diluted EPS": 0.64,
        "Total Revenue": 12,
        "Gross Profit": 11,
        "Operating Income": 5,
        "EBIT": NaN,
        "Net Income": 4
    },
    "2012-12-31": {
        "Diluted EPS": 0.53,
        "Total Revenue": 12,
        "Gross Profit": 10,
        "Operating Income": 4,
        "EBIT": NaN,
        "Net Income": 3
    },
    "2012-09-30": {
        "Diluted EPS": 0.64,
        "Total Revenue": 12,
        "Gross Profit": 10,
        "Operating Income": 4,
        "EBIT": NaN,
        "Net Income": 4
    },
    "2012-06-30": {
        "Diluted EPS": 0.59,
        "Total Revenue": 12,
        "Gross Profit": 10,
        "Operating Income": 4,
        "EBIT": NaN,
        "Net Income": 3
    },
    "2012-03-31": {
        "Diluted EPS": 0.64,
        "Total Revenue": 12,
        "Gross Profit": 10,
        "Operating Income": 4,
        "EBIT": NaN,
        "Net Income": 4
    },
    "2011-12-31": {
        "Diluted EPS": 0.59,
        "Total Revenue": 12,
        "Gross Profit": 10,
        "Operating Income": 4,
        "EBIT": NaN,
        "Net Income": 3
    },
    "2011-09-30": {
        "Diluted EPS": 0.55,
        "Total Revenue": 11,
        "Gross Profit": 9,
        "Operating Income": 4,
        "EBIT": NaN,
        "Net Income": 3
    },
    "2011-06-30": {
        "Diluted EPS": 0.52,
        "Total Revenue": 11,
        "Gross Profit": 9,
        "Operating Income": 3,
        "EBIT": NaN,
        "Net Income": 3
    },
    "2011-03-31": {
        "Diluted EPS": 0.49,
        "Total Revenue": 11,
        "Gross Profit": 9,
        "Operating Income": 3,
        "EBIT": NaN,
        "Net Income": 3
    },
    "2010-12-31": {
        "Diluted EPS": 0.5,
        "Total Revenue": 11,
        "Gross Profit": 9,
        "Operating Income": 3,
        "EBIT": NaN,
        "Net Income": 3
    },
    "2010-09-30": {
        "Diluted EPS": 0.49,
        "Total Revenue": 11,
        "Gross Profit": 9,
        "Operating Income": 3,
        "EBIT": NaN,
        "Net Income": 3
    },
    "2010-06-30": {
        "Diluted EPS": 0.48,
        "Total Revenue": 11,
        "Gross Profit": 9,
        "Operating Income": 3,
        "EBIT": NaN,
        "Net Income": 3
    },
    "2010-03-31": {
        "Diluted EPS": 0.43,
        "Total Revenue": 11,
        "Gross Profit": 8,
        "Operating Income": 3,
        "EBIT": NaN,
        "Net Income": 2
    },
    "2009-12-31": {
        "Diluted EPS": 0.43,
        "Total Revenue": 11,
        "Gross Profit": 8,
        "Operating Income": 4,
        "EBIT": NaN,
        "Net Income": 3
    },
    "2009-09-30": {
        "Diluted EPS": 0.33,
        "Total Revenue": 10,
        "Gross Profit": 7,
        "Operating Income": 2,
        "EBIT": NaN,
        "Net Income": 2
    },
    "2009-06-30": {
        "Diluted EPS": 0.15,
        "Total Revenue": 9,
        "Gross Profit": 5,
        "Operating Income": 0,
        "EBIT": NaN,
        "Net Income": 1
    },
    "2009-03-31": {
        "Diluted EPS": 0.15,
        "Total Revenue": 8,
        "Gross Profit": 5,
        "Operating Income": 0,
        "EBIT": NaN,
        "Net Income": 1
    },
    "2023-09-30": {
        "Tax Effect Of Unusual Items": 0.0,
        "Tax Rate For Calcs": 0.1649,
        "Total Unusual Items": 0.0,
        "Total Unusual Items Excluding Goodwill": 0.0,
        "Net Income From Continuing Operation Net Minority Interest": 2224000.0,
        "Reconciled Depreciation": 886000.0,
        "Net Interest Income": 12610000.0,
        "Interest Expense": 10589000.0,
        "Interest Income": 23199000.0,
        "Normalized Income": 2224000.0,
        "Net Income From Continuing And Discontinued Operation": 2224000.0,
        "Diluted Average Shares": 7228940.0,
        "Basic Average Shares": 7072440.0,
        "Diluted EPS": 0.31,
        "Basic EPS": 0.31,
        "Diluted NI Availto Com Stockholders": 2224000.0,
        "Net Income Common Stockholders": 2224000.0,
        "Net Income": 2224000.0,
        "Net Income Including Noncontrolling Interests": 2224000.0,
        "Net Income Continuous Operations": 2224000.0,
        "Tax Provision": 439000.0,
        "Pretax Income": 2663000.0,
        "Special Income Charges": 0.0,
        "Other Special Charges": NaN,
        "Gain On Sale Of Security": -81000.0,
        "Depreciation Amortization Depletion Income Statement": 262000.0,
        "Depreciation And Amortization In Income Statement": 262000.0,
        "Amortization": 262000.0,
        "Amortization Of Intangibles Income Statement": 262000.0,
        "Selling General And Administration": 6882000.0,
        "Selling And Marketing Expense": 167000.0,
        "General And Administrative Expense": 6715000.0,
        "Insurance And Claims": 425000.0,
        "Salaries And Wages": 6290000.0,
        "Total Revenue": 15207000.0,
        "Operating Revenue": 15207000.0,
        "Occupancy And Equipment": 1651000.0,
        "Professional Expense And Contract Services Expense": 719000.0,
        "Other Non Interest Expense": 1658000.0
    },
    "2023-12-31": {
        "Tax Effect Of Unusual Items": 0.0,
        "Tax Rate For Calcs": 0.196558,
        "Total Unusual Items": NaN,
        "Total Unusual Items Excluding Goodwill": NaN,
        "Net Income From Continuing Operation Net Minority Interest": 5555000.0,
        "Reconciled Depreciation": 388000.0,
        "Net Interest Income": 13334000.0,
        "Interest Expense": 11969000.0,
        "Interest Income": 25303000.0,
        "Normalized Income": 5555000.0,
        "Net Income From Continuing And Discontinued Operation": 5555000.0,
        "Diluted Average Shares": 7255222.0,
        "Basic Average Shares": 7255222.0,
        "Diluted EPS": 0.77,
        "Basic EPS": 0.77,
        "Diluted NI Availto Com Stockholders": 5555000.0,
        "Net Income Common Stockholders": 5555000.0,
        "Net Income": 5555000.0,
        "Net Income Including Noncontrolling Interests": 5555000.0,
        "Net Income Continuous Operations": 5555000.0,
        "Tax Provision": 1359000.0,
        "Pretax Income": 6914000.0,
        "Special Income Charges": NaN,
        "Other Special Charges": NaN,
        "Gain On Sale Of Security": -18000.0,
        "Depreciation Amortization Depletion Income Statement": 275000.0,
        "Depreciation And Amortization In Income Statement": 275000.0,
        "Amortization": 275000.0,
        "Amortization Of Intangibles Income Statement": 275000.0,
        "Selling General And Administration": 6830000.0,
        "Selling And Marketing Expense": 90000.0,
        "General And Administrative Expense": 6740000.0,
        "Insurance And Claims": 456000.0,
        "Salaries And Wages": 6284000.0,
        "Total Revenue": 16169000.0,
        "Operating Revenue": 16169000.0,
        "Occupancy And Equipment": 1635000.0,
        "Professional Expense And Contract Services Expense": 640000.0,
        "Other Non Interest Expense": 1617000.0
    },
    "2024-03-31": {
        "Tax Effect Of Unusual Items": -47421.0,
        "Tax Rate For Calcs": 0.1437,
        "Total Unusual Items": -330000.0,
        "Total Unusual Items Excluding Goodwill": -330000.0,
        "Net Income From Continuing Operation Net Minority Interest": 3808000.0,
        "Reconciled Depreciation": 1057000.0,
        "Net Interest Income": 13067000.0,
        "Interest Expense": 12484000.0,
        "Interest Income": 25551000.0,
        "Normalized Income": 4090579.0,
        "Net Income From Continuing And Discontinued Operation": 3808000.0,
        "Diluted Average Shares": 7512520.0,
        "Basic Average Shares": 7512520.0,
        "Diluted EPS": 0.51,
        "Basic EPS": 0.51,
        "Diluted NI Availto Com Stockholders": 3808000.0,
        "Net Income Common Stockholders": 3808000.0,
        "Net Income": 3808000.0,
        "Net Income Including Noncontrolling Interests": 3808000.0,
        "Net Income Continuous Operations": 3808000.0,
        "Tax Provision": 639000.0,
        "Pretax Income": 4447000.0,
        "Special Income Charges": -330000.0,
        "Other Special Charges": 330000.0,
        "Gain On Sale Of Security": -33000.0,
        "Depreciation Amortization Depletion Income Statement": 216000.0,
        "Depreciation And Amortization In Income Statement": 216000.0,
        "Amortization": 216000.0,
        "Amortization Of Intangibles Income Statement": 216000.0,
        "Selling General And Administration": 6852000.0,
        "Selling And Marketing Expense": 71000.0,
        "General And Administrative Expense": 6781000.0,
        "Insurance And Claims": 359000.0,
        "Salaries And Wages": 6422000.0,
        "Total Revenue": 16208000.0,
        "Operating Revenue": 16208000.0,
        "Occupancy And Equipment": 1844000.0,
        "Professional Expense And Contract Services Expense": 552000.0,
        "Other Non Interest Expense": 1829000.0
    },
    "2024-06-30": {
        "Tax Effect Of Unusual Items": 0.0,
        "Tax Rate For Calcs": 0.198,
        "Total Unusual Items": 0.0,
        "Total Unusual Items Excluding Goodwill": 0.0,
        "Net Income From Continuing Operation Net Minority Interest": 5390000.0,
        "Reconciled Depreciation": 987000.0,
        "Net Interest Income": 13835000.0,
        "Interest Expense": 12514000.0,
        "Interest Income": 26349000.0,
        "Normalized Income": 5390000.0,
        "Net Income From Continuing And Discontinued Operation": 5390000.0,
        "Diluted Average Shares": 7529239.0,
        "Basic Average Shares": 7529239.0,
        "Diluted EPS": 0.72,
        "Basic EPS": 0.72,
        "Diluted NI Availto Com Stockholders": 5390000.0,
        "Net Income Common Stockholders": 5390000.0,
        "Net Income": 5390000.0,
        "Net Income Including Noncontrolling Interests": 5390000.0,
        "Net Income Continuous Operations": 5390000.0,
        "Tax Provision": 1331000.0,
        "Pretax Income": 6721000.0,
        "Special Income Charges": 0.0,
        "Other Special Charges": NaN,
        "Gain On Sale Of Security": -19000.0,
        "Depreciation Amortization Depletion Income Statement": 247000.0,
        "Depreciation And Amortization In Income Statement": 247000.0,
        "Amortization": 247000.0,
        "Amortization Of Intangibles Income Statement": 247000.0,
        "Selling General And Administration": 6899000.0,
        "Selling And Marketing Expense": 78000.0,
        "General And Administrative Expense": 6821000.0,
        "Insurance And Claims": 421000.0,
        "Salaries And Wages": 6400000.0,
        "Total Revenue": 16540000.0,
        "Operating Revenue": 16540000.0,
        "Occupancy And Equipment": 1524000.0,
        "Professional Expense And Contract Services Expense": 572000.0,
        "Other Non Interest Expense": 1754000.0
    },
    "2024-09-30": {
        "Tax Effect Of Unusual Items": 0.0,
        "Tax Rate For Calcs": 0.1797,
        "Total Unusual Items": 0.0,
        "Total Unusual Items Excluding Goodwill": 0.0,
        "Net Income From Continuing Operation Net Minority Interest": 4801000.0,
        "Reconciled Depreciation": 993000.0,
        "Net Interest Income": 14435000.0,
        "Interest Expense": 13132000.0,
        "Interest Income": 27567000.0,
        "Normalized Income": 4801000.0,
        "Net Income From Continuing And Discontinued Operation": 4801000.0,
        "Diluted Average Shares": 7544344.0,
        "Basic Average Shares": 7544344.0,
        "Diluted EPS": 0.64,
        "Basic EPS": 0.64,
        "Diluted NI Availto Com Stockholders": 4801000.0,
        "Net Income Common Stockholders": 4801000.0,
        "Net Income": 4801000.0,
        "Net Income Including Noncontrolling Interests": 4801000.0,
        "Net Income Continuous Operations": 4801000.0,
        "Tax Provision": 1052000.0,
        "Pretax Income": 5853000.0,
        "Special Income Charges": 0.0,
        "Other Special Charges": NaN,
        "Gain On Sale Of Security": 36000.0,
        "Depreciation Amortization Depletion Income Statement": 271000.0,
        "Depreciation And Amortization In Income Statement": 271000.0,
        "Amortization": 271000.0,
        "Amortization Of Intangibles Income Statement": 271000.0,
        "Selling General And Administration": 6861000.0,
        "Selling And Marketing Expense": 60000.0,
        "General And Administrative Expense": 6801000.0,
        "Insurance And Claims": 399000.0,
        "Salaries And Wages": 6402000.0,
        "Total Revenue": 17477000.0,
        "Operating Revenue": 17477000.0,
        "Occupancy And Equipment": 1462000.0,
        "Professional Expense And Contract Services Expense": 530000.0,
        "Other Non Interest Expense": 1760000.0
    }
}