{
    "2023-03-31": {
        "Tax Effect Of Unusual Items": NaN,
        "Tax Rate For Calcs": NaN,
        "Normalized EBITDA": NaN,
        "Total Unusual Items": NaN,
        "Total Unusual Items Excluding Goodwill": NaN,
        "Net Income From Continuing Operation Net Minority Interest": NaN,
        "Reconciled Depreciation": NaN,
        "Reconciled Cost Of Revenue": NaN,
        "EBITDA": NaN,
        "EBIT": NaN,
        "Net Interest Income": NaN,
        "Interest Expense": NaN,
        "Interest Income": NaN,
        "Normalized Income": NaN,
        "Net Income From Continuing And Discontinued Operation": NaN,
        "Total Expenses": NaN,
        "Rent Expense Supplemental": NaN,
        "Total Operating Income As Reported": NaN,
        "Diluted Average Shares": NaN,
        "Basic Average Shares": NaN,
        "Diluted EPS": NaN,
        "Basic EPS": NaN,
        "Diluted NI Availto Com Stockholders": NaN,
        "Average Dilution Earnings": -26878000.0,
        "Net Income Common Stockholders": NaN,
        "Net Income": NaN,
        "Minority Interests": NaN,
        "Net Income Including Noncontrolling Interests": NaN,
        "Net Income Continuous Operations": NaN,
        "Tax Provision": NaN,
        "Pretax Income": NaN,
        "Other Income Expense": NaN,
        "Other Non Operating Income Expenses": NaN,
        "Special Income Charges": NaN,
        "Gain On Sale Of Security": NaN,
        "Net Non Operating Interest Income Expense": NaN,
        "Interest Expense Non Operating": NaN,
        "Interest Income Non Operating": NaN,
        "Operating Income": NaN,
        "Operating Expense": NaN,
        "Other Operating Expenses": NaN,
        "Depreciation Amortization Depletion Income Statement": NaN,
        "Depreciation And Amortization In Income Statement": NaN,
        "Selling General And Administration": NaN,
        "General And Administrative Expense": NaN,
        "Other Gand A": NaN,
        "Rent And Landing Fees": NaN,
        "Salaries And Wages": NaN,
        "Gross Profit": NaN,
        "Cost Of Revenue": NaN,
        "Total Revenue": NaN,
        "Operating Revenue": NaN
    },
    "2022-12-31": {
        "Tax Effect Of Unusual Items": NaN,
        "Tax Rate For Calcs": NaN,
        "Normalized EBITDA": NaN,
        "Total Unusual Items": 0.0,
        "Total Unusual Items Excluding Goodwill": 0.0,
        "Net Income From Continuing Operation Net Minority Interest": NaN,
        "Reconciled Depreciation": NaN,
        "Reconciled Cost Of Revenue": NaN,
        "EBITDA": NaN,
        "EBIT": NaN,
        "Net Interest Income": -70000.0,
        "Interest Expense": 70000.0,
        "Interest Income": NaN,
        "Normalized Income": NaN,
        "Net Income From Continuing And Discontinued Operation": NaN,
        "Total Expenses": NaN,
        "Rent Expense Supplemental": NaN,
        "Total Operating Income As Reported": NaN,
        "Diluted Average Shares": NaN,
        "Basic Average Shares": NaN,
        "Diluted EPS": NaN,
        "Basic EPS": NaN,
        "Diluted NI Availto Com Stockholders": NaN,
        "Average Dilution Earnings": NaN,
        "Net Income Common Stockholders": NaN,
        "Net Income": NaN,
        "Minority Interests": NaN,
        "Net Income Including Noncontrolling Interests": NaN,
        "Net Income Continuous Operations": NaN,
        "Tax Provision": NaN,
        "Pretax Income": NaN,
        "Other Income Expense": NaN,
        "Other Non Operating Income Expenses": NaN,
        "Special Income Charges": 0.0,
        "Gain On Sale Of Security": 0.0,
        "Net Non Operating Interest Income Expense": -70000.0,
        "Interest Expense Non Operating": 70000.0,
        "Interest Income Non Operating": NaN,
        "Operating Income": NaN,
        "Operating Expense": NaN,
        "Other Operating Expenses": NaN,
        "Depreciation Amortization Depletion Income Statement": NaN,
        "Depreciation And Amortization In Income Statement": NaN,
        "Selling General And Administration": NaN,
        "General And Administrative Expense": NaN,
        "Other Gand A": NaN,
        "Rent And Landing Fees": NaN,
        "Salaries And Wages": NaN,
        "Gross Profit": NaN,
        "Cost Of Revenue": NaN,
        "Total Revenue": NaN,
        "Operating Revenue": NaN
    },
    "2022-09-30": {
        "Tax Effect Of Unusual Items": NaN,
        "Tax Rate For Calcs": NaN,
        "Normalized EBITDA": NaN,
        "Total Unusual Items": -6294000.0,
        "Total Unusual Items Excluding Goodwill": -6294000.0,
        "Net Income From Continuing Operation Net Minority Interest": NaN,
        "Reconciled Depreciation": NaN,
        "Reconciled Cost Of Revenue": NaN,
        "EBITDA": NaN,
        "EBIT": NaN,
        "Net Interest Income": -69000.0,
        "Interest Expense": 69000.0,
        "Interest Income": NaN,
        "Normalized Income": NaN,
        "Net Income From Continuing And Discontinued Operation": NaN,
        "Total Expenses": NaN,
        "Rent Expense Supplemental": NaN,
        "Total Operating Income As Reported": NaN,
        "Diluted Average Shares": NaN,
        "Basic Average Shares": NaN,
        "Diluted EPS": NaN,
        "Basic EPS": NaN,
        "Diluted NI Availto Com Stockholders": NaN,
        "Average Dilution Earnings": NaN,
        "Net Income Common Stockholders": NaN,
        "Net Income": NaN,
        "Minority Interests": NaN,
        "Net Income Including Noncontrolling Interests": NaN,
        "Net Income Continuous Operations": NaN,
        "Tax Provision": NaN,
        "Pretax Income": NaN,
        "Other Income Expense": NaN,
        "Other Non Operating Income Expenses": NaN,
        "Special Income Charges": 0.0,
        "Gain On Sale Of Security": -6294000.0,
        "Net Non Operating Interest Income Expense": -69000.0,
        "Interest Expense Non Operating": 69000.0,
        "Interest Income Non Operating": NaN,
        "Operating Income": NaN,
        "Operating Expense": NaN,
        "Other Operating Expenses": NaN,
        "Depreciation Amortization Depletion Income Statement": NaN,
        "Depreciation And Amortization In Income Statement": NaN,
        "Selling General And Administration": NaN,
        "General And Administrative Expense": NaN,
        "Other Gand A": NaN,
        "Rent And Landing Fees": NaN,
        "Salaries And Wages": NaN,
        "Gross Profit": NaN,
        "Cost Of Revenue": NaN,
        "Total Revenue": NaN,
        "Operating Revenue": NaN
    },
    "2022-06-30": {
        "Tax Effect Of Unusual Items": 4037600.0,
        "Tax Rate For Calcs": 0.4,
        "Normalized EBITDA": -1565000.0,
        "Total Unusual Items": 10094000.0,
        "Total Unusual Items Excluding Goodwill": 10094000.0,
        "Net Income From Continuing Operation Net Minority Interest": 9265000.0,
        "Reconciled Depreciation": 2653000.0,
        "Reconciled Cost Of Revenue": 127014000.0,
        "EBITDA": 8529000.0,
        "EBIT": 5876000.0,
        "Net Interest Income": -69000.0,
        "Interest Expense": 69000.0,
        "Interest Income": NaN,
        "Normalized Income": 3208600.0,
        "Net Income From Continuing And Discontinued Operation": 9265000.0,
        "Total Expenses": 160117000.0,
        "Rent Expense Supplemental": 5378000.0,
        "Total Operating Income As Reported": -9013000.0,
        "Diluted Average Shares": 90688871.0,
        "Basic Average Shares": 44584181.0,
        "Diluted EPS": -0.000595,
        "Basic EPS": 0.21,
        "Diluted NI Availto Com Stockholders": -54000.0,
        "Average Dilution Earnings": -9319000.0,
        "Net Income Common Stockholders": 9265000.0,
        "Net Income": 9265000.0,
        "Minority Interests": 6599000.0,
        "Net Income Including Noncontrolling Interests": 2666000.0,
        "Net Income Continuous Operations": 2666000.0,
        "Tax Provision": 3141000.0,
        "Pretax Income": 5807000.0,
        "Other Income Expense": 14889000.0,
        "Other Non Operating Income Expenses": 4795000.0,
        "Special Income Charges": 0.0,
        "Gain On Sale Of Security": 10094000.0,
        "Net Non Operating Interest Income Expense": -69000.0,
        "Interest Expense Non Operating": 69000.0,
        "Interest Income Non Operating": NaN,
        "Operating Income": -9013000.0,
        "Operating Expense": 33103000.0,
        "Other Operating Expenses": 3641000.0,
        "Depreciation Amortization Depletion Income Statement": 2653000.0,
        "Depreciation And Amortization In Income Statement": 2653000.0,
        "Selling General And Administration": 30450000.0,
        "General And Administrative Expense": 30450000.0,
        "Other Gand A": 25072000.0,
        "Rent And Landing Fees": 5378000.0,
        "Gross Profit": 24090000.0,
        "Cost Of Revenue": 127014000.0,
        "Total Revenue": 151104000.0,
        "Operating Revenue": 151104000.0
    },
    "2022-03-31": {
        "Diluted EPS": 0.0,
        "Total Revenue": 152,
        "Gross Profit": 24,
        "Operating Income": -10,
        "EBIT": -7,
        "Net Income": 9
    },
    "2021-12-31": {
        "Diluted EPS": -0.25,
        "Total Revenue": 199,
        "Gross Profit": 37,
        "Operating Income": -1,
        "EBIT": 3,
        "Net Income": -23
    },
    "2021-09-30": {
        "Diluted EPS": -0.09,
        "Total Revenue": 177,
        "Gross Profit": 26,
        "Operating Income": -10,
        "EBIT": -7,
        "Net Income": 3
    },
    "2021-06-30": {
        "Diluted EPS": -0.32,
        "Total Revenue": 256,
        "Gross Profit": 84,
        "Operating Income": 49,
        "EBIT": 54,
        "Net Income": -12
    },
    "2021-03-31": {
        "Diluted EPS": 0.0,
        "Total Revenue": 170,
        "Gross Profit": 54,
        "Operating Income": 28,
        "EBIT": 33,
        "Net Income": 23
    },
    "2020-12-31": {
        "Diluted EPS": 0.0,
        "Total Revenue": 282,
        "Gross Profit": 66,
        "Operating Income": 5,
        "EBIT": 9,
        "Net Income": -1
    },
    "2020-09-30": {
        "Diluted EPS": 0.0,
        "Total Revenue": 123,
        "Gross Profit": 32,
        "Operating Income": 2,
        "EBIT": 6,
        "Net Income": -1
    },
    "2020-06-30": {
        "Diluted EPS": 0.0,
        "Total Revenue": 115,
        "Gross Profit": 22,
        "Operating Income": -21,
        "EBIT": -21,
        "Net Income": -22
    },
    "2020-03-31": {
        "Diluted EPS": 0.0,
        "Total Revenue": NaN,
        "Gross Profit": NaN,
        "Operating Income": 0,
        "EBIT": 0,
        "Net Income": 0
    },
    "2019-12-31": {
        "Diluted EPS": 0.0,
        "Total Revenue": NaN,
        "Gross Profit": NaN,
        "Operating Income": NaN,
        "EBIT": NaN,
        "Net Income": NaN
    },
    "2019-09-30": {
        "Diluted EPS": 0.0,
        "Total Revenue": NaN,
        "Gross Profit": NaN,
        "Operating Income": NaN,
        "EBIT": NaN,
        "Net Income": NaN
    },
    "2018-12-31": {
        "Diluted EPS": 0.0,
        "Total Revenue": NaN,
        "Gross Profit": NaN,
        "Operating Income": NaN,
        "EBIT": NaN,
        "Net Income": NaN
    },
    "2023-06-30": {
        "Tax Effect Of Unusual Items": 0.0,
        "Tax Rate For Calcs": 0.199,
        "Normalized EBITDA": -18113000.0,
        "Total Unusual Items": -2500000.0,
        "Total Unusual Items Excluding Goodwill": -2500000.0,
        "Net Income From Continuing Operation Net Minority Interest": 359000.0,
        "Reconciled Depreciation": 3639000.0,
        "Reconciled Cost Of Revenue": 106216000.0,
        "EBITDA": -18113000.0,
        "EBIT": -21752000.0,
        "Net Interest Income": 1400000.0,
        "Interest Expense": NaN,
        "Interest Income": 1400000.0,
        "Normalized Income": 359000.0,
        "Net Income From Continuing And Discontinued Operation": 359000.0,
        "Total Expenses": 187297000.0,
        "Rent Expense Supplemental": 6678000.0,
        "Total Operating Income As Reported": -21752000.0,
        "Diluted Average Shares": 86521626.0,
        "Basic Average Shares": 42743611.0,
        "Diluted EPS": -0.19,
        "Basic EPS": 0.01,
        "Diluted NI Availto Com Stockholders": -16621000.0,
        "Average Dilution Earnings": -16980000.0,
        "Net Income Common Stockholders": 359000.0,
        "Net Income": 359000.0,
        "Minority Interests": 18629000.0,
        "Net Income Including Noncontrolling Interests": -18270000.0,
        "Net Income Continuous Operations": -18270000.0,
        "Tax Provision": -4543000.0,
        "Pretax Income": -22813000.0,
        "Other Income Expense": -1061000.0,
        "Other Non Operating Income Expenses": -1061000.0,
        "Special Income Charges": NaN,
        "Gain On Sale Of Security": -2500000.0,
        "Net Non Operating Interest Income Expense": 1400000.0,
        "Interest Expense Non Operating": NaN,
        "Interest Income Non Operating": 1400000.0,
        "Operating Income": -21752000.0,
        "Operating Expense": 81081000.0,
        "Other Operating Expenses": 14019000.0,
        "Depreciation Amortization Depletion Income Statement": 3639000.0,
        "Depreciation And Amortization In Income Statement": 3639000.0,
        "Selling General And Administration": 63423000.0,
        "General And Administrative Expense": 63423000.0,
        "Other Gand A": 14533000.0,
        "Rent And Landing Fees": 6678000.0,
        "Salaries And Wages": 42212000.0,
        "Gross Profit": 59329000.0,
        "Cost Of Revenue": 106216000.0,
        "Total Revenue": 165545000.0,
        "Operating Revenue": 165545000.0
    },
    "2023-09-30": {
        "Tax Effect Of Unusual Items": 0.0,
        "Tax Rate For Calcs": 0.008,
        "Normalized EBITDA": -22998000.0,
        "Total Unusual Items": NaN,
        "Total Unusual Items Excluding Goodwill": NaN,
        "Net Income From Continuing Operation Net Minority Interest": -2049000.0,
        "Reconciled Depreciation": 3694000.0,
        "Reconciled Cost Of Revenue": 84872000.0,
        "EBITDA": -22998000.0,
        "EBIT": -26692000.0,
        "Net Interest Income": NaN,
        "Interest Expense": NaN,
        "Interest Income": NaN,
        "Normalized Income": -2049000.0,
        "Net Income From Continuing And Discontinued Operation": -2049000.0,
        "Total Expenses": 165695000.0,
        "Rent Expense Supplemental": 6766000.0,
        "Total Operating Income As Reported": -26692000.0,
        "Diluted Average Shares": 86647697.0,
        "Basic Average Shares": 43123465.0,
        "Diluted EPS": -0.27,
        "Basic EPS": -0.05,
        "Diluted NI Availto Com Stockholders": -23770000.0,
        "Average Dilution Earnings": -21721000.0,
        "Net Income Common Stockholders": -2049000.0,
        "Net Income": -2049000.0,
        "Minority Interests": 21689000.0,
        "Net Income Including Noncontrolling Interests": -23738000.0,
        "Net Income Continuous Operations": -23738000.0,
        "Tax Provision": -191000.0,
        "Pretax Income": -23929000.0,
        "Other Income Expense": 2763000.0,
        "Other Non Operating Income Expenses": 2763000.0,
        "Special Income Charges": NaN,
        "Gain On Sale Of Security": NaN,
        "Net Non Operating Interest Income Expense": NaN,
        "Interest Expense Non Operating": NaN,
        "Interest Income Non Operating": NaN,
        "Operating Income": -26692000.0,
        "Operating Expense": 80823000.0,
        "Other Operating Expenses": 12179000.0,
        "Depreciation Amortization Depletion Income Statement": 3694000.0,
        "Depreciation And Amortization In Income Statement": 3694000.0,
        "Selling General And Administration": 64950000.0,
        "General And Administrative Expense": 64950000.0,
        "Other Gand A": 15292000.0,
        "Rent And Landing Fees": 6766000.0,
        "Salaries And Wages": 42892000.0,
        "Gross Profit": 54131000.0,
        "Cost Of Revenue": 84872000.0,
        "Total Revenue": 139003000.0,
        "Operating Revenue": 139003000.0
    },
    "2023-12-31": {
        "Tax Effect Of Unusual Items": 0.0,
        "Tax Rate For Calcs": 0.034863,
        "Normalized EBITDA": -36899000.0,
        "Total Unusual Items": NaN,
        "Total Unusual Items Excluding Goodwill": NaN,
        "Net Income From Continuing Operation Net Minority Interest": -10410000.0,
        "Reconciled Depreciation": 4511000.0,
        "Reconciled Cost Of Revenue": 165521000.0,
        "EBITDA": -36899000.0,
        "EBIT": -41410000.0,
        "Net Interest Income": NaN,
        "Interest Expense": NaN,
        "Interest Income": NaN,
        "Normalized Income": -10410000.0,
        "Net Income From Continuing And Discontinued Operation": -10410000.0,
        "Total Expenses": 256644000.0,
        "Rent Expense Supplemental": 6033000.0,
        "Total Operating Income As Reported": -43966000.0,
        "Diluted Average Shares": 87329418.0,
        "Basic Average Shares": 44884305.0,
        "Diluted EPS": -0.49,
        "Basic EPS": -0.23,
        "Diluted NI Availto Com Stockholders": -42606000.0,
        "Average Dilution Earnings": -32196000.0,
        "Net Income Common Stockholders": -10410000.0,
        "Net Income": -10410000.0,
        "Minority Interests": 32002000.0,
        "Net Income Including Noncontrolling Interests": -42412000.0,
        "Net Income Continuous Operations": -42412000.0,
        "Tax Provision": -1532000.0,
        "Pretax Income": -43944000.0,
        "Other Income Expense": 298000.0,
        "Other Non Operating Income Expenses": 298000.0,
        "Special Income Charges": NaN,
        "Gain On Sale Of Security": NaN,
        "Net Non Operating Interest Income Expense": NaN,
        "Interest Expense Non Operating": NaN,
        "Interest Income Non Operating": NaN,
        "Operating Income": -43966000.0,
        "Operating Expense": 91123000.0,
        "Other Operating Expenses": 14008000.0,
        "Depreciation Amortization Depletion Income Statement": 4511000.0,
        "Depreciation And Amortization In Income Statement": 4511000.0,
        "Selling General And Administration": 72604000.0,
        "General And Administrative Expense": 72604000.0,
        "Other Gand A": 16971000.0,
        "Rent And Landing Fees": 6033000.0,
        "Salaries And Wages": 49600000.0,
        "Gross Profit": 47157000.0,
        "Cost Of Revenue": 165521000.0,
        "Total Revenue": 212678000.0,
        "Operating Revenue": 212678000.0
    },
    "2024-03-31": {
        "Tax Effect Of Unusual Items": 0.0,
        "Tax Rate For Calcs": 0.21,
        "Normalized EBITDA": -48483000.0,
        "Total Unusual Items": NaN,
        "Total Unusual Items Excluding Goodwill": NaN,
        "Net Income From Continuing Operation Net Minority Interest": -35844000.0,
        "Reconciled Depreciation": 5080000.0,
        "Reconciled Cost Of Revenue": 68590000.0,
        "EBITDA": -48483000.0,
        "EBIT": -53563000.0,
        "Net Interest Income": NaN,
        "Interest Expense": NaN,
        "Interest Income": NaN,
        "Normalized Income": -35844000.0,
        "Net Income From Continuing And Discontinued Operation": -35844000.0,
        "Total Expenses": 155690000.0,
        "Rent Expense Supplemental": 6277000.0,
        "Total Operating Income As Reported": -53563000.0,
        "Diluted Average Shares": 90519358.0,
        "Basic Average Shares": 49200283.0,
        "Diluted EPS": -0.91,
        "Basic EPS": -0.73,
        "Diluted NI Availto Com Stockholders": -35844000.0,
        "Average Dilution Earnings": NaN,
        "Net Income Common Stockholders": -35844000.0,
        "Net Income": -35844000.0,
        "Minority Interests": 34156000.0,
        "Net Income Including Noncontrolling Interests": -70000000.0,
        "Net Income Continuous Operations": -70000000.0,
        "Tax Provision": 19094000.0,
        "Pretax Income": -50906000.0,
        "Other Income Expense": 2657000.0,
        "Other Non Operating Income Expenses": 2657000.0,
        "Special Income Charges": NaN,
        "Gain On Sale Of Security": NaN,
        "Net Non Operating Interest Income Expense": NaN,
        "Interest Expense Non Operating": NaN,
        "Interest Income Non Operating": NaN,
        "Operating Income": -53563000.0,
        "Operating Expense": 87100000.0,
        "Other Operating Expenses": 13357000.0,
        "Depreciation Amortization Depletion Income Statement": 5080000.0,
        "Depreciation And Amortization In Income Statement": 5080000.0,
        "Selling General And Administration": 68663000.0,
        "General And Administrative Expense": 68663000.0,
        "Other Gand A": 15579000.0,
        "Rent And Landing Fees": 6277000.0,
        "Salaries And Wages": 46807000.0,
        "Gross Profit": 33537000.0,
        "Cost Of Revenue": 68590000.0,
        "Total Revenue": 102127000.0,
        "Operating Revenue": 102127000.0
    },
    "2024-06-30": {
        "Tax Effect Of Unusual Items": 0.0,
        "Tax Rate For Calcs": 0.008,
        "Normalized EBITDA": -77124000.0,
        "Total Unusual Items": NaN,
        "Total Unusual Items Excluding Goodwill": NaN,
        "Net Income From Continuing Operation Net Minority Interest": -66028000.0,
        "Reconciled Depreciation": 5108000.0,
        "Reconciled Cost Of Revenue": 149973000.0,
        "EBITDA": -77124000.0,
        "EBIT": -82232000.0,
        "Net Interest Income": NaN,
        "Interest Expense": NaN,
        "Interest Income": NaN,
        "Normalized Income": -66028000.0,
        "Net Income From Continuing And Discontinued Operation": -66028000.0,
        "Total Expenses": 354230000.0,
        "Rent Expense Supplemental": 5860000.0,
        "Total Operating Income As Reported": -82232000.0,
        "Diluted Average Shares": 54589542.0,
        "Basic Average Shares": 54589542.0,
        "Diluted EPS": -1.21,
        "Basic EPS": -1.21,
        "Diluted NI Availto Com Stockholders": -66028000.0,
        "Average Dilution Earnings": 0.0,
        "Net Income Common Stockholders": -66028000.0,
        "Net Income": -66028000.0,
        "Minority Interests": 14817000.0,
        "Net Income Including Noncontrolling Interests": -80845000.0,
        "Net Income Continuous Operations": -80845000.0,
        "Tax Provision": -642000.0,
        "Pretax Income": -81487000.0,
        "Other Income Expense": 745000.0,
        "Other Non Operating Income Expenses": 745000.0,
        "Special Income Charges": NaN,
        "Gain On Sale Of Security": NaN,
        "Net Non Operating Interest Income Expense": NaN,
        "Interest Expense Non Operating": NaN,
        "Interest Income Non Operating": NaN,
        "Operating Income": -82232000.0,
        "Operating Expense": 204257000.0,
        "Other Operating Expenses": 13825000.0,
        "Depreciation Amortization Depletion Income Statement": 5108000.0,
        "Depreciation And Amortization In Income Statement": 5108000.0,
        "Selling General And Administration": 185324000.0,
        "General And Administrative Expense": 185324000.0,
        "Other Gand A": 18966000.0,
        "Rent And Landing Fees": 5860000.0,
        "Salaries And Wages": 160498000.0,
        "Gross Profit": 122025000.0,
        "Cost Of Revenue": 149973000.0,
        "Total Revenue": 271998000.0,
        "Operating Revenue": 271998000.0
    }
}