{
    "2023-03-31": {
        "Tax Effect Of Unusual Items": NaN,
        "Tax Rate For Calcs": NaN,
        "Normalized EBITDA": NaN,
        "Total Unusual Items": NaN,
        "Total Unusual Items Excluding Goodwill": NaN,
        "Net Income From Continuing Operation Net Minority Interest": NaN,
        "Reconciled Depreciation": NaN,
        "Reconciled Cost Of Revenue": NaN,
        "EBITDA": NaN,
        "EBIT": NaN,
        "Net Interest Income": NaN,
        "Interest Expense": NaN,
        "Normalized Income": NaN,
        "Net Income From Continuing And Discontinued Operation": NaN,
        "Total Expenses": NaN,
        "Total Operating Income As Reported": NaN,
        "Diluted Average Shares": NaN,
        "Basic Average Shares": NaN,
        "Diluted EPS": NaN,
        "Basic EPS": NaN,
        "Diluted NI Availto Com Stockholders": NaN,
        "Average Dilution Earnings": 0.0,
        "Net Income Common Stockholders": NaN,
        "Net Income": NaN,
        "Minority Interests": NaN,
        "Net Income Including Noncontrolling Interests": NaN,
        "Net Income Continuous Operations": NaN,
        "Tax Provision": NaN,
        "Pretax Income": NaN,
        "Other Income Expense": NaN,
        "Other Non Operating Income Expenses": NaN,
        "Special Income Charges": NaN,
        "Restructuring And Mergern Acquisition": NaN,
        "Net Non Operating Interest Income Expense": NaN,
        "Interest Expense Non Operating": NaN,
        "Operating Income": NaN,
        "Operating Expense": NaN,
        "Depreciation Amortization Depletion Income Statement": NaN,
        "Depreciation And Amortization In Income Statement": NaN,
        "Research And Development": NaN,
        "Selling General And Administration": NaN,
        "Gross Profit": NaN,
        "Cost Of Revenue": NaN,
        "Total Revenue": NaN,
        "Operating Revenue": NaN
    },
    "2022-12-31": {
        "Tax Effect Of Unusual Items": 0.0,
        "Tax Rate For Calcs": 0.21,
        "Normalized EBITDA": 27335000.0,
        "Total Unusual Items": 0.0,
        "Total Unusual Items Excluding Goodwill": 0.0,
        "Net Income From Continuing Operation Net Minority Interest": -1622000.0,
        "Reconciled Depreciation": 31100000.0,
        "Reconciled Cost Of Revenue": 51417000.0,
        "EBITDA": 27335000.0,
        "EBIT": -3765000.0,
        "Net Interest Income": -13090000.0,
        "Interest Expense": 13090000.0,
        "Normalized Income": -1622000.0,
        "Net Income From Continuing And Discontinued Operation": -1622000.0,
        "Total Expenses": 154707000.0,
        "Total Operating Income As Reported": 6359000.0,
        "Diluted Average Shares": 199414403.0,
        "Basic Average Shares": 159485931.0,
        "Diluted EPS": -0.02,
        "Basic EPS": -0.01,
        "Diluted NI Availto Com Stockholders": -1622000.0,
        "Net Income Common Stockholders": -1622000.0,
        "Net Income": -1622000.0,
        "Minority Interests": 1624000.0,
        "Net Income Including Noncontrolling Interests": -3246000.0,
        "Net Income Continuous Operations": -3246000.0,
        "Tax Provision": -13609000.0,
        "Pretax Income": -16855000.0,
        "Other Income Expense": -10124000.0,
        "Other Non Operating Income Expenses": -10124000.0,
        "Special Income Charges": 0.0,
        "Restructuring And Mergern Acquisition": 0.0,
        "Net Non Operating Interest Income Expense": -13090000.0,
        "Interest Expense Non Operating": 13090000.0,
        "Operating Income": 6359000.0,
        "Operating Expense": 88107000.0,
        "Depreciation Amortization Depletion Income Statement": 15917000.0,
        "Depreciation And Amortization In Income Statement": 15917000.0,
        "Research And Development": 26970000.0,
        "Selling General And Administration": 45220000.0,
        "Gross Profit": 94466000.0,
        "Cost Of Revenue": 66600000.0,
        "Total Revenue": 161066000.0,
        "Operating Revenue": 161066000.0
    },
    "2022-09-30": {
        "Tax Effect Of Unusual Items": -1881.0,
        "Tax Rate For Calcs": 0.171,
        "Normalized EBITDA": 37253000.0,
        "Total Unusual Items": -11000.0,
        "Total Unusual Items Excluding Goodwill": -11000.0,
        "Net Income From Continuing Operation Net Minority Interest": -2528000.0,
        "Reconciled Depreciation": 30812000.0,
        "Reconciled Cost Of Revenue": 54930000.0,
        "EBITDA": 37242000.0,
        "EBIT": 6430000.0,
        "Net Interest Income": -11158000.0,
        "Interest Expense": 11158000.0,
        "Normalized Income": -2518881.0,
        "Net Income From Continuing And Discontinued Operation": -2528000.0,
        "Total Expenses": 159093000.0,
        "Total Operating Income As Reported": 3330000.0,
        "Diluted Average Shares": 158812536.0,
        "Basic Average Shares": 158812536.0,
        "Diluted EPS": -0.02,
        "Basic EPS": -0.02,
        "Diluted NI Availto Com Stockholders": -2528000.0,
        "Net Income Common Stockholders": -2528000.0,
        "Net Income": -2528000.0,
        "Minority Interests": 1389000.0,
        "Net Income Including Noncontrolling Interests": -3917000.0,
        "Net Income Continuous Operations": -3917000.0,
        "Tax Provision": -811000.0,
        "Pretax Income": -4728000.0,
        "Other Income Expense": 3089000.0,
        "Other Non Operating Income Expenses": 3100000.0,
        "Special Income Charges": -11000.0,
        "Restructuring And Mergern Acquisition": 11000.0,
        "Net Non Operating Interest Income Expense": -11158000.0,
        "Interest Expense Non Operating": 11158000.0,
        "Operating Income": 3341000.0,
        "Operating Expense": 89306000.0,
        "Depreciation Amortization Depletion Income Statement": 15955000.0,
        "Depreciation And Amortization In Income Statement": 15955000.0,
        "Research And Development": 27821000.0,
        "Selling General And Administration": 45530000.0,
        "Gross Profit": 92647000.0,
        "Cost Of Revenue": 69787000.0,
        "Total Revenue": 162434000.0,
        "Operating Revenue": 162434000.0
    },
    "2022-06-30": {
        "Tax Effect Of Unusual Items": -325416.0,
        "Tax Rate For Calcs": 0.312,
        "Normalized EBITDA": 30767000.0,
        "Total Unusual Items": -1043000.0,
        "Total Unusual Items Excluding Goodwill": -1043000.0,
        "Net Income From Continuing Operation Net Minority Interest": -4525000.0,
        "Reconciled Depreciation": 30372000.0,
        "Reconciled Cost Of Revenue": 53750000.0,
        "EBITDA": 29724000.0,
        "EBIT": -648000.0,
        "Net Interest Income": -8743000.0,
        "Interest Expense": 8743000.0,
        "Normalized Income": -3807416.0,
        "Net Income From Continuing And Discontinued Operation": -4525000.0,
        "Total Expenses": 157694000.0,
        "Total Operating Income As Reported": -1146000.0,
        "Diluted Average Shares": 158229171.0,
        "Basic Average Shares": 158229171.0,
        "Diluted EPS": -0.03,
        "Basic EPS": -0.03,
        "Diluted NI Availto Com Stockholders": -4525000.0,
        "Net Income Common Stockholders": -4525000.0,
        "Net Income": -4525000.0,
        "Minority Interests": 1933000.0,
        "Net Income Including Noncontrolling Interests": -6458000.0,
        "Net Income Continuous Operations": -6458000.0,
        "Tax Provision": -2933000.0,
        "Pretax Income": -9391000.0,
        "Other Income Expense": -545000.0,
        "Other Non Operating Income Expenses": 498000.0,
        "Special Income Charges": -1043000.0,
        "Restructuring And Mergern Acquisition": 1043000.0,
        "Net Non Operating Interest Income Expense": -8743000.0,
        "Interest Expense Non Operating": 8743000.0,
        "Operating Income": -103000.0,
        "Operating Expense": 89709000.0,
        "Depreciation Amortization Depletion Income Statement": 16137000.0,
        "Depreciation And Amortization In Income Statement": 16137000.0,
        "Research And Development": 26088000.0,
        "Selling General And Administration": 47484000.0,
        "Gross Profit": 89606000.0,
        "Cost Of Revenue": 67985000.0,
        "Total Revenue": 157591000.0,
        "Operating Revenue": 157591000.0
    },
    "2022-03-31": {
        "Diluted EPS": -0.08,
        "Total Revenue": 150,
        "Gross Profit": 82,
        "Operating Income": -3,
        "EBIT": 30,
        "Net Income": -12
    },
    "2021-12-31": {
        "Diluted EPS": -0.09,
        "Total Revenue": 146,
        "Gross Profit": 80,
        "Operating Income": -11,
        "EBIT": 18,
        "Net Income": -12
    },
    "2021-09-30": {
        "Diluted EPS": -0.12,
        "Total Revenue": 149,
        "Gross Profit": 86,
        "Operating Income": -2,
        "EBIT": 20,
        "Net Income": -19
    },
    "2021-06-30": {
        "Diluted EPS": 0.0,
        "Total Revenue": 145,
        "Gross Profit": 86,
        "Operating Income": 17,
        "EBIT": 52,
        "Net Income": -3
    },
    "2021-03-31": {
        "Diluted EPS": 0.0,
        "Total Revenue": 118,
        "Gross Profit": 66,
        "Operating Income": 2,
        "EBIT": 29,
        "Net Income": 0
    },
    "2020-12-31": {
        "Diluted EPS": 0.0,
        "Total Revenue": NaN,
        "Gross Profit": NaN,
        "Operating Income": NaN,
        "EBIT": NaN,
        "Net Income": NaN
    },
    "2020-09-30": {
        "Diluted EPS": 0.0,
        "Total Revenue": 116,
        "Gross Profit": 68,
        "Operating Income": 17,
        "EBIT": 17,
        "Net Income": 0
    },
    "2019-12-31": {
        "Diluted EPS": 0.0,
        "Total Revenue": NaN,
        "Gross Profit": NaN,
        "Operating Income": NaN,
        "EBIT": NaN,
        "Net Income": NaN
    },
    "2023-06-30": {
        "Tax Effect Of Unusual Items": 0.0,
        "Tax Rate For Calcs": 0.286426,
        "Normalized EBITDA": 42765000.0,
        "Total Unusual Items": 0.0,
        "Total Unusual Items Excluding Goodwill": 0.0,
        "Net Income From Continuing Operation Net Minority Interest": -3195000.0,
        "Reconciled Depreciation": 32683000.0,
        "Reconciled Cost Of Revenue": 52110000.0,
        "EBITDA": 42765000.0,
        "EBIT": 10082000.0,
        "Net Interest Income": -16101000.0,
        "Interest Expense": 16101000.0,
        "Normalized Income": -3195000.0,
        "Net Income From Continuing And Discontinued Operation": -3195000.0,
        "Total Expenses": 163784000.0,
        "Total Operating Income As Reported": 10113000.0,
        "Diluted Average Shares": 200721918.0,
        "Basic Average Shares": 163067859.0,
        "Diluted EPS": -0.02,
        "Basic EPS": -0.02,
        "Diluted NI Availto Com Stockholders": -4080000.0,
        "Average Dilution Earnings": -885000.0,
        "Net Income Common Stockholders": -3195000.0,
        "Net Income": -3195000.0,
        "Minority Interests": 1100000.0,
        "Net Income Including Noncontrolling Interests": -4295000.0,
        "Net Income Continuous Operations": -4295000.0,
        "Tax Provision": -1724000.0,
        "Pretax Income": -6019000.0,
        "Other Income Expense": -31000.0,
        "Other Non Operating Income Expenses": -31000.0,
        "Special Income Charges": 0.0,
        "Restructuring And Mergern Acquisition": 0.0,
        "Net Non Operating Interest Income Expense": -16101000.0,
        "Interest Expense Non Operating": 16101000.0,
        "Operating Income": 10113000.0,
        "Operating Expense": 94755000.0,
        "Depreciation Amortization Depletion Income Statement": 15764000.0,
        "Depreciation And Amortization In Income Statement": 15764000.0,
        "Research And Development": 25862000.0,
        "Selling General And Administration": 53129000.0,
        "Gross Profit": 104868000.0,
        "Cost Of Revenue": 69029000.0,
        "Total Revenue": 173897000.0,
        "Operating Revenue": 173897000.0
    },
    "2023-09-30": {
        "Tax Effect Of Unusual Items": -516810.0,
        "Tax Rate For Calcs": 0.21,
        "Normalized EBITDA": 47443000.0,
        "Total Unusual Items": -2461000.0,
        "Total Unusual Items Excluding Goodwill": -2461000.0,
        "Net Income From Continuing Operation Net Minority Interest": -473000.0,
        "Reconciled Depreciation": 33354000.0,
        "Reconciled Cost Of Revenue": 54331000.0,
        "EBITDA": 44982000.0,
        "EBIT": 11628000.0,
        "Net Interest Income": -16409000.0,
        "Interest Expense": 16409000.0,
        "Normalized Income": 1471190.0,
        "Net Income From Continuing And Discontinued Operation": -473000.0,
        "Total Expenses": 168042000.0,
        "Total Operating Income As Reported": 11661000.0,
        "Diluted Average Shares": 165666867.0,
        "Basic Average Shares": 163785972.0,
        "Diluted EPS": -0.002888,
        "Basic EPS": -0.002888,
        "Diluted NI Availto Com Stockholders": -473000.0,
        "Average Dilution Earnings": NaN,
        "Net Income Common Stockholders": -473000.0,
        "Net Income": -473000.0,
        "Minority Interests": 833000.0,
        "Net Income Including Noncontrolling Interests": -1306000.0,
        "Net Income Continuous Operations": -1306000.0,
        "Tax Provision": -3475000.0,
        "Pretax Income": -4781000.0,
        "Other Income Expense": -2494000.0,
        "Other Non Operating Income Expenses": -33000.0,
        "Special Income Charges": -2461000.0,
        "Restructuring And Mergern Acquisition": 2461000.0,
        "Net Non Operating Interest Income Expense": -16409000.0,
        "Interest Expense Non Operating": 16409000.0,
        "Operating Income": 14122000.0,
        "Operating Expense": 96192000.0,
        "Depreciation Amortization Depletion Income Statement": 15835000.0,
        "Depreciation And Amortization In Income Statement": 15835000.0,
        "Research And Development": 26751000.0,
        "Selling General And Administration": 53606000.0,
        "Gross Profit": 110314000.0,
        "Cost Of Revenue": 71850000.0,
        "Total Revenue": 182164000.0,
        "Operating Revenue": 182164000.0
    },
    "2023-12-31": {
        "Tax Effect Of Unusual Items": -402150.0,
        "Tax Rate For Calcs": 0.21,
        "Normalized EBITDA": 43842000.0,
        "Total Unusual Items": -1915000.0,
        "Total Unusual Items Excluding Goodwill": -1915000.0,
        "Net Income From Continuing Operation Net Minority Interest": -15616000.0,
        "Reconciled Depreciation": 35634000.0,
        "Reconciled Cost Of Revenue": 54971000.0,
        "EBITDA": 41927000.0,
        "EBIT": 6293000.0,
        "Net Interest Income": -20183000.0,
        "Interest Expense": 20183000.0,
        "Normalized Income": -14103150.0,
        "Net Income From Continuing And Discontinued Operation": -15616000.0,
        "Total Expenses": 176985000.0,
        "Total Operating Income As Reported": 3332000.0,
        "Diluted Average Shares": 202071139.0,
        "Basic Average Shares": 164417080.0,
        "Diluted EPS": -0.1,
        "Basic EPS": -0.09,
        "Diluted NI Availto Com Stockholders": -15616000.0,
        "Average Dilution Earnings": NaN,
        "Net Income Common Stockholders": -15616000.0,
        "Net Income": -15616000.0,
        "Minority Interests": 3042000.0,
        "Net Income Including Noncontrolling Interests": -18658000.0,
        "Net Income Continuous Operations": -18658000.0,
        "Tax Provision": 4768000.0,
        "Pretax Income": -13890000.0,
        "Other Income Expense": 1142000.0,
        "Other Non Operating Income Expenses": 3057000.0,
        "Special Income Charges": -1915000.0,
        "Restructuring And Mergern Acquisition": 1819000.0,
        "Net Non Operating Interest Income Expense": -20183000.0,
        "Interest Expense Non Operating": 20183000.0,
        "Operating Income": 5151000.0,
        "Operating Expense": 103480000.0,
        "Depreciation Amortization Depletion Income Statement": 17100000.0,
        "Depreciation And Amortization In Income Statement": 17100000.0,
        "Research And Development": 27866000.0,
        "Selling General And Administration": 58514000.0,
        "Gross Profit": 108631000.0,
        "Cost Of Revenue": 73505000.0,
        "Total Revenue": 182136000.0,
        "Operating Revenue": 182136000.0
    },
    "2024-03-31": {
        "Tax Effect Of Unusual Items": -158130.0,
        "Tax Rate For Calcs": 0.21,
        "Normalized EBITDA": 41053000.0,
        "Total Unusual Items": -753000.0,
        "Total Unusual Items Excluding Goodwill": -753000.0,
        "Net Income From Continuing Operation Net Minority Interest": -19558000.0,
        "Reconciled Depreciation": 37280000.0,
        "Reconciled Cost Of Revenue": 59930000.0,
        "EBITDA": 40300000.0,
        "EBIT": 3020000.0,
        "Net Interest Income": -20996000.0,
        "Interest Expense": 20996000.0,
        "Normalized Income": -18963130.0,
        "Net Income From Continuing And Discontinued Operation": -19558000.0,
        "Total Expenses": 181293000.0,
        "Total Operating Income As Reported": 2921000.0,
        "Diluted Average Shares": 202691148.0,
        "Basic Average Shares": 165037089.0,
        "Diluted EPS": -0.12,
        "Basic EPS": -0.12,
        "Diluted NI Availto Com Stockholders": -24131000.0,
        "Average Dilution Earnings": -4573000.0,
        "Net Income Common Stockholders": -19558000.0,
        "Net Income": -19558000.0,
        "Minority Interests": 3290000.0,
        "Net Income Including Noncontrolling Interests": -22848000.0,
        "Net Income Continuous Operations": -22848000.0,
        "Tax Provision": 4872000.0,
        "Pretax Income": -17976000.0,
        "Other Income Expense": -654000.0,
        "Other Non Operating Income Expenses": 99000.0,
        "Special Income Charges": -753000.0,
        "Restructuring And Mergern Acquisition": 753000.0,
        "Net Non Operating Interest Income Expense": -20996000.0,
        "Interest Expense Non Operating": 20996000.0,
        "Operating Income": 3674000.0,
        "Operating Expense": 101432000.0,
        "Depreciation Amortization Depletion Income Statement": 17349000.0,
        "Depreciation And Amortization In Income Statement": 17349000.0,
        "Research And Development": 31651000.0,
        "Selling General And Administration": 52432000.0,
        "Gross Profit": 105106000.0,
        "Cost Of Revenue": 79861000.0,
        "Total Revenue": 184967000.0,
        "Operating Revenue": 184967000.0
    },
    "2024-06-30": {
        "Tax Effect Of Unusual Items": -42910.763569,
        "Tax Rate For Calcs": 0.155474,
        "Normalized EBITDA": 29681000.0,
        "Total Unusual Items": -276000.0,
        "Total Unusual Items Excluding Goodwill": -276000.0,
        "Net Income From Continuing Operation Net Minority Interest": -20011000.0,
        "Reconciled Depreciation": 36648000.0,
        "Reconciled Cost Of Revenue": 60527000.0,
        "EBITDA": 29405000.0,
        "EBIT": -7243000.0,
        "Net Interest Income": -23193000.0,
        "Interest Expense": 23193000.0,
        "Normalized Income": -19777910.763569,
        "Net Income From Continuing And Discontinued Operation": -20011000.0,
        "Total Expenses": 199412000.0,
        "Total Operating Income As Reported": -8096000.0,
        "Diluted Average Shares": 203694429.0,
        "Basic Average Shares": 166040370.0,
        "Diluted EPS": -0.12,
        "Basic EPS": -0.12,
        "Diluted NI Availto Com Stockholders": -24916000.0,
        "Average Dilution Earnings": -4905000.0,
        "Net Income Common Stockholders": -20011000.0,
        "Net Income": -20011000.0,
        "Minority Interests": 5693000.0,
        "Net Income Including Noncontrolling Interests": -25704000.0,
        "Net Income Continuous Operations": -25704000.0,
        "Tax Provision": -4732000.0,
        "Pretax Income": -30436000.0,
        "Other Income Expense": 577000.0,
        "Other Non Operating Income Expenses": 853000.0,
        "Special Income Charges": -276000.0,
        "Restructuring And Mergern Acquisition": 276000.0,
        "Net Non Operating Interest Income Expense": -23193000.0,
        "Interest Expense Non Operating": 23193000.0,
        "Operating Income": -7820000.0,
        "Operating Expense": 119581000.0,
        "Depreciation Amortization Depletion Income Statement": 17344000.0,
        "Depreciation And Amortization In Income Statement": 17344000.0,
        "Research And Development": 30616000.0,
        "Selling General And Administration": 71621000.0,
        "Gross Profit": 111761000.0,
        "Cost Of Revenue": 79831000.0,
        "Total Revenue": 191592000.0,
        "Operating Revenue": 191592000.0
    }
}