{
    "2023-03-31": {
        "Tax Effect Of Unusual Items": -6600000.0,
        "Tax Rate For Calcs": 0.22,
        "Normalized EBITDA": 2316000000.0,
        "Total Unusual Items": -30000000.0,
        "Total Unusual Items Excluding Goodwill": -30000000.0,
        "Net Income From Continuing Operation Net Minority Interest": 1222000000.0,
        "Reconciled Depreciation": 664000000.0,
        "Reconciled Cost Of Revenue": 2812000000.0,
        "EBITDA": 2286000000.0,
        "EBIT": 1622000000.0,
        "Net Interest Income": -65000000.0,
        "Interest Expense": 65000000.0,
        "Interest Income": NaN,
        "Normalized Income": 1245400000.0,
        "Net Income From Continuing And Discontinued Operation": 1222000000.0,
        "Total Expenses": 2931000000.0,
        "Diluted Average Shares": 244000000.0,
        "Basic Average Shares": 235000000.0,
        "Diluted EPS": 5.0,
        "Basic EPS": 5.19,
        "Diluted NI Availto Com Stockholders": 1220000000.0,
        "Average Dilution Earnings": 1000000.0,
        "Net Income Common Stockholders": 1219000000.0,
        "Otherunder Preferred Stock Dividend": 3000000.0,
        "Net Income": 1222000000.0,
        "Net Income Including Noncontrolling Interests": 1222000000.0,
        "Net Income Continuous Operations": 1222000000.0,
        "Tax Provision": 335000000.0,
        "Pretax Income": 1557000000.0,
        "Other Income Expense": -44000000.0,
        "Other Non Operating Income Expenses": -14000000.0,
        "Special Income Charges": 14000000.0,
        "Gain On Sale Of Ppe": 25000000.0,
        "Other Special Charges": NaN,
        "Impairment Of Capital Assets": 11000000.0,
        "Restructuring And Mergern Acquisition": NaN,
        "Earnings From Equity Interest": NaN,
        "Gain On Sale Of Security": -44000000.0,
        "Net Non Operating Interest Income Expense": -65000000.0,
        "Interest Expense Non Operating": 65000000.0,
        "Interest Income Non Operating": NaN,
        "Operating Income": 1666000000.0,
        "Operating Expense": 119000000.0,
        "Other Operating Expenses": 19000000.0,
        "Selling General And Administration": 100000000.0,
        "General And Administrative Expense": 100000000.0,
        "Other Gand A": 100000000.0,
        "Gross Profit": 1785000000.0,
        "Cost Of Revenue": 2812000000.0,
        "Total Revenue": 4597000000.0,
        "Operating Revenue": 4597000000.0
    },
    "2022-12-31": {
        "Tax Effect Of Unusual Items": -30661670.235546,
        "Tax Rate For Calcs": 0.207173,
        "Normalized EBITDA": 2710000000.0,
        "Total Unusual Items": -148000000.0,
        "Total Unusual Items Excluding Goodwill": -148000000.0,
        "Net Income From Continuing Operation Net Minority Interest": 1481000000.0,
        "Reconciled Depreciation": 656000000.0,
        "Reconciled Cost Of Revenue": 3064000000.0,
        "EBITDA": 2562000000.0,
        "EBIT": 1906000000.0,
        "Net Interest Income": 23000000.0,
        "Interest Expense": 38000000.0,
        "Interest Income": 73000000.0,
        "Normalized Income": 1598338329.764454,
        "Net Income From Continuing And Discontinued Operation": 1481000000.0,
        "Total Expenses": 3181000000.0,
        "Diluted Average Shares": 247000000.0,
        "Basic Average Shares": 237000000.0,
        "Diluted EPS": 5.98,
        "Basic EPS": 6.23,
        "Diluted NI Availto Com Stockholders": 1478000000.0,
        "Average Dilution Earnings": 1000000.0,
        "Net Income Common Stockholders": 1477000000.0,
        "Otherunder Preferred Stock Dividend": 4000000.0,
        "Net Income": 1481000000.0,
        "Net Income Including Noncontrolling Interests": 1481000000.0,
        "Net Income Continuous Operations": 1481000000.0,
        "Tax Provision": 387000000.0,
        "Pretax Income": 1868000000.0,
        "Other Income Expense": -148000000.0,
        "Other Non Operating Income Expenses": -21000000.0,
        "Special Income Charges": -37000000.0,
        "Gain On Sale Of Ppe": 1000000.0,
        "Other Special Charges": 17000000.0,
        "Impairment Of Capital Assets": NaN,
        "Restructuring And Mergern Acquisition": -2000000.0,
        "Earnings From Equity Interest": 21000000.0,
        "Gain On Sale Of Security": -111000000.0,
        "Net Non Operating Interest Income Expense": 23000000.0,
        "Interest Expense Non Operating": 38000000.0,
        "Interest Income Non Operating": 73000000.0,
        "Operating Income": 1993000000.0,
        "Operating Expense": 117000000.0,
        "Other Operating Expenses": 12000000.0,
        "Selling General And Administration": 105000000.0,
        "General And Administrative Expense": 105000000.0,
        "Other Gand A": 105000000.0,
        "Gross Profit": 2110000000.0,
        "Cost Of Revenue": 3064000000.0,
        "Total Revenue": 5174000000.0,
        "Operating Revenue": 5174000000.0
    },
    "2022-09-30": {
        "Tax Effect Of Unusual Items": 9815557.33761,
        "Tax Rate For Calcs": 0.204491,
        "Normalized EBITDA": 3129000000.0,
        "Total Unusual Items": 48000000.0,
        "Total Unusual Items Excluding Goodwill": 48000000.0,
        "Net Income From Continuing Operation Net Minority Interest": 1984000000.0,
        "Reconciled Depreciation": 641000000.0,
        "Reconciled Cost Of Revenue": 3431000000.0,
        "EBITDA": 3177000000.0,
        "EBIT": 2536000000.0,
        "Net Interest Income": -42000000.0,
        "Interest Expense": 42000000.0,
        "Interest Income": 15000000.0,
        "Normalized Income": 1945815557.33761,
        "Net Income From Continuing And Discontinued Operation": 1984000000.0,
        "Total Expenses": 3533000000.0,
        "Diluted Average Shares": 250000000.0,
        "Basic Average Shares": 239000000.0,
        "Diluted EPS": 7.93,
        "Basic EPS": 8.29,
        "Diluted NI Availto Com Stockholders": 1981000000.0,
        "Average Dilution Earnings": 1000000.0,
        "Net Income Common Stockholders": 1980000000.0,
        "Otherunder Preferred Stock Dividend": 4000000.0,
        "Net Income": 1984000000.0,
        "Net Income Including Noncontrolling Interests": 1984000000.0,
        "Net Income Continuous Operations": 1984000000.0,
        "Tax Provision": 510000000.0,
        "Pretax Income": 2494000000.0,
        "Other Income Expense": 12000000.0,
        "Other Non Operating Income Expenses": -36000000.0,
        "Special Income Charges": 35000000.0,
        "Gain On Sale Of Ppe": 35000000.0,
        "Other Special Charges": NaN,
        "Impairment Of Capital Assets": NaN,
        "Restructuring And Mergern Acquisition": 0.0,
        "Earnings From Equity Interest": -32000000.0,
        "Gain On Sale Of Security": 13000000.0,
        "Net Non Operating Interest Income Expense": -42000000.0,
        "Interest Expense Non Operating": 42000000.0,
        "Interest Income Non Operating": 15000000.0,
        "Operating Income": 2524000000.0,
        "Operating Expense": 102000000.0,
        "Other Operating Expenses": 12000000.0,
        "Selling General And Administration": 90000000.0,
        "General And Administrative Expense": 90000000.0,
        "Other Gand A": 90000000.0,
        "Gross Profit": 2626000000.0,
        "Cost Of Revenue": 3431000000.0,
        "Total Revenue": 6057000000.0,
        "Operating Revenue": 6057000000.0
    },
    "2022-06-30": {
        "Tax Effect Of Unusual Items": -5280000.0,
        "Tax Rate For Calcs": 0.22,
        "Normalized EBITDA": 3705000000.0,
        "Total Unusual Items": -24000000.0,
        "Total Unusual Items Excluding Goodwill": -24000000.0,
        "Net Income From Continuing Operation Net Minority Interest": 2371000000.0,
        "Reconciled Depreciation": 620000000.0,
        "Reconciled Cost Of Revenue": 3751000000.0,
        "EBITDA": 3681000000.0,
        "EBIT": 3061000000.0,
        "Net Interest Income": -33000000.0,
        "Interest Expense": 33000000.0,
        "Interest Income": NaN,
        "Normalized Income": 2389720000.0,
        "Net Income From Continuing And Discontinued Operation": 2371000000.0,
        "Total Expenses": 3854000000.0,
        "Diluted Average Shares": 254000000.0,
        "Basic Average Shares": 242000000.0,
        "Diluted EPS": 9.3,
        "Basic EPS": 9.78,
        "Diluted NI Availto Com Stockholders": 2366000000.0,
        "Average Dilution Earnings": 1000000.0,
        "Net Income Common Stockholders": 2365000000.0,
        "Otherunder Preferred Stock Dividend": 6000000.0,
        "Net Income": 2371000000.0,
        "Net Income Including Noncontrolling Interests": 2371000000.0,
        "Net Income Continuous Operations": 2371000000.0,
        "Tax Provision": 657000000.0,
        "Pretax Income": 3028000000.0,
        "Other Income Expense": -90000000.0,
        "Other Non Operating Income Expenses": -1000000.0,
        "Special Income Charges": 41000000.0,
        "Gain On Sale Of Ppe": 36000000.0,
        "Other Special Charges": NaN,
        "Impairment Of Capital Assets": NaN,
        "Restructuring And Mergern Acquisition": -5000000.0,
        "Earnings From Equity Interest": -65000000.0,
        "Gain On Sale Of Security": -65000000.0,
        "Net Non Operating Interest Income Expense": -33000000.0,
        "Interest Expense Non Operating": 33000000.0,
        "Interest Income Non Operating": NaN,
        "Operating Income": 3151000000.0,
        "Operating Expense": 103000000.0,
        "Other Operating Expenses": 15000000.0,
        "Selling General And Administration": 88000000.0,
        "General And Administrative Expense": 88000000.0,
        "Other Gand A": 88000000.0,
        "Gross Profit": 3254000000.0,
        "Cost Of Revenue": 3751000000.0,
        "Total Revenue": 7005000000.0,
        "Operating Revenue": 7005000000.0
    },
    "2023-06-30": {
        "Tax Effect Of Unusual Items": -3300000.0,
        "Tax Rate For Calcs": 0.22,
        "Normalized EBITDA": 2158000000.0,
        "Total Unusual Items": -15000000.0,
        "Total Unusual Items Excluding Goodwill": -15000000.0,
        "Net Income From Continuing Operation Net Minority Interest": 1102000000.0,
        "Reconciled Depreciation": 695000000.0,
        "Reconciled Cost Of Revenue": 3009000000.0,
        "EBITDA": 2143000000.0,
        "EBIT": 1448000000.0,
        "Net Interest Income": -41000000.0,
        "Interest Expense": 41000000.0,
        "Interest Income": NaN,
        "Normalized Income": 1113700000.0,
        "Net Income From Continuing And Discontinued Operation": 1102000000.0,
        "Total Expenses": 3124000000.0,
        "Diluted Average Shares": 242000000.0,
        "Basic Average Shares": 234000000.0,
        "Diluted EPS": 4.55,
        "Basic EPS": 4.71,
        "Diluted NI Availto Com Stockholders": 1101000000.0,
        "Average Dilution Earnings": 1000000.0,
        "Net Income Common Stockholders": 1100000000.0,
        "Otherunder Preferred Stock Dividend": 2000000.0,
        "Net Income": 1102000000.0,
        "Net Income Including Noncontrolling Interests": 1102000000.0,
        "Net Income Continuous Operations": 1102000000.0,
        "Tax Provision": 305000000.0,
        "Pretax Income": 1407000000.0,
        "Other Income Expense": -13000000.0,
        "Other Non Operating Income Expenses": -16000000.0,
        "Special Income Charges": -14000000.0,
        "Gain On Sale Of Ppe": -3000000.0,
        "Other Special Charges": NaN,
        "Impairment Of Capital Assets": 11000000.0,
        "Restructuring And Mergern Acquisition": NaN,
        "Earnings From Equity Interest": 18000000.0,
        "Gain On Sale Of Security": -1000000.0,
        "Net Non Operating Interest Income Expense": -41000000.0,
        "Interest Expense Non Operating": 41000000.0,
        "Interest Income Non Operating": NaN,
        "Operating Income": 1436000000.0,
        "Operating Expense": 115000000.0,
        "Other Operating Expenses": 27000000.0,
        "Selling General And Administration": 88000000.0,
        "General And Administrative Expense": 88000000.0,
        "Other Gand A": 88000000.0,
        "Gross Profit": 1551000000.0,
        "Cost Of Revenue": 3009000000.0,
        "Total Revenue": 4560000000.0,
        "Operating Revenue": 4560000000.0
    },
    "2022-03-31": {
        "Diluted EPS": 7.85,
        "Total Revenue": NaN,
        "Gross Profit": NaN,
        "Operating Income": NaN,
        "EBIT": NaN,
        "Net Income": NaN
    },
    "2021-12-31": {
        "Diluted EPS": 3.33,
        "Total Revenue": NaN,
        "Gross Profit": NaN,
        "Operating Income": NaN,
        "EBIT": NaN,
        "Net Income": 763
    },
    "2021-09-30": {
        "Diluted EPS": 4.07,
        "Total Revenue": NaN,
        "Gross Profit": NaN,
        "Operating Income": NaN,
        "EBIT": NaN,
        "Net Income": NaN
    },
    "2021-06-30": {
        "Diluted EPS": 1.54,
        "Total Revenue": NaN,
        "Gross Profit": NaN,
        "Operating Income": 590,
        "EBIT": NaN,
        "Net Income": 380
    },
    "2021-03-31": {
        "Diluted EPS": -0.33,
        "Total Revenue": NaN,
        "Gross Profit": 937,
        "Operating Income": 263,
        "EBIT": 790,
        "Net Income": -70
    },
    "2020-12-31": {
        "Diluted EPS": 0.29,
        "Total Revenue": NaN,
        "Gross Profit": 644,
        "Operating Income": 115,
        "EBIT": 531,
        "Net Income": 44
    },
    "2020-09-30": {
        "Diluted EPS": -0.52,
        "Total Revenue": NaN,
        "Gross Profit": 570,
        "Operating Income": 34,
        "EBIT": 450,
        "Net Income": -85
    },
    "2020-06-30": {
        "Diluted EPS": -2.73,
        "Total Revenue": 839,
        "Gross Profit": 100,
        "Operating Income": -433,
        "EBIT": 3,
        "Net Income": -449
    },
    "2020-03-31": {
        "Diluted EPS": 1.75,
        "Total Revenue": NaN,
        "Gross Profit": NaN,
        "Operating Income": 482,
        "EBIT": 934,
        "Net Income": 290
    },
    "2019-12-31": {
        "Diluted EPS": 2.16,
        "Total Revenue": NaN,
        "Gross Profit": NaN,
        "Operating Income": 563,
        "EBIT": NaN,
        "Net Income": 358
    },
    "2019-09-30": {
        "Diluted EPS": 1.38,
        "Total Revenue": NaN,
        "Gross Profit": 973,
        "Operating Income": 366,
        "EBIT": 825,
        "Net Income": 231
    },
    "2019-06-30": {
        "Diluted EPS": -1.01,
        "Total Revenue": NaN,
        "Gross Profit": 602,
        "Operating Income": 26,
        "EBIT": 478,
        "Net Income": -169
    },
    "2019-03-31": {
        "Diluted EPS": 2.06,
        "Total Revenue": NaN,
        "Gross Profit": NaN,
        "Operating Income": 632,
        "EBIT": NaN,
        "Net Income": 350
    },
    "2018-12-31": {
        "Diluted EPS": 1.89,
        "Total Revenue": NaN,
        "Gross Profit": NaN,
        "Operating Income": 977,
        "EBIT": NaN,
        "Net Income": 323
    },
    "2018-09-30": {
        "Diluted EPS": 2.39,
        "Total Revenue": NaN,
        "Gross Profit": NaN,
        "Operating Income": 744,
        "EBIT": NaN,
        "Net Income": 411
    },
    "2018-06-30": {
        "Diluted EPS": 0.38,
        "Total Revenue": NaN,
        "Gross Profit": 842,
        "Operating Income": 194,
        "EBIT": 600,
        "Net Income": 66
    },
    "2018-03-31": {
        "Diluted EPS": 1.04,
        "Total Revenue": NaN,
        "Gross Profit": 883,
        "Operating Income": 325,
        "EBIT": 703,
        "Net Income": 178
    },
    "2017-12-31": {
        "Diluted EPS": 3.87,
        "Total Revenue": NaN,
        "Gross Profit": 708,
        "Operating Income": 168,
        "EBIT": 558,
        "Net Income": 665
    },
    "2017-09-30": {
        "Diluted EPS": -0.13,
        "Total Revenue": NaN,
        "Gross Profit": 573,
        "Operating Income": 66,
        "EBIT": 443,
        "Net Income": -23
    },
    "2017-06-30": {
        "Diluted EPS": 1.36,
        "Total Revenue": NaN,
        "Gross Profit": 952,
        "Operating Income": 453,
        "EBIT": 820,
        "Net Income": 233
    },
    "2017-03-31": {
        "Diluted EPS": -0.25,
        "Total Revenue": NaN,
        "Gross Profit": 824,
        "Operating Income": 38,
        "EBIT": 402,
        "Net Income": -42
    },
    "2016-12-31": {
        "Diluted EPS": -0.19,
        "Total Revenue": 725,
        "Gross Profit": 538,
        "Operating Income": 30,
        "EBIT": 414,
        "Net Income": -43
    },
    "2016-09-30": {
        "Diluted EPS": 0.13,
        "Total Revenue": NaN,
        "Gross Profit": 587,
        "Operating Income": 68,
        "EBIT": 481,
        "Net Income": 22
    },
    "2016-06-30": {
        "Diluted EPS": -1.63,
        "Total Revenue": 786,
        "Gross Profit": 235,
        "Operating Income": -283,
        "EBIT": 128,
        "Net Income": -268
    },
    "2016-03-31": {
        "Diluted EPS": -1.65,
        "Total Revenue": 685,
        "Gross Profit": 286,
        "Operating Income": -261,
        "EBIT": 118,
        "Net Income": -267
    },
    "2015-12-31": {
        "Diluted EPS": -4.12,
        "Total Revenue": 811,
        "Gross Profit": 571,
        "Operating Income": -792,
        "EBIT": -387,
        "Net Income": -623
    },
    "2015-09-30": {
        "Diluted EPS": 4.27,
        "Total Revenue": NaN,
        "Gross Profit": NaN,
        "Operating Income": NaN,
        "EBIT": NaN,
        "Net Income": 646
    },
    "2015-06-30": {
        "Diluted EPS": -1.46,
        "Total Revenue": 644,
        "Gross Profit": 244,
        "Operating Income": -233,
        "EBIT": 124,
        "Net Income": -218
    },
    "2015-03-31": {
        "Diluted EPS": -0.52,
        "Total Revenue": 869,
        "Gross Profit": 581,
        "Operating Income": -13,
        "EBIT": 322,
        "Net Income": -78
    },
    "2014-12-31": {
        "Diluted EPS": 2.94,
        "Total Revenue": NaN,
        "Gross Profit": NaN,
        "Operating Income": 766,
        "EBIT": NaN,
        "Net Income": 432
    },
    "2014-09-30": {
        "Diluted EPS": 2.58,
        "Total Revenue": NaN,
        "Gross Profit": NaN,
        "Operating Income": 716,
        "EBIT": NaN,
        "Net Income": 374
    },
    "2014-06-30": {
        "Diluted EPS": 0.01,
        "Total Revenue": 932,
        "Gross Profit": 567,
        "Operating Income": 158,
        "EBIT": 425,
        "Net Income": 1
    },
    "2014-03-31": {
        "Diluted EPS": 0.85,
        "Total Revenue": 944,
        "Gross Profit": 643,
        "Operating Income": 259,
        "EBIT": 501,
        "Net Income": 123
    },
    "2013-12-31": {
        "Diluted EPS": -9.96,
        "Total Revenue": 925,
        "Gross Profit": 650,
        "Operating Income": NaN,
        "EBIT": -982,
        "Net Income": NaN
    },
    "2013-09-30": {
        "Diluted EPS": 0.65,
        "Total Revenue": 807,
        "Gross Profit": 572,
        "Operating Income": 199,
        "EBIT": 434,
        "Net Income": 91
    },
    "2013-06-30": {
        "Diluted EPS": 2.4,
        "Total Revenue": NaN,
        "Gross Profit": 951,
        "Operating Income": 591,
        "EBIT": 836,
        "Net Income": 337
    },
    "2013-03-31": {
        "Diluted EPS": 0.75,
        "Total Revenue": 767,
        "Gross Profit": 561,
        "Operating Income": 217,
        "EBIT": 449,
        "Net Income": 101
    },
    "2012-12-31": {
        "Diluted EPS": 0.24,
        "Total Revenue": 691,
        "Gross Profit": 501,
        "Operating Income": 774,
        "EBIT": 880,
        "Net Income": 32
    },
    "2012-09-30": {
        "Diluted EPS": 0.15,
        "Total Revenue": 615,
        "Gross Profit": 436,
        "Operating Income": 89,
        "EBIT": 304,
        "Net Income": 19
    },
    "2012-06-30": {
        "Diluted EPS": -0.57,
        "Total Revenue": 918,
        "Gross Profit": 768,
        "Operating Income": -15,
        "EBIT": 194,
        "Net Income": -71
    },
    "2012-03-31": {
        "Diluted EPS": 1.68,
        "Total Revenue": 784,
        "Gross Profit": 653,
        "Operating Income": 309,
        "EBIT": 498,
        "Net Income": 212
    },
    "2011-12-31": {
        "Diluted EPS": -1.06,
        "Total Revenue": 463,
        "Gross Profit": 365,
        "Operating Income": -194,
        "EBIT": -91,
        "Net Income": -109
    },
    "2011-09-30": {
        "Diluted EPS": 2.95,
        "Total Revenue": 984,
        "Gross Profit": 871,
        "Operating Income": 633,
        "EBIT": 762,
        "Net Income": 345
    },
    "2011-06-30": {
        "Diluted EPS": 2.03,
        "Total Revenue": 805,
        "Gross Profit": 703,
        "Operating Income": 468,
        "EBIT": 601,
        "Net Income": 241
    },
    "2011-03-31": {
        "Diluted EPS": 2.96,
        "Total Revenue": 261,
        "Gross Profit": 163,
        "Operating Income": -59,
        "EBIT": 69,
        "Net Income": 342
    },
    "2010-12-31": {
        "Diluted EPS": 0.65,
        "Total Revenue": 842,
        "Gross Profit": 758,
        "Operating Income": 495,
        "EBIT": 548,
        "Net Income": 79
    },
    "2010-09-30": {
        "Diluted EPS": 0.94,
        "Total Revenue": 586,
        "Gross Profit": 485,
        "Operating Income": 240,
        "EBIT": 376,
        "Net Income": 109
    },
    "2010-06-30": {
        "Diluted EPS": 1.41,
        "Total Revenue": 447,
        "Gross Profit": 353,
        "Operating Income": 115,
        "EBIT": 248,
        "Net Income": 163
    },
    "2010-03-31": {
        "Diluted EPS": 2.08,
        "Total Revenue": 507,
        "Gross Profit": 421,
        "Operating Income": 202,
        "EBIT": 336,
        "Net Income": 240
    },
    "2009-12-31": {
        "Diluted EPS": 0.49,
        "Total Revenue": 146,
        "Gross Profit": 86,
        "Operating Income": -17,
        "EBIT": 9,
        "Net Income": 57
    },
    "2009-09-30": {
        "Diluted EPS": -0.06,
        "Total Revenue": 393,
        "Gross Profit": 303,
        "Operating Income": 52,
        "EBIT": 190,
        "Net Income": -7
    },
    "2009-06-30": {
        "Diluted EPS": -0.76,
        "Total Revenue": 273,
        "Gross Profit": 188,
        "Operating Income": -49,
        "EBIT": 85,
        "Net Income": -87
    },
    "2009-03-31": {
        "Diluted EPS": -0.13,
        "Total Revenue": 478,
        "Gross Profit": 367,
        "Operating Income": 65,
        "EBIT": 228,
        "Net Income": -15
    },
    "2023-09-30": {
        "Tax Effect Of Unusual Items": -41580000.0,
        "Tax Rate For Calcs": 0.22,
        "Normalized EBITDA": 2628000000.0,
        "Total Unusual Items": -189000000.0,
        "Total Unusual Items Excluding Goodwill": -189000000.0,
        "Net Income From Continuing Operation Net Minority Interest": 1301000000.0,
        "Reconciled Depreciation": 728000000.0,
        "Reconciled Cost Of Revenue": 3159000000.0,
        "EBITDA": 2439000000.0,
        "EBIT": 1711000000.0,
        "Net Interest Income": -32000000.0,
        "Interest Expense": 44000000.0,
        "Interest Income": 12000000.0,
        "Normalized Income": 1448420000.0,
        "Net Income From Continuing And Discontinued Operation": 1301000000.0,
        "Total Expenses": 3268000000.0,
        "Diluted Average Shares": 240000000.0,
        "Basic Average Shares": 233000000.0,
        "Diluted EPS": 5.41,
        "Basic EPS": 5.56,
        "Diluted NI Availto Com Stockholders": 1299000000.0,
        "Average Dilution Earnings": 1000000.0,
        "Net Income Common Stockholders": 1298000000.0,
        "Otherunder Preferred Stock Dividend": 3000000.0,
        "Net Income": 1301000000.0,
        "Net Income Including Noncontrolling Interests": 1301000000.0,
        "Net Income Continuous Operations": 1301000000.0,
        "Tax Provision": 366000000.0,
        "Pretax Income": 1667000000.0,
        "Other Income Expense": -174000000.0,
        "Other Non Operating Income Expenses": -25000000.0,
        "Special Income Charges": 1000000.0,
        "Gain On Sale Of Ppe": 1000000.0,
        "Other Special Charges": NaN,
        "Impairment Of Capital Assets": 0.0,
        "Restructuring And Mergern Acquisition": NaN,
        "Earnings From Equity Interest": 40000000.0,
        "Gain On Sale Of Security": -190000000.0,
        "Net Non Operating Interest Income Expense": -32000000.0,
        "Interest Expense Non Operating": 44000000.0,
        "Interest Income Non Operating": 12000000.0,
        "Operating Income": 1873000000.0,
        "Operating Expense": 109000000.0,
        "Other Operating Expenses": 22000000.0,
        "Selling General And Administration": 87000000.0,
        "General And Administrative Expense": 87000000.0,
        "Other Gand A": 87000000.0,
        "Gross Profit": 1982000000.0,
        "Cost Of Revenue": 3159000000.0,
        "Total Revenue": 5141000000.0,
        "Operating Revenue": 5141000000.0
    }
}