{
    "2023-03-31": {
        "Tax Effect Of Unusual Items": NaN,
        "Tax Rate For Calcs": NaN,
        "Normalized EBITDA": NaN,
        "Net Income From Continuing Operation Net Minority Interest": NaN,
        "Reconciled Depreciation": NaN,
        "Reconciled Cost Of Revenue": NaN,
        "EBITDA": NaN,
        "EBIT": NaN,
        "Net Interest Income": NaN,
        "Interest Expense": NaN,
        "Normalized Income": NaN,
        "Net Income From Continuing And Discontinued Operation": NaN,
        "Total Expenses": NaN,
        "Total Operating Income As Reported": NaN,
        "Diluted Average Shares": NaN,
        "Basic Average Shares": NaN,
        "Diluted EPS": NaN,
        "Basic EPS": NaN,
        "Diluted NI Availto Com Stockholders": NaN,
        "Net Income Common Stockholders": NaN,
        "Net Income": NaN,
        "Minority Interests": 0.0,
        "Net Income Including Noncontrolling Interests": NaN,
        "Net Income Continuous Operations": NaN,
        "Tax Provision": NaN,
        "Pretax Income": NaN,
        "Other Income Expense": NaN,
        "Other Non Operating Income Expenses": NaN,
        "Net Non Operating Interest Income Expense": NaN,
        "Interest Expense Non Operating": NaN,
        "Operating Income": NaN,
        "Operating Expense": NaN,
        "Research And Development": NaN,
        "Selling General And Administration": NaN,
        "Selling And Marketing Expense": NaN,
        "General And Administrative Expense": NaN,
        "Other Gand A": NaN,
        "Gross Profit": NaN,
        "Cost Of Revenue": NaN,
        "Total Revenue": NaN,
        "Operating Revenue": NaN
    },
    "2022-12-31": {
        "Tax Effect Of Unusual Items": NaN,
        "Tax Rate For Calcs": NaN,
        "Normalized EBITDA": NaN,
        "Net Income From Continuing Operation Net Minority Interest": NaN,
        "Reconciled Depreciation": NaN,
        "Reconciled Cost Of Revenue": NaN,
        "EBITDA": NaN,
        "EBIT": NaN,
        "Net Interest Income": NaN,
        "Interest Expense": NaN,
        "Normalized Income": NaN,
        "Net Income From Continuing And Discontinued Operation": NaN,
        "Total Expenses": NaN,
        "Total Operating Income As Reported": NaN,
        "Diluted Average Shares": NaN,
        "Basic Average Shares": NaN,
        "Diluted EPS": NaN,
        "Basic EPS": NaN,
        "Diluted NI Availto Com Stockholders": NaN,
        "Net Income Common Stockholders": NaN,
        "Net Income": NaN,
        "Minority Interests": 0.0,
        "Net Income Including Noncontrolling Interests": NaN,
        "Net Income Continuous Operations": NaN,
        "Tax Provision": NaN,
        "Pretax Income": NaN,
        "Other Income Expense": NaN,
        "Other Non Operating Income Expenses": NaN,
        "Net Non Operating Interest Income Expense": NaN,
        "Interest Expense Non Operating": NaN,
        "Operating Income": NaN,
        "Operating Expense": NaN,
        "Research And Development": NaN,
        "Selling General And Administration": NaN,
        "Selling And Marketing Expense": NaN,
        "General And Administrative Expense": NaN,
        "Other Gand A": NaN,
        "Gross Profit": NaN,
        "Cost Of Revenue": NaN,
        "Total Revenue": NaN,
        "Operating Revenue": NaN
    },
    "2022-09-30": {
        "Tax Effect Of Unusual Items": NaN,
        "Tax Rate For Calcs": NaN,
        "Normalized EBITDA": NaN,
        "Net Income From Continuing Operation Net Minority Interest": NaN,
        "Reconciled Depreciation": NaN,
        "Reconciled Cost Of Revenue": NaN,
        "EBITDA": NaN,
        "EBIT": NaN,
        "Net Interest Income": NaN,
        "Interest Expense": NaN,
        "Normalized Income": NaN,
        "Net Income From Continuing And Discontinued Operation": NaN,
        "Total Expenses": NaN,
        "Total Operating Income As Reported": NaN,
        "Diluted Average Shares": NaN,
        "Basic Average Shares": NaN,
        "Diluted EPS": NaN,
        "Basic EPS": NaN,
        "Diluted NI Availto Com Stockholders": NaN,
        "Net Income Common Stockholders": NaN,
        "Net Income": NaN,
        "Minority Interests": 0.0,
        "Net Income Including Noncontrolling Interests": NaN,
        "Net Income Continuous Operations": NaN,
        "Tax Provision": NaN,
        "Pretax Income": NaN,
        "Other Income Expense": NaN,
        "Other Non Operating Income Expenses": NaN,
        "Net Non Operating Interest Income Expense": NaN,
        "Interest Expense Non Operating": NaN,
        "Operating Income": NaN,
        "Operating Expense": NaN,
        "Research And Development": NaN,
        "Selling General And Administration": NaN,
        "Selling And Marketing Expense": NaN,
        "General And Administrative Expense": NaN,
        "Other Gand A": NaN,
        "Gross Profit": NaN,
        "Cost Of Revenue": NaN,
        "Total Revenue": NaN,
        "Operating Revenue": NaN
    },
    "2022-06-30": {
        "Tax Effect Of Unusual Items": 0.0,
        "Tax Rate For Calcs": 0.24,
        "Normalized EBITDA": -30096000.0,
        "Net Income From Continuing Operation Net Minority Interest": -23819000.0,
        "Reconciled Depreciation": 29804000.0,
        "Reconciled Cost Of Revenue": 40338000.0,
        "EBITDA": -30096000.0,
        "EBIT": -30096000.0,
        "Net Interest Income": -93000.0,
        "Interest Expense": 93000.0,
        "Interest Income": 1293000.0,
        "Normalized Income": -23819000.0,
        "Net Income From Continuing And Discontinued Operation": -23819000.0,
        "Total Expenses": 141117000.0,
        "Total Operating Income As Reported": -30126000.0,
        "Diluted Average Shares": 174901241.0,
        "Basic Average Shares": 174901241.0,
        "Diluted EPS": -0.14,
        "Basic EPS": -0.14,
        "Diluted NI Availto Com Stockholders": -23819000.0,
        "Net Income Common Stockholders": -23819000.0,
        "Net Income": -23819000.0,
        "Minority Interests": 0.0,
        "Net Income Including Noncontrolling Interests": -23819000.0,
        "Net Income Continuous Operations": -23819000.0,
        "Tax Provision": -6370000.0,
        "Pretax Income": -30189000.0,
        "Other Income Expense": 30000.0,
        "Other Non Operating Income Expenses": 30000.0,
        "Net Non Operating Interest Income Expense": -93000.0,
        "Interest Expense Non Operating": 93000.0,
        "Interest Income Non Operating": 1293000.0,
        "Operating Income": -30126000.0,
        "Operating Expense": 100779000.0,
        "Research And Development": 13020000.0,
        "Selling General And Administration": 87759000.0,
        "Selling And Marketing Expense": 42672000.0,
        "General And Administrative Expense": 45087000.0,
        "Other Gand A": 45087000.0,
        "Gross Profit": 70653000.0,
        "Cost Of Revenue": 40338000.0,
        "Total Revenue": 110991000.0,
        "Operating Revenue": 109698000.0
    },
    "2022-03-31": {
        "Diluted EPS": -0.1,
        "Total Revenue": 123,
        "Gross Profit": 81,
        "Operating Income": -23,
        "EBIT": 14,
        "Net Income": -17
    },
    "2021-12-31": {
        "Diluted EPS": -0.15,
        "Total Revenue": 103,
        "Gross Profit": 62,
        "Operating Income": -34,
        "EBIT": 6,
        "Net Income": -25
    },
    "2021-09-30": {
        "Diluted EPS": -0.32,
        "Total Revenue": 93,
        "Gross Profit": 47,
        "Operating Income": -52,
        "EBIT": -7,
        "Net Income": -54
    },
    "2021-06-30": {
        "Diluted EPS": -0.23,
        "Total Revenue": 88,
        "Gross Profit": 46,
        "Operating Income": -32,
        "EBIT": 12,
        "Net Income": -33
    },
    "2021-03-31": {
        "Diluted EPS": -0.13,
        "Total Revenue": 100,
        "Gross Profit": 59,
        "Operating Income": -15,
        "EBIT": 28,
        "Net Income": -18
    },
    "2020-12-31": {
        "Diluted EPS": -0.15,
        "Total Revenue": 86,
        "Gross Profit": 49,
        "Operating Income": -21,
        "EBIT": 20,
        "Net Income": -23
    },
    "2020-09-30": {
        "Diluted EPS": -0.15,
        "Total Revenue": 79,
        "Gross Profit": 45,
        "Operating Income": -21,
        "EBIT": 17,
        "Net Income": -22
    },
    "2020-06-30": {
        "Diluted EPS": 0.0,
        "Total Revenue": NaN,
        "Gross Profit": NaN,
        "Operating Income": NaN,
        "EBIT": NaN,
        "Net Income": NaN
    },
    "2020-03-31": {
        "Diluted EPS": 0.0,
        "Total Revenue": NaN,
        "Gross Profit": NaN,
        "Operating Income": NaN,
        "EBIT": NaN,
        "Net Income": NaN
    },
    "2019-06-30": {
        "Diluted EPS": 0.0,
        "Total Revenue": NaN,
        "Gross Profit": NaN,
        "Operating Income": NaN,
        "EBIT": NaN,
        "Net Income": NaN
    },
    "2023-06-30": {
        "Tax Effect Of Unusual Items": NaN,
        "Tax Rate For Calcs": NaN,
        "Normalized EBITDA": NaN,
        "Net Income From Continuing Operation Net Minority Interest": NaN,
        "Reconciled Depreciation": NaN,
        "Reconciled Cost Of Revenue": NaN,
        "EBITDA": NaN,
        "EBIT": NaN,
        "Net Interest Income": NaN,
        "Interest Expense": NaN,
        "Normalized Income": NaN,
        "Net Income From Continuing And Discontinued Operation": NaN,
        "Total Expenses": NaN,
        "Total Operating Income As Reported": NaN,
        "Diluted Average Shares": 176520473.0,
        "Basic Average Shares": 176520473.0,
        "Diluted EPS": -0.17,
        "Basic EPS": -0.17,
        "Diluted NI Availto Com Stockholders": NaN,
        "Net Income Common Stockholders": NaN,
        "Net Income": NaN,
        "Minority Interests": 0.0,
        "Net Income Including Noncontrolling Interests": NaN,
        "Net Income Continuous Operations": NaN,
        "Tax Provision": NaN,
        "Pretax Income": NaN,
        "Other Income Expense": NaN,
        "Other Non Operating Income Expenses": NaN,
        "Net Non Operating Interest Income Expense": NaN,
        "Interest Expense Non Operating": NaN,
        "Operating Income": NaN,
        "Operating Expense": NaN,
        "Research And Development": NaN,
        "Selling General And Administration": NaN,
        "Selling And Marketing Expense": NaN,
        "General And Administrative Expense": NaN,
        "Other Gand A": NaN,
        "Gross Profit": NaN,
        "Cost Of Revenue": NaN,
        "Total Revenue": NaN,
        "Operating Revenue": NaN
    },
    "2023-09-30": {
        "Tax Effect Of Unusual Items": 0.0,
        "Tax Rate For Calcs": 0.13042,
        "Normalized EBITDA": 13253000.0,
        "Net Income From Continuing Operation Net Minority Interest": -20596000.0,
        "Reconciled Depreciation": 35694000.0,
        "Reconciled Cost Of Revenue": 51378000.0,
        "EBITDA": 13253000.0,
        "EBIT": -22441000.0,
        "Net Interest Income": -1244000.0,
        "Interest Expense": 1244000.0,
        "Normalized Income": -20596000.0,
        "Net Income From Continuing And Discontinued Operation": -20596000.0,
        "Total Expenses": 166960000.0,
        "Total Operating Income As Reported": -23372000.0,
        "Diluted Average Shares": 176953395.0,
        "Basic Average Shares": 176953395.0,
        "Diluted EPS": -0.12,
        "Basic EPS": -0.12,
        "Diluted NI Availto Com Stockholders": -20596000.0,
        "Net Income Common Stockholders": -20596000.0,
        "Net Income": -20596000.0,
        "Minority Interests": NaN,
        "Net Income Including Noncontrolling Interests": -20596000.0,
        "Net Income Continuous Operations": -20596000.0,
        "Tax Provision": -3089000.0,
        "Pretax Income": -23685000.0,
        "Other Income Expense": 931000.0,
        "Other Non Operating Income Expenses": 931000.0,
        "Net Non Operating Interest Income Expense": -1244000.0,
        "Interest Expense Non Operating": 1244000.0,
        "Operating Income": -23372000.0,
        "Operating Expense": 115582000.0,
        "Research And Development": 14055000.0,
        "Selling General And Administration": 101527000.0,
        "Selling And Marketing Expense": 52778000.0,
        "General And Administrative Expense": 48749000.0,
        "Other Gand A": 48749000.0,
        "Gross Profit": 92210000.0,
        "Cost Of Revenue": 51378000.0,
        "Total Revenue": 143588000.0,
        "Operating Revenue": 132708000.0
    },
    "2023-12-31": {
        "Tax Effect Of Unusual Items": 0.0,
        "Tax Rate For Calcs": 0.097,
        "Normalized EBITDA": 7695000.0,
        "Net Income From Continuing Operation Net Minority Interest": -26249000.0,
        "Reconciled Depreciation": 35615000.0,
        "Reconciled Cost Of Revenue": 55125000.0,
        "EBITDA": 7695000.0,
        "EBIT": -27920000.0,
        "Net Interest Income": -1153000.0,
        "Interest Expense": 1153000.0,
        "Normalized Income": -26249000.0,
        "Net Income From Continuing And Discontinued Operation": -26249000.0,
        "Total Expenses": 185716000.0,
        "Total Operating Income As Reported": -26175000.0,
        "Diluted Average Shares": 177567397.0,
        "Basic Average Shares": 177567397.0,
        "Diluted EPS": -0.15,
        "Basic EPS": -0.15,
        "Diluted NI Availto Com Stockholders": -26249000.0,
        "Net Income Common Stockholders": -26249000.0,
        "Net Income": -26249000.0,
        "Minority Interests": NaN,
        "Net Income Including Noncontrolling Interests": -26249000.0,
        "Net Income Continuous Operations": -26249000.0,
        "Tax Provision": -2824000.0,
        "Pretax Income": -29073000.0,
        "Other Income Expense": -1745000.0,
        "Other Non Operating Income Expenses": -1745000.0,
        "Net Non Operating Interest Income Expense": -1153000.0,
        "Interest Expense Non Operating": 1153000.0,
        "Operating Income": -26175000.0,
        "Operating Expense": 130591000.0,
        "Research And Development": 16665000.0,
        "Selling General And Administration": 113926000.0,
        "Selling And Marketing Expense": 57753000.0,
        "General And Administrative Expense": 56173000.0,
        "Other Gand A": 56173000.0,
        "Gross Profit": 104416000.0,
        "Cost Of Revenue": 55125000.0,
        "Total Revenue": 159541000.0,
        "Operating Revenue": 147232000.0
    },
    "2024-03-31": {
        "Tax Effect Of Unusual Items": 0.0,
        "Tax Rate For Calcs": 0.172,
        "Normalized EBITDA": 43616000.0,
        "Net Income From Continuing Operation Net Minority Interest": 6193000.0,
        "Reconciled Depreciation": 35027000.0,
        "Reconciled Cost Of Revenue": 58736000.0,
        "EBITDA": 43616000.0,
        "EBIT": 8589000.0,
        "Net Interest Income": -1146000.0,
        "Interest Expense": 1146000.0,
        "Normalized Income": 6193000.0,
        "Net Income From Continuing And Discontinued Operation": 6193000.0,
        "Total Expenses": 179563000.0,
        "Total Operating Income As Reported": 7456000.0,
        "Diluted Average Shares": 177968744.0,
        "Basic Average Shares": 177968744.0,
        "Diluted EPS": 0.03,
        "Basic EPS": 0.03,
        "Diluted NI Availto Com Stockholders": 6193000.0,
        "Net Income Common Stockholders": 6193000.0,
        "Net Income": 6193000.0,
        "Minority Interests": NaN,
        "Net Income Including Noncontrolling Interests": 6193000.0,
        "Net Income Continuous Operations": 6193000.0,
        "Tax Provision": 1250000.0,
        "Pretax Income": 7443000.0,
        "Other Income Expense": 1133000.0,
        "Other Non Operating Income Expenses": 1133000.0,
        "Net Non Operating Interest Income Expense": -1146000.0,
        "Interest Expense Non Operating": 1146000.0,
        "Operating Income": 7456000.0,
        "Operating Expense": 120827000.0,
        "Research And Development": 15067000.0,
        "Selling General And Administration": 105760000.0,
        "Selling And Marketing Expense": 55839000.0,
        "General And Administrative Expense": 49921000.0,
        "Other Gand A": 49921000.0,
        "Gross Profit": 128283000.0,
        "Cost Of Revenue": 58736000.0,
        "Total Revenue": 187019000.0,
        "Operating Revenue": 171973000.0
    },
    "2024-06-30": {
        "Tax Effect Of Unusual Items": 0.0,
        "Tax Rate For Calcs": 0.21,
        "Normalized EBITDA": 21529000.0,
        "Net Income From Continuing Operation Net Minority Interest": -18290000.0,
        "Reconciled Depreciation": 34790000.0,
        "Reconciled Cost Of Revenue": 57996000.0,
        "EBITDA": 21529000.0,
        "EBIT": -13261000.0,
        "Net Interest Income": -1139000.0,
        "Interest Expense": 1139000.0,
        "Normalized Income": -18290000.0,
        "Net Income From Continuing And Discontinued Operation": -18290000.0,
        "Total Expenses": 178160000.0,
        "Total Operating Income As Reported": -13360000.0,
        "Diluted Average Shares": NaN,
        "Basic Average Shares": NaN,
        "Diluted EPS": NaN,
        "Basic EPS": NaN,
        "Diluted NI Availto Com Stockholders": -18290000.0,
        "Net Income Common Stockholders": -18290000.0,
        "Net Income": -18290000.0,
        "Minority Interests": NaN,
        "Net Income Including Noncontrolling Interests": -18290000.0,
        "Net Income Continuous Operations": -18290000.0,
        "Tax Provision": 3890000.0,
        "Pretax Income": -14400000.0,
        "Other Income Expense": 99000.0,
        "Other Non Operating Income Expenses": 99000.0,
        "Net Non Operating Interest Income Expense": -1139000.0,
        "Interest Expense Non Operating": 1139000.0,
        "Operating Income": -13360000.0,
        "Operating Expense": 120164000.0,
        "Research And Development": 15632000.0,
        "Selling General And Administration": 104532000.0,
        "Selling And Marketing Expense": 56679000.0,
        "General And Administrative Expense": 47853000.0,
        "Other Gand A": 47853000.0,
        "Gross Profit": 106804000.0,
        "Cost Of Revenue": 57996000.0,
        "Total Revenue": 164800000.0,
        "Operating Revenue": 150473000.0
    },
    "2024-09-30": {
        "Tax Effect Of Unusual Items": 0.0,
        "Tax Rate For Calcs": 0.21,
        "Normalized EBITDA": 23208000.0,
        "Net Income From Continuing Operation Net Minority Interest": -7284000.0,
        "Reconciled Depreciation": 35792000.0,
        "Reconciled Cost Of Revenue": 59217000.0,
        "EBITDA": 23208000.0,
        "EBIT": -12584000.0,
        "Net Interest Income": -1138000.0,
        "Interest Expense": 1138000.0,
        "Normalized Income": -7284000.0,
        "Net Income From Continuing And Discontinued Operation": -7284000.0,
        "Total Expenses": 181730000.0,
        "Total Operating Income As Reported": -14254000.0,
        "Diluted Average Shares": 178729710.0,
        "Basic Average Shares": 178729710.0,
        "Diluted EPS": -0.04,
        "Basic EPS": -0.04,
        "Diluted NI Availto Com Stockholders": -7284000.0,
        "Net Income Common Stockholders": -7284000.0,
        "Net Income": -7284000.0,
        "Minority Interests": NaN,
        "Net Income Including Noncontrolling Interests": -7284000.0,
        "Net Income Continuous Operations": -7284000.0,
        "Tax Provision": -6438000.0,
        "Pretax Income": -13722000.0,
        "Other Income Expense": 1670000.0,
        "Other Non Operating Income Expenses": 1670000.0,
        "Net Non Operating Interest Income Expense": -1138000.0,
        "Interest Expense Non Operating": 1138000.0,
        "Operating Income": -14254000.0,
        "Operating Expense": 122513000.0,
        "Research And Development": 17428000.0,
        "Selling General And Administration": 105085000.0,
        "Selling And Marketing Expense": 56789000.0,
        "General And Administrative Expense": 48296000.0,
        "Other Gand A": 48296000.0,
        "Gross Profit": 108259000.0,
        "Cost Of Revenue": 59217000.0,
        "Total Revenue": 167476000.0,
        "Operating Revenue": 153999000.0
    }
}