{
    "2023-03-31": {
        "Tax Effect Of Unusual Items": NaN,
        "Tax Rate For Calcs": NaN,
        "Normalized EBITDA": NaN,
        "Total Unusual Items": -1356000.0,
        "Total Unusual Items Excluding Goodwill": -1356000.0,
        "Net Income From Continuing Operation Net Minority Interest": NaN,
        "Reconciled Depreciation": NaN,
        "Reconciled Cost Of Revenue": NaN,
        "EBITDA": NaN,
        "EBIT": NaN,
        "Net Interest Income": NaN,
        "Interest Expense": NaN,
        "Normalized Income": NaN,
        "Net Income From Continuing And Discontinued Operation": NaN,
        "Total Expenses": NaN,
        "Total Operating Income As Reported": NaN,
        "Diluted Average Shares": NaN,
        "Basic Average Shares": NaN,
        "Diluted EPS": NaN,
        "Basic EPS": NaN,
        "Diluted NI Availto Com Stockholders": NaN,
        "Net Income Common Stockholders": NaN,
        "Otherunder Preferred Stock Dividend": 0.0,
        "Net Income": NaN,
        "Minority Interests": NaN,
        "Net Income Including Noncontrolling Interests": NaN,
        "Net Income Continuous Operations": NaN,
        "Tax Provision": NaN,
        "Pretax Income": NaN,
        "Other Income Expense": -1356000.0,
        "Special Income Charges": -1356000.0,
        "Gain On Sale Of Business": NaN,
        "Other Special Charges": NaN,
        "Restructuring And Mergern Acquisition": 1356000.0,
        "Net Non Operating Interest Income Expense": NaN,
        "Interest Expense Non Operating": NaN,
        "Operating Income": NaN,
        "Operating Expense": NaN,
        "Provision For Doubtful Accounts": 0.0,
        "Depreciation Amortization Depletion Income Statement": NaN,
        "Depreciation And Amortization In Income Statement": NaN,
        "Selling General And Administration": NaN,
        "General And Administrative Expense": NaN,
        "Other Gand A": NaN,
        "Gross Profit": NaN,
        "Cost Of Revenue": NaN,
        "Total Revenue": NaN,
        "Operating Revenue": NaN
    },
    "2022-12-31": {
        "Tax Effect Of Unusual Items": NaN,
        "Tax Rate For Calcs": NaN,
        "Normalized EBITDA": NaN,
        "Total Unusual Items": 19370000.0,
        "Total Unusual Items Excluding Goodwill": 19370000.0,
        "Net Income From Continuing Operation Net Minority Interest": NaN,
        "Reconciled Depreciation": NaN,
        "Reconciled Cost Of Revenue": NaN,
        "EBITDA": NaN,
        "EBIT": NaN,
        "Net Interest Income": NaN,
        "Interest Expense": NaN,
        "Normalized Income": NaN,
        "Net Income From Continuing And Discontinued Operation": NaN,
        "Total Expenses": NaN,
        "Total Operating Income As Reported": NaN,
        "Diluted Average Shares": NaN,
        "Basic Average Shares": NaN,
        "Diluted EPS": NaN,
        "Basic EPS": NaN,
        "Diluted NI Availto Com Stockholders": NaN,
        "Net Income Common Stockholders": NaN,
        "Otherunder Preferred Stock Dividend": 148000.0,
        "Net Income": NaN,
        "Minority Interests": NaN,
        "Net Income Including Noncontrolling Interests": NaN,
        "Net Income Continuous Operations": NaN,
        "Tax Provision": NaN,
        "Pretax Income": NaN,
        "Other Income Expense": 19370000.0,
        "Special Income Charges": 19370000.0,
        "Other Special Charges": 0.0,
        "Restructuring And Mergern Acquisition": -19370000.0,
        "Net Non Operating Interest Income Expense": NaN,
        "Interest Expense Non Operating": NaN,
        "Operating Income": NaN,
        "Operating Expense": NaN,
        "Provision For Doubtful Accounts": NaN,
        "Depreciation Amortization Depletion Income Statement": NaN,
        "Depreciation And Amortization In Income Statement": NaN,
        "Selling General And Administration": NaN,
        "General And Administrative Expense": NaN,
        "Other Gand A": NaN,
        "Gross Profit": NaN,
        "Cost Of Revenue": NaN,
        "Total Revenue": NaN,
        "Operating Revenue": NaN
    },
    "2022-09-30": {
        "Tax Effect Of Unusual Items": NaN,
        "Tax Rate For Calcs": NaN,
        "Normalized EBITDA": NaN,
        "Total Unusual Items": NaN,
        "Total Unusual Items Excluding Goodwill": NaN,
        "Net Income From Continuing Operation Net Minority Interest": NaN,
        "Reconciled Depreciation": NaN,
        "Reconciled Cost Of Revenue": NaN,
        "EBITDA": NaN,
        "EBIT": NaN,
        "Net Interest Income": NaN,
        "Interest Expense": NaN,
        "Normalized Income": NaN,
        "Net Income From Continuing And Discontinued Operation": NaN,
        "Total Expenses": NaN,
        "Total Operating Income As Reported": NaN,
        "Diluted Average Shares": NaN,
        "Basic Average Shares": NaN,
        "Diluted EPS": NaN,
        "Basic EPS": NaN,
        "Diluted NI Availto Com Stockholders": NaN,
        "Net Income Common Stockholders": NaN,
        "Otherunder Preferred Stock Dividend": NaN,
        "Net Income": NaN,
        "Minority Interests": NaN,
        "Net Income Including Noncontrolling Interests": NaN,
        "Net Income Continuous Operations": NaN,
        "Tax Provision": NaN,
        "Pretax Income": NaN,
        "Other Income Expense": NaN,
        "Special Income Charges": NaN,
        "Other Special Charges": 10000000.0,
        "Restructuring And Mergern Acquisition": NaN,
        "Net Non Operating Interest Income Expense": NaN,
        "Interest Expense Non Operating": NaN,
        "Operating Income": NaN,
        "Operating Expense": NaN,
        "Provision For Doubtful Accounts": 3227000.0,
        "Depreciation Amortization Depletion Income Statement": NaN,
        "Depreciation And Amortization In Income Statement": NaN,
        "Selling General And Administration": NaN,
        "General And Administrative Expense": NaN,
        "Other Gand A": NaN,
        "Gross Profit": NaN,
        "Cost Of Revenue": NaN,
        "Total Revenue": NaN,
        "Operating Revenue": NaN
    },
    "2022-06-30": {
        "Tax Effect Of Unusual Items": -325512.0,
        "Tax Rate For Calcs": 0.216,
        "Normalized EBITDA": 53146000.0,
        "Total Unusual Items": -1507000.0,
        "Total Unusual Items Excluding Goodwill": -1507000.0,
        "Net Income From Continuing Operation Net Minority Interest": 25433000.0,
        "Reconciled Depreciation": 12734000.0,
        "Reconciled Cost Of Revenue": 426381000.0,
        "EBITDA": 51639000.0,
        "EBIT": 38904000.0,
        "Net Interest Income": -6081000.0,
        "Interest Expense": 6081000.0,
        "Normalized Income": 26614488.0,
        "Net Income From Continuing And Discontinued Operation": 25433000.0,
        "Total Expenses": 482254000.0,
        "Total Operating Income As Reported": 38904000.0,
        "Diluted Average Shares": 35824000.0,
        "Basic Average Shares": 35624000.0,
        "Diluted EPS": 0.7,
        "Basic EPS": 0.71,
        "Diluted NI Availto Com Stockholders": 25240000.0,
        "Net Income Common Stockholders": 25240000.0,
        "Otherunder Preferred Stock Dividend": 193000.0,
        "Net Income": 25433000.0,
        "Minority Interests": -297000.0,
        "Net Income Including Noncontrolling Interests": 25730000.0,
        "Net Income Continuous Operations": 25730000.0,
        "Tax Provision": 7093000.0,
        "Pretax Income": 32823000.0,
        "Other Income Expense": -1507000.0,
        "Special Income Charges": -1507000.0,
        "Other Special Charges": NaN,
        "Restructuring And Mergern Acquisition": 1507000.0,
        "Net Non Operating Interest Income Expense": -6081000.0,
        "Interest Expense Non Operating": 6081000.0,
        "Operating Income": 40411000.0,
        "Operating Expense": 55874000.0,
        "Depreciation Amortization Depletion Income Statement": 12735000.0,
        "Depreciation And Amortization In Income Statement": 12735000.0,
        "Selling General And Administration": 43139000.0,
        "General And Administrative Expense": 43139000.0,
        "Other Gand A": 43139000.0,
        "Gross Profit": 96285000.0,
        "Cost Of Revenue": 426380000.0,
        "Total Revenue": 522665000.0,
        "Operating Revenue": 457669000.0
    },
    "2023-06-30": {
        "Tax Effect Of Unusual Items": NaN,
        "Tax Rate For Calcs": NaN,
        "Normalized EBITDA": NaN,
        "Total Unusual Items": -1969000.0,
        "Total Unusual Items Excluding Goodwill": -1969000.0,
        "Net Income From Continuing Operation Net Minority Interest": NaN,
        "Reconciled Depreciation": NaN,
        "Reconciled Cost Of Revenue": NaN,
        "EBITDA": NaN,
        "EBIT": NaN,
        "Net Interest Income": NaN,
        "Interest Expense": NaN,
        "Normalized Income": NaN,
        "Net Income From Continuing And Discontinued Operation": NaN,
        "Total Expenses": NaN,
        "Total Operating Income As Reported": NaN,
        "Diluted Average Shares": 32650000.0,
        "Basic Average Shares": 32563000.0,
        "Diluted EPS": 0.54,
        "Basic EPS": 0.55,
        "Diluted NI Availto Com Stockholders": NaN,
        "Net Income Common Stockholders": NaN,
        "Otherunder Preferred Stock Dividend": 0.0,
        "Net Income": NaN,
        "Minority Interests": NaN,
        "Net Income Including Noncontrolling Interests": NaN,
        "Net Income Continuous Operations": NaN,
        "Tax Provision": NaN,
        "Pretax Income": NaN,
        "Other Income Expense": -1969000.0,
        "Special Income Charges": -1969000.0,
        "Gain On Sale Of Business": NaN,
        "Other Special Charges": NaN,
        "Restructuring And Mergern Acquisition": 1969000.0,
        "Net Non Operating Interest Income Expense": NaN,
        "Interest Expense Non Operating": NaN,
        "Operating Income": NaN,
        "Operating Expense": NaN,
        "Provision For Doubtful Accounts": NaN,
        "Depreciation Amortization Depletion Income Statement": NaN,
        "Depreciation And Amortization In Income Statement": NaN,
        "Selling General And Administration": NaN,
        "General And Administrative Expense": NaN,
        "Other Gand A": NaN,
        "Gross Profit": NaN,
        "Cost Of Revenue": NaN,
        "Total Revenue": NaN,
        "Operating Revenue": NaN
    },
    "2022-03-31": {
        "Diluted EPS": 0.29,
        "Total Revenue": 543,
        "Gross Profit": 184,
        "Operating Income": 14,
        "EBIT": 26,
        "Net Income": 10
    },
    "2021-12-31": {
        "Diluted EPS": 0.81,
        "Total Revenue": 529,
        "Gross Profit": 187,
        "Operating Income": 38,
        "EBIT": 50,
        "Net Income": 28
    },
    "2021-09-30": {
        "Diluted EPS": 0.79,
        "Total Revenue": 513,
        "Gross Profit": 182,
        "Operating Income": 39,
        "EBIT": 50,
        "Net Income": 29
    },
    "2021-06-30": {
        "Diluted EPS": -2.3,
        "Total Revenue": 515,
        "Gross Profit": 188,
        "Operating Income": 45,
        "EBIT": 57,
        "Net Income": -80
    },
    "2021-03-31": {
        "Diluted EPS": 0.82,
        "Total Revenue": 512,
        "Gross Profit": 185,
        "Operating Income": 47,
        "EBIT": 60,
        "Net Income": 27
    },
    "2020-12-31": {
        "Diluted EPS": 0.3,
        "Total Revenue": 470,
        "Gross Profit": 161,
        "Operating Income": 20,
        "EBIT": 32,
        "Net Income": 10
    },
    "2020-09-30": {
        "Diluted EPS": 0.35,
        "Total Revenue": 473,
        "Gross Profit": 160,
        "Operating Income": 25,
        "EBIT": 37,
        "Net Income": 11
    },
    "2020-06-30": {
        "Diluted EPS": 0.48,
        "Total Revenue": 461,
        "Gross Profit": 161,
        "Operating Income": 31,
        "EBIT": 43,
        "Net Income": 16
    },
    "2020-03-31": {
        "Diluted EPS": 0.15,
        "Total Revenue": 410,
        "Gross Profit": 136,
        "Operating Income": 15,
        "EBIT": 28,
        "Net Income": 5
    },
    "2019-12-31": {
        "Diluted EPS": -0.17,
        "Total Revenue": 418,
        "Gross Profit": 141,
        "Operating Income": 0,
        "EBIT": 12,
        "Net Income": -6
    },
    "2019-09-30": {
        "Diluted EPS": -0.1,
        "Total Revenue": 404,
        "Gross Profit": 125,
        "Operating Income": 5,
        "EBIT": 17,
        "Net Income": -3
    },
    "2019-06-30": {
        "Diluted EPS": 0.15,
        "Total Revenue": 400,
        "Gross Profit": 131,
        "Operating Income": 14,
        "EBIT": 26,
        "Net Income": 5
    },
    "2019-03-31": {
        "Diluted EPS": -0.12,
        "Total Revenue": 398,
        "Gross Profit": 127,
        "Operating Income": 6,
        "EBIT": 17,
        "Net Income": -4
    },
    "2018-12-31": {
        "Diluted EPS": -0.37,
        "Total Revenue": 398,
        "Gross Profit": 119,
        "Operating Income": -7,
        "EBIT": 4,
        "Net Income": -13
    },
    "2018-09-30": {
        "Diluted EPS": -0.42,
        "Total Revenue": 385,
        "Gross Profit": 111,
        "Operating Income": -14,
        "EBIT": -14,
        "Net Income": -13
    },
    "2018-06-30": {
        "Diluted EPS": 0.35,
        "Total Revenue": 430,
        "Gross Profit": 139,
        "Operating Income": 25,
        "EBIT": 25,
        "Net Income": 11
    },
    "2018-03-31": {
        "Diluted EPS": 0.52,
        "Total Revenue": 450,
        "Gross Profit": 141,
        "Operating Income": 28,
        "EBIT": 40,
        "Net Income": 17
    },
    "2017-12-31": {
        "Diluted EPS": 0.81,
        "Total Revenue": 468,
        "Gross Profit": 126,
        "Operating Income": 37,
        "EBIT": 48,
        "Net Income": 28
    },
    "2017-09-30": {
        "Diluted EPS": 0.6,
        "Total Revenue": 432,
        "Gross Profit": 114,
        "Operating Income": 34,
        "EBIT": 45,
        "Net Income": 22
    },
    "2017-06-30": {
        "Diluted EPS": 0.65,
        "Total Revenue": 435,
        "Gross Profit": 123,
        "Operating Income": 37,
        "EBIT": 48,
        "Net Income": 24
    },
    "2017-03-31": {
        "Diluted EPS": 0.77,
        "Total Revenue": 449,
        "Gross Profit": 124,
        "Operating Income": 44,
        "EBIT": 54,
        "Net Income": 29
    },
    "2016-12-31": {
        "Diluted EPS": 0.87,
        "Total Revenue": 440,
        "Gross Profit": 161,
        "Operating Income": 51,
        "EBIT": 62,
        "Net Income": 33
    },
    "2016-09-30": {
        "Diluted EPS": 0.57,
        "Total Revenue": 422,
        "Gross Profit": 103,
        "Operating Income": 33,
        "EBIT": 44,
        "Net Income": 21
    },
    "2016-06-30": {
        "Diluted EPS": 0.61,
        "Total Revenue": 423,
        "Gross Profit": 107,
        "Operating Income": 37,
        "EBIT": 47,
        "Net Income": 23
    },
    "2016-03-31": {
        "Diluted EPS": 0.69,
        "Total Revenue": 429,
        "Gross Profit": 110,
        "Operating Income": 43,
        "EBIT": 53,
        "Net Income": 26
    },
    "2015-12-31": {
        "Diluted EPS": 0.62,
        "Total Revenue": 417,
        "Gross Profit": 104,
        "Operating Income": 40,
        "EBIT": 50,
        "Net Income": 24
    },
    "2015-09-30": {
        "Diluted EPS": 0.45,
        "Total Revenue": 389,
        "Gross Profit": 92,
        "Operating Income": 27,
        "EBIT": 38,
        "Net Income": 18
    },
    "2015-06-30": {
        "Diluted EPS": 0.27,
        "Total Revenue": 399,
        "Gross Profit": 100,
        "Operating Income": 31,
        "EBIT": 41,
        "Net Income": 11
    },
    "2015-03-31": {
        "Diluted EPS": 0.55,
        "Total Revenue": 432,
        "Gross Profit": 107,
        "Operating Income": 38,
        "EBIT": 48,
        "Net Income": 22
    },
    "2014-12-31": {
        "Diluted EPS": 0.51,
        "Total Revenue": 426,
        "Gross Profit": -101,
        "Operating Income": 33,
        "EBIT": 44,
        "Net Income": 21
    },
    "2014-09-30": {
        "Diluted EPS": 0.39,
        "Total Revenue": 390,
        "Gross Profit": 163,
        "Operating Income": 25,
        "EBIT": 36,
        "Net Income": 16
    },
    "2014-06-30": {
        "Diluted EPS": 0.4,
        "Total Revenue": 381,
        "Gross Profit": 151,
        "Operating Income": 27,
        "EBIT": 37,
        "Net Income": 17
    },
    "2014-03-31": {
        "Diluted EPS": 0.45,
        "Total Revenue": 401,
        "Gross Profit": 157,
        "Operating Income": 32,
        "EBIT": 41,
        "Net Income": 19
    },
    "2013-12-31": {
        "Diluted EPS": 0.42,
        "Total Revenue": 388,
        "Gross Profit": 109,
        "Operating Income": 28,
        "EBIT": 38,
        "Net Income": 18
    },
    "2013-09-30": {
        "Diluted EPS": 0.32,
        "Total Revenue": 346,
        "Gross Profit": 152,
        "Operating Income": 21,
        "EBIT": 30,
        "Net Income": 14
    },
    "2013-06-30": {
        "Diluted EPS": 0.39,
        "Total Revenue": 349,
        "Gross Profit": 156,
        "Operating Income": 27,
        "EBIT": 35,
        "Net Income": 17
    },
    "2013-03-31": {
        "Diluted EPS": 0.42,
        "Total Revenue": 356,
        "Gross Profit": 158,
        "Operating Income": 30,
        "EBIT": 38,
        "Net Income": 19
    },
    "2012-12-31": {
        "Diluted EPS": 0.38,
        "Total Revenue": 367,
        "Gross Profit": 136,
        "Operating Income": 27,
        "EBIT": 36,
        "Net Income": 17
    },
    "2012-09-30": {
        "Diluted EPS": 0.28,
        "Total Revenue": 326,
        "Gross Profit": 131,
        "Operating Income": 21,
        "EBIT": 29,
        "Net Income": 13
    },
    "2012-06-30": {
        "Diluted EPS": 0.3,
        "Total Revenue": 319,
        "Gross Profit": 132,
        "Operating Income": 24,
        "EBIT": 32,
        "Net Income": 14
    },
    "2012-03-31": {
        "Diluted EPS": 0.35,
        "Total Revenue": 331,
        "Gross Profit": 138,
        "Operating Income": 27,
        "EBIT": 35,
        "Net Income": 17
    },
    "2011-12-31": {
        "Diluted EPS": 0.32,
        "Total Revenue": 306,
        "Gross Profit": 168,
        "Operating Income": 24,
        "EBIT": 32,
        "Net Income": 16
    },
    "2011-09-30": {
        "Diluted EPS": 0.22,
        "Total Revenue": 306,
        "Gross Profit": 119,
        "Operating Income": 17,
        "EBIT": 25,
        "Net Income": 11
    },
    "2011-06-30": {
        "Diluted EPS": 0.24,
        "Total Revenue": 294,
        "Gross Profit": 117,
        "Operating Income": 19,
        "EBIT": 28,
        "Net Income": 12
    },
    "2011-03-31": {
        "Diluted EPS": 0.31,
        "Total Revenue": 312,
        "Gross Profit": 127,
        "Operating Income": 27,
        "EBIT": 36,
        "Net Income": 16
    },
    "2010-12-31": {
        "Diluted EPS": 0.29,
        "Total Revenue": 287,
        "Gross Profit": 117,
        "Operating Income": 22,
        "EBIT": 31,
        "Net Income": 15
    },
    "2010-09-30": {
        "Diluted EPS": 0.15,
        "Total Revenue": 273,
        "Gross Profit": 110,
        "Operating Income": 14,
        "EBIT": 22,
        "Net Income": 8
    },
    "2010-06-30": {
        "Diluted EPS": 0.25,
        "Total Revenue": 281,
        "Gross Profit": 116,
        "Operating Income": 23,
        "EBIT": 31,
        "Net Income": 13
    },
    "2010-03-31": {
        "Diluted EPS": 0.31,
        "Total Revenue": 286,
        "Gross Profit": 119,
        "Operating Income": 28,
        "EBIT": 36,
        "Net Income": 17
    },
    "2009-12-31": {
        "Diluted EPS": 0.18,
        "Total Revenue": 273,
        "Gross Profit": 111,
        "Operating Income": 21,
        "EBIT": 29,
        "Net Income": 10
    },
    "2009-09-30": {
        "Diluted EPS": 0.21,
        "Total Revenue": 256,
        "Gross Profit": 109,
        "Operating Income": 20,
        "EBIT": 27,
        "Net Income": 12
    },
    "2009-06-30": {
        "Diluted EPS": 0.26,
        "Total Revenue": 269,
        "Gross Profit": 113,
        "Operating Income": 25,
        "EBIT": 32,
        "Net Income": 14
    },
    "2009-03-31": {
        "Diluted EPS": 0.32,
        "Total Revenue": 281,
        "Gross Profit": 116,
        "Operating Income": 30,
        "EBIT": 38,
        "Net Income": 18
    },
    "2023-09-30": {
        "Tax Effect Of Unusual Items": -392940.0,
        "Tax Rate For Calcs": 0.222,
        "Normalized EBITDA": 50042000.0,
        "Total Unusual Items": -1770000.0,
        "Total Unusual Items Excluding Goodwill": -1770000.0,
        "Net Income From Continuing Operation Net Minority Interest": 15861000.0,
        "Reconciled Depreciation": 16404000.0,
        "Reconciled Cost Of Revenue": 422367000.0,
        "EBITDA": 48272000.0,
        "EBIT": 31868000.0,
        "Net Interest Income": -11378000.0,
        "Interest Expense": 11378000.0,
        "Normalized Income": 17238060.0,
        "Net Income From Continuing And Discontinued Operation": 15861000.0,
        "Total Expenses": 489174000.0,
        "Total Operating Income As Reported": 31868000.0,
        "Diluted Average Shares": 32800000.0,
        "Basic Average Shares": 32564000.0,
        "Diluted EPS": 0.48,
        "Basic EPS": 0.49,
        "Diluted NI Availto Com Stockholders": 15861000.0,
        "Net Income Common Stockholders": 15861000.0,
        "Otherunder Preferred Stock Dividend": 0.0,
        "Net Income": 15861000.0,
        "Minority Interests": -90000.0,
        "Net Income Including Noncontrolling Interests": 15951000.0,
        "Net Income Continuous Operations": 15951000.0,
        "Tax Provision": 4539000.0,
        "Pretax Income": 20490000.0,
        "Other Income Expense": -1770000.0,
        "Special Income Charges": -1770000.0,
        "Gain On Sale Of Business": 0.0,
        "Other Special Charges": 577000.0,
        "Restructuring And Mergern Acquisition": 1193000.0,
        "Net Non Operating Interest Income Expense": -11378000.0,
        "Interest Expense Non Operating": 11378000.0,
        "Operating Income": 33638000.0,
        "Operating Expense": 66807000.0,
        "Provision For Doubtful Accounts": 0.0,
        "Depreciation Amortization Depletion Income Statement": 16404000.0,
        "Depreciation And Amortization In Income Statement": 16404000.0,
        "Selling General And Administration": 50403000.0,
        "General And Administrative Expense": 50403000.0,
        "Other Gand A": 50403000.0,
        "Gross Profit": 100445000.0,
        "Cost Of Revenue": 422367000.0,
        "Total Revenue": 522812000.0,
        "Operating Revenue": 460050000.0
    },
    "2023-12-31": {
        "Tax Effect Of Unusual Items": -551355.497059,
        "Tax Rate For Calcs": 0.140652,
        "Normalized EBITDA": 63761000.0,
        "Total Unusual Items": -3920000.0,
        "Total Unusual Items Excluding Goodwill": -3920000.0,
        "Net Income From Continuing Operation Net Minority Interest": 26093000.0,
        "Reconciled Depreciation": 17275000.0,
        "Reconciled Cost Of Revenue": 455565000.0,
        "EBITDA": 59841000.0,
        "EBIT": 42566000.0,
        "Net Interest Income": -11795000.0,
        "Interest Expense": 11795000.0,
        "Normalized Income": 29461644.502941,
        "Net Income From Continuing And Discontinued Operation": 26093000.0,
        "Total Expenses": 524836000.0,
        "Total Operating Income As Reported": 42566000.0,
        "Diluted Average Shares": NaN,
        "Basic Average Shares": NaN,
        "Diluted EPS": NaN,
        "Basic EPS": NaN,
        "Diluted NI Availto Com Stockholders": 26093000.0,
        "Net Income Common Stockholders": 26093000.0,
        "Otherunder Preferred Stock Dividend": 0.0,
        "Net Income": 26093000.0,
        "Minority Interests": -350000.0,
        "Net Income Including Noncontrolling Interests": 26443000.0,
        "Net Income Continuous Operations": 26443000.0,
        "Tax Provision": 4328000.0,
        "Pretax Income": 30771000.0,
        "Other Income Expense": -3920000.0,
        "Special Income Charges": -3920000.0,
        "Gain On Sale Of Business": NaN,
        "Other Special Charges": 0.0,
        "Restructuring And Mergern Acquisition": 3920000.0,
        "Net Non Operating Interest Income Expense": -11795000.0,
        "Interest Expense Non Operating": 11795000.0,
        "Operating Income": 46486000.0,
        "Operating Expense": 69271000.0,
        "Provision For Doubtful Accounts": 868000.0,
        "Depreciation Amortization Depletion Income Statement": 17275000.0,
        "Depreciation And Amortization In Income Statement": 17275000.0,
        "Selling General And Administration": 51128000.0,
        "General And Administrative Expense": 51128000.0,
        "Other Gand A": 51128000.0,
        "Gross Profit": 115757000.0,
        "Cost Of Revenue": 455565000.0,
        "Total Revenue": 571322000.0,
        "Operating Revenue": 508364000.0
    },
    "2024-03-31": {
        "Tax Effect Of Unusual Items": 0.0,
        "Tax Rate For Calcs": 0.342,
        "Normalized EBITDA": 51392000.0,
        "Total Unusual Items": NaN,
        "Total Unusual Items Excluding Goodwill": NaN,
        "Net Income From Continuing Operation Net Minority Interest": 14636000.0,
        "Reconciled Depreciation": 17674000.0,
        "Reconciled Cost Of Revenue": 404065000.0,
        "EBITDA": 51392000.0,
        "EBIT": 33718000.0,
        "Net Interest Income": -11063000.0,
        "Interest Expense": 11063000.0,
        "Normalized Income": 14636000.0,
        "Net Income From Continuing And Discontinued Operation": 14636000.0,
        "Total Expenses": 480198000.0,
        "Total Operating Income As Reported": 33718000.0,
        "Diluted Average Shares": 32909000.0,
        "Basic Average Shares": 32644000.0,
        "Diluted EPS": 0.44,
        "Basic EPS": 0.45,
        "Diluted NI Availto Com Stockholders": 14636000.0,
        "Net Income Common Stockholders": 14636000.0,
        "Otherunder Preferred Stock Dividend": NaN,
        "Net Income": 14636000.0,
        "Minority Interests": -278000.0,
        "Net Income Including Noncontrolling Interests": 14914000.0,
        "Net Income Continuous Operations": 14914000.0,
        "Tax Provision": 7741000.0,
        "Pretax Income": 22655000.0,
        "Other Income Expense": NaN,
        "Special Income Charges": NaN,
        "Gain On Sale Of Business": NaN,
        "Other Special Charges": NaN,
        "Restructuring And Mergern Acquisition": NaN,
        "Net Non Operating Interest Income Expense": -11063000.0,
        "Interest Expense Non Operating": 11063000.0,
        "Operating Income": 33718000.0,
        "Operating Expense": 76133000.0,
        "Provision For Doubtful Accounts": NaN,
        "Depreciation Amortization Depletion Income Statement": 17674000.0,
        "Depreciation And Amortization In Income Statement": 17674000.0,
        "Selling General And Administration": 58459000.0,
        "General And Administrative Expense": 58459000.0,
        "Other Gand A": 58459000.0,
        "Gross Profit": 109851000.0,
        "Cost Of Revenue": 404065000.0,
        "Total Revenue": 513916000.0,
        "Operating Revenue": 455916000.0
    },
    "2024-06-30": {
        "Tax Effect Of Unusual Items": 0.0,
        "Tax Rate For Calcs": 0.277,
        "Normalized EBITDA": 45820000.0,
        "Total Unusual Items": NaN,
        "Total Unusual Items Excluding Goodwill": NaN,
        "Net Income From Continuing Operation Net Minority Interest": 12243000.0,
        "Reconciled Depreciation": 17594000.0,
        "Reconciled Cost Of Revenue": 404360000.0,
        "EBITDA": 45820000.0,
        "EBIT": 28226000.0,
        "Net Interest Income": -10896000.0,
        "Interest Expense": 10896000.0,
        "Normalized Income": 12243000.0,
        "Net Income From Continuing And Discontinued Operation": 12243000.0,
        "Total Expenses": 479668000.0,
        "Total Operating Income As Reported": 28226000.0,
        "Diluted Average Shares": 32853000.0,
        "Basic Average Shares": 32730000.0,
        "Diluted EPS": 0.37,
        "Basic EPS": 0.37,
        "Diluted NI Availto Com Stockholders": 12243000.0,
        "Net Income Common Stockholders": 12243000.0,
        "Otherunder Preferred Stock Dividend": NaN,
        "Net Income": 12243000.0,
        "Minority Interests": -293000.0,
        "Net Income Including Noncontrolling Interests": 12536000.0,
        "Net Income Continuous Operations": 12536000.0,
        "Tax Provision": 4794000.0,
        "Pretax Income": 17330000.0,
        "Other Income Expense": NaN,
        "Special Income Charges": NaN,
        "Gain On Sale Of Business": NaN,
        "Other Special Charges": NaN,
        "Restructuring And Mergern Acquisition": NaN,
        "Net Non Operating Interest Income Expense": -10896000.0,
        "Interest Expense Non Operating": 10896000.0,
        "Operating Income": 28226000.0,
        "Operating Expense": 75308000.0,
        "Provision For Doubtful Accounts": NaN,
        "Depreciation Amortization Depletion Income Statement": 17594000.0,
        "Depreciation And Amortization In Income Statement": 17594000.0,
        "Selling General And Administration": 57714000.0,
        "General And Administrative Expense": 57714000.0,
        "Other Gand A": 57714000.0,
        "Gross Profit": 103534000.0,
        "Cost Of Revenue": 404360000.0,
        "Total Revenue": 507894000.0,
        "Operating Revenue": 445514000.0
    },
    "2024-09-30": {
        "Tax Effect Of Unusual Items": 8795345.0,
        "Tax Rate For Calcs": 0.235,
        "Normalized EBITDA": 45062000.0,
        "Total Unusual Items": 37427000.0,
        "Total Unusual Items Excluding Goodwill": 37427000.0,
        "Net Income From Continuing Operation Net Minority Interest": 41808000.0,
        "Reconciled Depreciation": 17260000.0,
        "Reconciled Cost Of Revenue": 410765000.0,
        "EBITDA": 82489000.0,
        "EBIT": 65229000.0,
        "Net Interest Income": -10629000.0,
        "Interest Expense": 10629000.0,
        "Normalized Income": 13176345.0,
        "Net Income From Continuing And Discontinued Operation": 41808000.0,
        "Total Expenses": 479005000.0,
        "Total Operating Income As Reported": 65229000.0,
        "Diluted Average Shares": 32930000.0,
        "Basic Average Shares": 32745000.0,
        "Diluted EPS": 1.27,
        "Basic EPS": 1.28,
        "Diluted NI Availto Com Stockholders": 41808000.0,
        "Net Income Common Stockholders": 41808000.0,
        "Otherunder Preferred Stock Dividend": NaN,
        "Net Income": 41808000.0,
        "Minority Interests": 20000.0,
        "Net Income Including Noncontrolling Interests": 41788000.0,
        "Net Income Continuous Operations": 41788000.0,
        "Tax Provision": 12812000.0,
        "Pretax Income": 54600000.0,
        "Other Income Expense": 37427000.0,
        "Special Income Charges": 37427000.0,
        "Gain On Sale Of Business": 41289000.0,
        "Other Special Charges": NaN,
        "Restructuring And Mergern Acquisition": 3862000.0,
        "Net Non Operating Interest Income Expense": -10629000.0,
        "Interest Expense Non Operating": 10629000.0,
        "Operating Income": 27802000.0,
        "Operating Expense": 68240000.0,
        "Provision For Doubtful Accounts": NaN,
        "Depreciation Amortization Depletion Income Statement": 17260000.0,
        "Depreciation And Amortization In Income Statement": 17260000.0,
        "Selling General And Administration": 50980000.0,
        "General And Administrative Expense": 50980000.0,
        "Other Gand A": 50980000.0,
        "Gross Profit": 96042000.0,
        "Cost Of Revenue": 410765000.0,
        "Total Revenue": 506807000.0,
        "Operating Revenue": 445916000.0
    }
}