{
    "2023-06-30": {
        "Tax Effect Of Unusual Items": 0.0,
        "Tax Rate For Calcs": 0.12,
        "Total Unusual Items": 0.0,
        "Total Unusual Items Excluding Goodwill": 0.0,
        "Net Income From Continuing Operation Net Minority Interest": 28425000.0,
        "Reconciled Depreciation": 2798000.0,
        "Net Interest Income": 53205000.0,
        "Interest Expense": 45172000.0,
        "Interest Income": 98377000.0,
        "Normalized Income": 28425000.0,
        "Net Income From Continuing And Discontinued Operation": 28425000.0,
        "Diluted NI Availto Com Stockholders": 28425000.0,
        "Net Income Common Stockholders": 28425000.0,
        "Net Income": 28425000.0,
        "Net Income Including Noncontrolling Interests": 28425000.0,
        "Net Income Continuous Operations": 28425000.0,
        "Tax Provision": 3967000.0,
        "Pretax Income": 32392000.0,
        "Special Income Charges": 0.0,
        "Gain On Sale Of Business": NaN,
        "Restructuring And Mergern Acquisition": 0.0,
        "Gain On Sale Of Security": 95000.0,
        "Depreciation Amortization Depletion Income Statement": 765000.0,
        "Depreciation And Amortization In Income Statement": 765000.0,
        "Amortization": 765000.0,
        "Amortization Of Intangibles Income Statement": 765000.0,
        "Selling General And Administration": 35402000.0,
        "Selling And Marketing Expense": 1735000.0,
        "General And Administrative Expense": 33667000.0,
        "Other Gand A": 281000.0,
        "Insurance And Claims": 1927000.0,
        "Salaries And Wages": 31459000.0,
        "Total Revenue": 83352000.0,
        "Operating Revenue": 83352000.0
    },
    "2023-03-31": {
        "Tax Effect Of Unusual Items": -19234.910986,
        "Tax Rate For Calcs": 0.092922,
        "Total Unusual Items": -207000.0,
        "Total Unusual Items Excluding Goodwill": -207000.0,
        "Net Income From Continuing Operation Net Minority Interest": 27157000.0,
        "Reconciled Depreciation": 2772000.0,
        "Net Interest Income": 56810000.0,
        "Interest Expense": 37407000.0,
        "Interest Income": 94217000.0,
        "Normalized Income": 27344765.089014,
        "Net Income From Continuing And Discontinued Operation": 27157000.0,
        "Diluted NI Availto Com Stockholders": 27157000.0,
        "Net Income Common Stockholders": 27157000.0,
        "Net Income": 27157000.0,
        "Net Income Including Noncontrolling Interests": 27157000.0,
        "Net Income Continuous Operations": 27157000.0,
        "Tax Provision": 2782000.0,
        "Pretax Income": 29939000.0,
        "Special Income Charges": -207000.0,
        "Gain On Sale Of Business": NaN,
        "Restructuring And Mergern Acquisition": 207000.0,
        "Gain On Sale Of Security": -890000.0,
        "Depreciation Amortization Depletion Income Statement": 766000.0,
        "Depreciation And Amortization In Income Statement": 766000.0,
        "Amortization": 766000.0,
        "Amortization Of Intangibles Income Statement": 766000.0,
        "Selling General And Administration": 34614000.0,
        "Selling And Marketing Expense": 1237000.0,
        "General And Administrative Expense": 33377000.0,
        "Other Gand A": NaN,
        "Insurance And Claims": 1374000.0,
        "Salaries And Wages": 32003000.0,
        "Total Revenue": 80522000.0,
        "Operating Revenue": 80522000.0
    },
    "2022-12-31": {
        "Tax Effect Of Unusual Items": -38745.127926,
        "Tax Rate For Calcs": 0.158792,
        "Total Unusual Items": -244000.0,
        "Total Unusual Items Excluding Goodwill": -244000.0,
        "Net Income From Continuing Operation Net Minority Interest": 30906000.0,
        "Reconciled Depreciation": 2750000.0,
        "Net Interest Income": 65218000.0,
        "Interest Expense": 28819000.0,
        "Interest Income": 94037000.0,
        "Normalized Income": 31111254.872074,
        "Net Income From Continuing And Discontinued Operation": 30906000.0,
        "Diluted NI Availto Com Stockholders": 30906000.0,
        "Net Income Common Stockholders": 30906000.0,
        "Net Income": 30906000.0,
        "Net Income Including Noncontrolling Interests": 30906000.0,
        "Net Income Continuous Operations": 30906000.0,
        "Tax Provision": 5834000.0,
        "Pretax Income": 36740000.0,
        "Special Income Charges": -244000.0,
        "Gain On Sale Of Business": 0.0,
        "Restructuring And Mergern Acquisition": 244000.0,
        "Gain On Sale Of Security": -267000.0,
        "Depreciation Amortization Depletion Income Statement": 787000.0,
        "Depreciation And Amortization In Income Statement": 787000.0,
        "Amortization": 787000.0,
        "Amortization Of Intangibles Income Statement": 787000.0,
        "Selling General And Administration": 33363000.0,
        "Selling And Marketing Expense": 1562000.0,
        "General And Administrative Expense": 31801000.0,
        "Other Gand A": NaN,
        "Insurance And Claims": 1605000.0,
        "Salaries And Wages": 32594000.0,
        "Total Revenue": 84488000.0,
        "Operating Revenue": 84488000.0
    },
    "2022-09-30": {
        "Tax Effect Of Unusual Items": -53307.8,
        "Tax Rate For Calcs": 0.1414,
        "Total Unusual Items": -377000.0,
        "Total Unusual Items Excluding Goodwill": -377000.0,
        "Net Income From Continuing Operation Net Minority Interest": 29294000.0,
        "Reconciled Depreciation": 787000.0,
        "Net Interest Income": 60769000.0,
        "Interest Expense": 18498000.0,
        "Interest Income": 79267000.0,
        "Normalized Income": 29617692.2,
        "Net Income From Continuing And Discontinued Operation": 29294000.0,
        "Diluted Average Shares": 17110691.0,
        "Basic Average Shares": 16900968.0,
        "Diluted EPS": 1.71,
        "Basic EPS": 1.73,
        "Diluted NI Availto Com Stockholders": 29294000.0,
        "Net Income Common Stockholders": 29294000.0,
        "Net Income": 29294000.0,
        "Net Income Including Noncontrolling Interests": 29294000.0,
        "Net Income Continuous Operations": 29294000.0,
        "Tax Provision": 4824000.0,
        "Pretax Income": 34118000.0,
        "Special Income Charges": -377000.0,
        "Gain On Sale Of Business": 0.0,
        "Restructuring And Mergern Acquisition": 377000.0,
        "Gain On Sale Of Security": 904000.0,
        "Depreciation Amortization Depletion Income Statement": 787000.0,
        "Depreciation And Amortization In Income Statement": 787000.0,
        "Amortization": 787000.0,
        "Amortization Of Intangibles Income Statement": 787000.0,
        "Selling General And Administration": 33037000.0,
        "Selling And Marketing Expense": 1437000.0,
        "General And Administrative Expense": 31600000.0,
        "Other Gand A": 928000.0,
        "Insurance And Claims": 1497000.0,
        "Salaries And Wages": 29175000.0,
        "Total Revenue": 79984000.0,
        "Operating Revenue": 79984000.0
    },
    "2022-06-30": {
        "Tax Effect Of Unusual Items": -603794.8,
        "Tax Rate For Calcs": 0.0892,
        "Total Unusual Items": -6769000.0,
        "Total Unusual Items Excluding Goodwill": -6769000.0,
        "Net Income From Continuing Operation Net Minority Interest": 15242000.0,
        "Reconciled Depreciation": 787000.0,
        "Net Interest Income": 59400000.0,
        "Interest Expense": 8805000.0,
        "Interest Income": 68205000.0,
        "Normalized Income": 21407205.2,
        "Net Income From Continuing And Discontinued Operation": 15242000.0,
        "Diluted Average Shares": 17549107.0,
        "Basic Average Shares": 17345324.0,
        "Diluted EPS": 0.87,
        "Basic EPS": 0.88,
        "Diluted NI Availto Com Stockholders": 15242000.0,
        "Net Income Common Stockholders": 15242000.0,
        "Net Income": 15242000.0,
        "Net Income Including Noncontrolling Interests": 15242000.0,
        "Net Income Continuous Operations": 15242000.0,
        "Tax Provision": 1492000.0,
        "Pretax Income": 16734000.0,
        "Special Income Charges": -6769000.0,
        "Gain On Sale Of Business": 0.0,
        "Restructuring And Mergern Acquisition": 6769000.0,
        "Gain On Sale Of Security": 0.0,
        "Depreciation Amortization Depletion Income Statement": 787000.0,
        "Depreciation And Amortization In Income Statement": 787000.0,
        "Amortization": 787000.0,
        "Amortization Of Intangibles Income Statement": 787000.0,
        "Selling General And Administration": 32564000.0,
        "Selling And Marketing Expense": 1198000.0,
        "General And Administrative Expense": 31366000.0,
        "Other Gand A": NaN,
        "Insurance And Claims": 1394000.0,
        "Salaries And Wages": 29972000.0,
        "Total Revenue": 80598000.0,
        "Operating Revenue": 80598000.0
    },
    "2022-03-31": {
        "Diluted EPS": 1.49,
        "Total Revenue": 67,
        "Gross Profit": 61,
        "Operating Income": 28,
        "EBIT": NaN,
        "Net Income": 24
    },
    "2021-12-31": {
        "Diluted EPS": 1.7,
        "Total Revenue": 75,
        "Gross Profit": 69,
        "Operating Income": 32,
        "EBIT": NaN,
        "Net Income": 27
    },
    "2021-09-30": {
        "Diluted EPS": 1.99,
        "Total Revenue": 86,
        "Gross Profit": 81,
        "Operating Income": 39,
        "EBIT": NaN,
        "Net Income": 32
    },
    "2021-06-30": {
        "Diluted EPS": 1.39,
        "Total Revenue": 68,
        "Gross Profit": 63,
        "Operating Income": 27,
        "EBIT": NaN,
        "Net Income": 22
    },
    "2021-03-31": {
        "Diluted EPS": 1.12,
        "Total Revenue": 71,
        "Gross Profit": 65,
        "Operating Income": 22,
        "EBIT": NaN,
        "Net Income": 18
    },
    "2020-12-31": {
        "Diluted EPS": 1.15,
        "Total Revenue": 82,
        "Gross Profit": 76,
        "Operating Income": 22,
        "EBIT": NaN,
        "Net Income": 18
    },
    "2020-09-30": {
        "Diluted EPS": 1.09,
        "Total Revenue": 89,
        "Gross Profit": 83,
        "Operating Income": 21,
        "EBIT": NaN,
        "Net Income": 17
    },
    "2020-06-30": {
        "Diluted EPS": 0.86,
        "Total Revenue": 77,
        "Gross Profit": 70,
        "Operating Income": 17,
        "EBIT": NaN,
        "Net Income": 14
    },
    "2020-03-31": {
        "Diluted EPS": 0.7,
        "Total Revenue": 64,
        "Gross Profit": 53,
        "Operating Income": 13,
        "EBIT": NaN,
        "Net Income": 11
    },
    "2019-12-31": {
        "Diluted EPS": 1.0,
        "Total Revenue": 83,
        "Gross Profit": 70,
        "Operating Income": 23,
        "EBIT": NaN,
        "Net Income": 16
    },
    "2019-09-30": {
        "Diluted EPS": 0.94,
        "Total Revenue": 77,
        "Gross Profit": 61,
        "Operating Income": 19,
        "EBIT": NaN,
        "Net Income": 15
    },
    "2019-06-30": {
        "Diluted EPS": 0.85,
        "Total Revenue": 71,
        "Gross Profit": 55,
        "Operating Income": 17,
        "EBIT": NaN,
        "Net Income": 14
    },
    "2019-03-31": {
        "Diluted EPS": 0.81,
        "Total Revenue": 64,
        "Gross Profit": 49,
        "Operating Income": 14,
        "EBIT": NaN,
        "Net Income": 13
    },
    "2018-12-31": {
        "Diluted EPS": 0.84,
        "Total Revenue": 68,
        "Gross Profit": 55,
        "Operating Income": 17,
        "EBIT": NaN,
        "Net Income": 13
    },
    "2018-09-30": {
        "Diluted EPS": 0.55,
        "Total Revenue": 59,
        "Gross Profit": 47,
        "Operating Income": 12,
        "EBIT": NaN,
        "Net Income": 9
    },
    "2018-06-30": {
        "Diluted EPS": 0.73,
        "Total Revenue": 50,
        "Gross Profit": 41,
        "Operating Income": 13,
        "EBIT": NaN,
        "Net Income": 10
    },
    "2018-03-31": {
        "Diluted EPS": 0.74,
        "Total Revenue": 48,
        "Gross Profit": 41,
        "Operating Income": 13,
        "EBIT": NaN,
        "Net Income": 11
    },
    "2017-12-31": {
        "Diluted EPS": 0.7,
        "Total Revenue": 48,
        "Gross Profit": 42,
        "Operating Income": 9,
        "EBIT": NaN,
        "Net Income": 10
    },
    "2017-09-30": {
        "Diluted EPS": 0.58,
        "Total Revenue": 41,
        "Gross Profit": 35,
        "Operating Income": 10,
        "EBIT": NaN,
        "Net Income": 8
    },
    "2017-06-30": {
        "Diluted EPS": 0.65,
        "Total Revenue": 39,
        "Gross Profit": 35,
        "Operating Income": 11,
        "EBIT": NaN,
        "Net Income": 9
    },
    "2017-03-31": {
        "Diluted EPS": 0.68,
        "Total Revenue": 39,
        "Gross Profit": 35,
        "Operating Income": 12,
        "EBIT": NaN,
        "Net Income": 9
    },
    "2016-12-31": {
        "Diluted EPS": 0.65,
        "Total Revenue": 39,
        "Gross Profit": 36,
        "Operating Income": 12,
        "EBIT": NaN,
        "Net Income": 9
    },
    "2016-09-30": {
        "Diluted EPS": 0.46,
        "Total Revenue": 37,
        "Gross Profit": 34,
        "Operating Income": 9,
        "EBIT": NaN,
        "Net Income": 6
    },
    "2016-06-30": {
        "Diluted EPS": 0.53,
        "Total Revenue": 31,
        "Gross Profit": 28,
        "Operating Income": 9,
        "EBIT": NaN,
        "Net Income": 7
    },
    "2016-03-31": {
        "Diluted EPS": 0.53,
        "Total Revenue": 30,
        "Gross Profit": 27,
        "Operating Income": 8,
        "EBIT": NaN,
        "Net Income": 6
    },
    "2015-12-31": {
        "Diluted EPS": 0.59,
        "Total Revenue": 29,
        "Gross Profit": 26,
        "Operating Income": 9,
        "EBIT": NaN,
        "Net Income": 7
    },
    "2015-09-30": {
        "Diluted EPS": 0.55,
        "Total Revenue": 30,
        "Gross Profit": 27,
        "Operating Income": 9,
        "EBIT": NaN,
        "Net Income": 6
    },
    "2015-06-30": {
        "Diluted EPS": -0.05,
        "Total Revenue": 28,
        "Gross Profit": 24,
        "Operating Income": -3,
        "EBIT": NaN,
        "Net Income": -1
    },
    "2015-03-31": {
        "Diluted EPS": 0.52,
        "Total Revenue": 28,
        "Gross Profit": 24,
        "Operating Income": 5,
        "EBIT": NaN,
        "Net Income": 4
    },
    "2014-12-31": {
        "Diluted EPS": 0.37,
        "Total Revenue": 28,
        "Gross Profit": 24,
        "Operating Income": 4,
        "EBIT": NaN,
        "Net Income": 3
    },
    "2014-09-30": {
        "Diluted EPS": 0.5,
        "Total Revenue": 27,
        "Gross Profit": 23,
        "Operating Income": 5,
        "EBIT": NaN,
        "Net Income": 4
    },
    "2014-06-30": {
        "Diluted EPS": 0.45,
        "Total Revenue": 26,
        "Gross Profit": 22,
        "Operating Income": 5,
        "EBIT": NaN,
        "Net Income": 4
    },
    "2014-03-31": {
        "Diluted EPS": 0.4,
        "Total Revenue": 26,
        "Gross Profit": 22,
        "Operating Income": 4,
        "EBIT": NaN,
        "Net Income": 3
    },
    "2013-12-31": {
        "Diluted EPS": 0.49,
        "Total Revenue": 30,
        "Gross Profit": 26,
        "Operating Income": 7,
        "EBIT": NaN,
        "Net Income": 3
    },
    "2013-09-30": {
        "Diluted EPS": 0.51,
        "Total Revenue": 28,
        "Gross Profit": 23,
        "Operating Income": 5,
        "EBIT": NaN,
        "Net Income": 3
    },
    "2013-06-30": {
        "Diluted EPS": 0.59,
        "Total Revenue": 27,
        "Gross Profit": 23,
        "Operating Income": 6,
        "EBIT": NaN,
        "Net Income": 3
    },
    "2013-03-31": {
        "Diluted EPS": 0.49,
        "Total Revenue": 24,
        "Gross Profit": 19,
        "Operating Income": 5,
        "EBIT": NaN,
        "Net Income": 2
    },
    "2012-12-31": {
        "Diluted EPS": 0.49,
        "Total Revenue": 23,
        "Gross Profit": 19,
        "Operating Income": 4,
        "EBIT": NaN,
        "Net Income": 2
    },
    "2012-09-30": {
        "Diluted EPS": 0.44,
        "Total Revenue": 24,
        "Gross Profit": 19,
        "Operating Income": 4,
        "EBIT": NaN,
        "Net Income": 2
    },
    "2012-06-30": {
        "Diluted EPS": 0.44,
        "Total Revenue": 24,
        "Gross Profit": 19,
        "Operating Income": 4,
        "EBIT": NaN,
        "Net Income": 2
    },
    "2012-03-31": {
        "Diluted EPS": 0.48,
        "Total Revenue": 23,
        "Gross Profit": 18,
        "Operating Income": 5,
        "EBIT": NaN,
        "Net Income": 2
    },
    "2011-12-31": {
        "Diluted EPS": 0.36,
        "Total Revenue": 24,
        "Gross Profit": 18,
        "Operating Income": 4,
        "EBIT": NaN,
        "Net Income": 2
    },
    "2011-09-30": {
        "Diluted EPS": -0.01,
        "Total Revenue": 24,
        "Gross Profit": 18,
        "Operating Income": 3,
        "EBIT": NaN,
        "Net Income": 0
    },
    "2011-06-30": {
        "Diluted EPS": 0.34,
        "Total Revenue": 24,
        "Gross Profit": 18,
        "Operating Income": 4,
        "EBIT": NaN,
        "Net Income": 2
    },
    "2011-03-31": {
        "Diluted EPS": 0.23,
        "Total Revenue": 24,
        "Gross Profit": 17,
        "Operating Income": 3,
        "EBIT": NaN,
        "Net Income": 1
    },
    "2010-12-31": {
        "Diluted EPS": 0.11,
        "Total Revenue": 24,
        "Gross Profit": 17,
        "Operating Income": 2,
        "EBIT": NaN,
        "Net Income": 1
    },
    "2010-09-30": {
        "Diluted EPS": 0.21,
        "Total Revenue": 24,
        "Gross Profit": 17,
        "Operating Income": 3,
        "EBIT": NaN,
        "Net Income": 1
    },
    "2010-06-30": {
        "Diluted EPS": 0.15,
        "Total Revenue": 24,
        "Gross Profit": 16,
        "Operating Income": 2,
        "EBIT": NaN,
        "Net Income": 1
    },
    "2010-03-31": {
        "Diluted EPS": 0.06,
        "Total Revenue": 23,
        "Gross Profit": 16,
        "Operating Income": 2,
        "EBIT": NaN,
        "Net Income": 0
    },
    "2009-12-31": {
        "Diluted EPS": -0.02,
        "Total Revenue": 25,
        "Gross Profit": 17,
        "Operating Income": 2,
        "EBIT": NaN,
        "Net Income": 0
    },
    "2009-09-30": {
        "Diluted EPS": 0.12,
        "Total Revenue": 27,
        "Gross Profit": 18,
        "Operating Income": 2,
        "EBIT": NaN,
        "Net Income": 1
    },
    "2009-06-30": {
        "Diluted EPS": -0.42,
        "Total Revenue": 25,
        "Gross Profit": 16,
        "Operating Income": -1,
        "EBIT": NaN,
        "Net Income": -2
    },
    "2009-03-31": {
        "Diluted EPS": -0.14,
        "Total Revenue": 24,
        "Gross Profit": 15,
        "Operating Income": 0,
        "EBIT": NaN,
        "Net Income": -1
    },
    "2023-09-30": {
        "Tax Effect Of Unusual Items": 0.0,
        "Tax Rate For Calcs": 0.068,
        "Total Unusual Items": 0.0,
        "Total Unusual Items Excluding Goodwill": 0.0,
        "Net Income From Continuing Operation Net Minority Interest": 25121000.0,
        "Reconciled Depreciation": 2784000.0,
        "Net Interest Income": 55255000.0,
        "Interest Expense": 53313000.0,
        "Interest Income": 108568000.0,
        "Normalized Income": 25121000.0,
        "Net Income From Continuing And Discontinued Operation": 25121000.0,
        "Diluted NI Availto Com Stockholders": 25121000.0,
        "Net Income Common Stockholders": 25121000.0,
        "Net Income": 25121000.0,
        "Net Income Including Noncontrolling Interests": 25121000.0,
        "Net Income Continuous Operations": 25121000.0,
        "Tax Provision": 1840000.0,
        "Pretax Income": 26961000.0,
        "Special Income Charges": 0.0,
        "Gain On Sale Of Business": NaN,
        "Restructuring And Mergern Acquisition": 0.0,
        "Gain On Sale Of Security": -336000.0,
        "Depreciation Amortization Depletion Income Statement": 691000.0,
        "Depreciation And Amortization In Income Statement": 691000.0,
        "Amortization": 691000.0,
        "Amortization Of Intangibles Income Statement": 691000.0,
        "Selling General And Administration": 35248000.0,
        "Selling And Marketing Expense": 1429000.0,
        "General And Administrative Expense": 33819000.0,
        "Other Gand A": NaN,
        "Insurance And Claims": 1721000.0,
        "Salaries And Wages": 32098000.0,
        "Total Revenue": 79020000.0,
        "Operating Revenue": 79020000.0
    }
}