{
    "2023-03-31": {
        "Tax Effect Of Unusual Items": -4712400.0,
        "Tax Rate For Calcs": 0.187,
        "Normalized EBITDA": 240800000.0,
        "Total Unusual Items": -25200000.0,
        "Total Unusual Items Excluding Goodwill": -25200000.0,
        "Net Income From Continuing Operation Net Minority Interest": 48800000.0,
        "Reconciled Depreciation": 114200000.0,
        "Reconciled Cost Of Revenue": 334100000.0,
        "EBITDA": 215600000.0,
        "EBIT": 101400000.0,
        "Net Interest Income": -41200000.0,
        "Interest Expense": 41400000.0,
        "Interest Income": 1000000.0,
        "Normalized Income": 69287600.0,
        "Net Income From Continuing And Discontinued Operation": 48800000.0,
        "Total Expenses": 716800000.0,
        "Total Operating Income As Reported": 99600000.0,
        "Diluted NI Availto Com Stockholders": 48800000.0,
        "Net Income Common Stockholders": 48800000.0,
        "Net Income": 48800000.0,
        "Net Income Including Noncontrolling Interests": 48800000.0,
        "Net Income Continuous Operations": 48800000.0,
        "Tax Provision": 11200000.0,
        "Pretax Income": 60000000.0,
        "Other Income Expense": -28100000.0,
        "Other Non Operating Income Expenses": -2900000.0,
        "Special Income Charges": -29700000.0,
        "Other Special Charges": NaN,
        "Restructuring And Mergern Acquisition": 29700000.0,
        "Gain On Sale Of Security": 4500000.0,
        "Net Non Operating Interest Income Expense": -41200000.0,
        "Total Other Finance Cost": 800000.0,
        "Interest Expense Non Operating": 41400000.0,
        "Interest Income Non Operating": 1000000.0,
        "Operating Income": 129300000.0,
        "Operating Expense": 319300000.0,
        "Other Operating Expenses": 3800000.0,
        "Depreciation Amortization Depletion Income Statement": 50800000.0,
        "Depreciation And Amortization In Income Statement": 50800000.0,
        "Amortization": 50800000.0,
        "Amortization Of Intangibles Income Statement": 50800000.0,
        "Research And Development": 62300000.0,
        "Selling General And Administration": 202400000.0,
        "Gross Profit": 448600000.0,
        "Cost Of Revenue": 397500000.0,
        "Total Revenue": 846100000.0,
        "Operating Revenue": 846100000.0
    },
    "2022-12-31": {
        "Tax Effect Of Unusual Items": -6122627.737226,
        "Tax Rate For Calcs": 0.262774,
        "Normalized EBITDA": 218200000.0,
        "Total Unusual Items": -23300000.0,
        "Total Unusual Items Excluding Goodwill": -23300000.0,
        "Net Income From Continuing Operation Net Minority Interest": 30300000.0,
        "Reconciled Depreciation": 116600000.0,
        "Reconciled Cost Of Revenue": 354800000.0,
        "EBITDA": 194900000.0,
        "EBIT": 78300000.0,
        "Net Interest Income": -37800000.0,
        "Interest Expense": 37200000.0,
        "Interest Income": 300000.0,
        "Normalized Income": 47477372.262774,
        "Net Income From Continuing And Discontinued Operation": 30300000.0,
        "Total Expenses": 753600000.0,
        "Total Operating Income As Reported": 86500000.0,
        "Diluted NI Availto Com Stockholders": 30300000.0,
        "Net Income Common Stockholders": 30300000.0,
        "Net Income": 30300000.0,
        "Net Income Including Noncontrolling Interests": 30300000.0,
        "Net Income Continuous Operations": 30300000.0,
        "Tax Provision": 10800000.0,
        "Pretax Income": 41100000.0,
        "Other Income Expense": -34000000.0,
        "Other Non Operating Income Expenses": -10700000.0,
        "Special Income Charges": -26400000.0,
        "Other Special Charges": 0.0,
        "Restructuring And Mergern Acquisition": 26400000.0,
        "Gain On Sale Of Security": 3100000.0,
        "Net Non Operating Interest Income Expense": -37800000.0,
        "Total Other Finance Cost": 900000.0,
        "Interest Expense Non Operating": 37200000.0,
        "Interest Income Non Operating": 300000.0,
        "Operating Income": 112900000.0,
        "Operating Expense": 336100000.0,
        "Other Operating Expenses": 4300000.0,
        "Depreciation Amortization Depletion Income Statement": 53900000.0,
        "Depreciation And Amortization In Income Statement": 53900000.0,
        "Amortization": 53900000.0,
        "Amortization Of Intangibles Income Statement": 53900000.0,
        "Research And Development": 64300000.0,
        "Selling General And Administration": 213600000.0,
        "Gross Profit": 449000000.0,
        "Cost Of Revenue": 417500000.0,
        "Total Revenue": 866500000.0,
        "Operating Revenue": 866500000.0
    },
    "2022-09-30": {
        "Tax Effect Of Unusual Items": -10205750.798722,
        "Tax Rate For Calcs": 0.386581,
        "Normalized EBITDA": 137900000.0,
        "Total Unusual Items": -26400000.0,
        "Total Unusual Items Excluding Goodwill": -26400000.0,
        "Net Income From Continuing Operation Net Minority Interest": 19200000.0,
        "Reconciled Depreciation": 50500000.0,
        "Reconciled Cost Of Revenue": 376300000.0,
        "EBITDA": 111500000.0,
        "EBIT": 61000000.0,
        "Net Interest Income": -29700000.0,
        "Interest Expense": 29700000.0,
        "Interest Income": 300000.0,
        "Normalized Income": 35394249.201278,
        "Net Income From Continuing And Discontinued Operation": 19200000.0,
        "Total Expenses": 700600000.0,
        "Total Operating Income As Reported": 56800000.0,
        "Diluted Average Shares": 67500000.0,
        "Basic Average Shares": 66900000.0,
        "Diluted EPS": 0.28,
        "Basic EPS": 0.29,
        "Diluted NI Availto Com Stockholders": 19200000.0,
        "Net Income Common Stockholders": 19200000.0,
        "Net Income": 19200000.0,
        "Net Income Including Noncontrolling Interests": 19200000.0,
        "Net Income Continuous Operations": 19200000.0,
        "Tax Provision": 12100000.0,
        "Pretax Income": 31300000.0,
        "Other Income Expense": -22200000.0,
        "Other Non Operating Income Expenses": 4200000.0,
        "Special Income Charges": -26400000.0,
        "Other Special Charges": NaN,
        "Restructuring And Mergern Acquisition": 26400000.0,
        "Gain On Sale Of Security": -600000.0,
        "Net Non Operating Interest Income Expense": -29700000.0,
        "Total Other Finance Cost": 900000.0,
        "Interest Expense Non Operating": 29700000.0,
        "Interest Income Non Operating": 300000.0,
        "Operating Income": 83200000.0,
        "Operating Expense": 324300000.0,
        "Other Operating Expenses": 4000000.0,
        "Depreciation Amortization Depletion Income Statement": 50500000.0,
        "Depreciation And Amortization In Income Statement": 50500000.0,
        "Amortization": 50500000.0,
        "Amortization Of Intangibles Income Statement": 50500000.0,
        "Research And Development": 65600000.0,
        "Selling General And Administration": 204200000.0,
        "Gross Profit": 407500000.0,
        "Cost Of Revenue": 376300000.0,
        "Total Revenue": 783800000.0,
        "Operating Revenue": 783800000.0
    },
    "2022-06-30": {
        "Tax Effect Of Unusual Items": -26050000.0,
        "Tax Rate For Calcs": 0.25,
        "Normalized EBITDA": 178400000.0,
        "Total Unusual Items": -104200000.0,
        "Total Unusual Items Excluding Goodwill": -104200000.0,
        "Net Income From Continuing Operation Net Minority Interest": 19300000.0,
        "Reconciled Depreciation": 21000000.0,
        "Reconciled Cost Of Revenue": 275900000.0,
        "EBITDA": 74200000.0,
        "EBIT": 53200000.0,
        "Net Interest Income": -10300000.0,
        "Interest Expense": 10300000.0,
        "Interest Income": 400000.0,
        "Normalized Income": 97450000.0,
        "Net Income From Continuing And Discontinued Operation": 19300000.0,
        "Total Expenses": 453500000.0,
        "Total Operating Income As Reported": 79700000.0,
        "Diluted Average Shares": 52900000.0,
        "Basic Average Shares": 52200000.0,
        "Diluted EPS": 0.36,
        "Basic EPS": 0.37,
        "Diluted NI Availto Com Stockholders": 19300000.0,
        "Net Income Common Stockholders": 19300000.0,
        "Net Income": 19300000.0,
        "Net Income Including Noncontrolling Interests": 19300000.0,
        "Net Income Continuous Operations": 19300000.0,
        "Tax Provision": 23600000.0,
        "Pretax Income": 42900000.0,
        "Other Income Expense": -106700000.0,
        "Other Non Operating Income Expenses": -2500000.0,
        "Special Income Charges": -104200000.0,
        "Other Special Charges": 24000000.0,
        "Restructuring And Mergern Acquisition": 80200000.0,
        "Gain On Sale Of Security": -1800000.0,
        "Net Non Operating Interest Income Expense": -10300000.0,
        "Total Other Finance Cost": 200000.0,
        "Interest Expense Non Operating": 10300000.0,
        "Interest Income Non Operating": 400000.0,
        "Operating Income": 159900000.0,
        "Operating Expense": 177600000.0,
        "Other Operating Expenses": 4000000.0,
        "Depreciation Amortization Depletion Income Statement": 21000000.0,
        "Depreciation And Amortization In Income Statement": 21000000.0,
        "Amortization": 21000000.0,
        "Amortization Of Intangibles Income Statement": 21000000.0,
        "Research And Development": 34200000.0,
        "Selling General And Administration": 118400000.0,
        "Gross Profit": 337500000.0,
        "Cost Of Revenue": 275900000.0,
        "Total Revenue": 613400000.0,
        "Operating Revenue": 613400000.0
    },
    "2022-03-31": {
        "Diluted EPS": 11.31,
        "Total Revenue": NaN,
        "Gross Profit": 742,
        "Operating Income": 621,
        "EBIT": 636,
        "Net Income": 480
    },
    "2021-12-31": {
        "Diluted EPS": 6.81,
        "Total Revenue": 637,
        "Gross Profit": 493,
        "Operating Income": 377,
        "EBIT": 384,
        "Net Income": 291
    },
    "2021-09-30": {
        "Diluted EPS": 5.08,
        "Total Revenue": 510,
        "Gross Profit": 375,
        "Operating Income": 282,
        "EBIT": 295,
        "Net Income": 216
    },
    "2021-06-30": {
        "Diluted EPS": 0.45,
        "Total Revenue": 177,
        "Gross Profit": 108,
        "Operating Income": 23,
        "EBIT": 34,
        "Net Income": 19
    },
    "2021-03-31": {
        "Diluted EPS": 4.09,
        "Total Revenue": 375,
        "Gross Profit": 302,
        "Operating Income": 224,
        "EBIT": 238,
        "Net Income": 178
    },
    "2020-12-31": {
        "Diluted EPS": 10.79,
        "Total Revenue": 809,
        "Gross Profit": 709,
        "Operating Income": 617,
        "EBIT": 624,
        "Net Income": 470
    },
    "2020-09-30": {
        "Diluted EPS": 5.33,
        "Total Revenue": 476,
        "Gross Profit": 384,
        "Operating Income": 308,
        "EBIT": 322,
        "Net Income": 232
    },
    "2020-06-30": {
        "Diluted EPS": 1.55,
        "Total Revenue": 202,
        "Gross Profit": 149,
        "Operating Income": 84,
        "EBIT": 97,
        "Net Income": 68
    },
    "2020-03-31": {
        "Diluted EPS": 0.93,
        "Total Revenue": 175,
        "Gross Profit": 115,
        "Operating Income": 52,
        "EBIT": 66,
        "Net Income": 40
    },
    "2019-12-31": {
        "Diluted EPS": 0.72,
        "Total Revenue": 152,
        "Gross Profit": 95,
        "Operating Income": 35,
        "EBIT": 48,
        "Net Income": 31
    },
    "2019-09-30": {
        "Diluted EPS": 0.38,
        "Total Revenue": 126,
        "Gross Profit": 76,
        "Operating Income": 21,
        "EBIT": 35,
        "Net Income": 16
    },
    "2019-06-30": {
        "Diluted EPS": 0.03,
        "Total Revenue": 108,
        "Gross Profit": 59,
        "Operating Income": 6,
        "EBIT": 21,
        "Net Income": 1
    },
    "2019-03-31": {
        "Diluted EPS": 0.6,
        "Total Revenue": 148,
        "Gross Profit": 91,
        "Operating Income": 31,
        "EBIT": 46,
        "Net Income": 25
    },
    "2018-12-31": {
        "Diluted EPS": 0.81,
        "Total Revenue": 133,
        "Gross Profit": 82,
        "Operating Income": 28,
        "EBIT": 42,
        "Net Income": 32
    },
    "2018-09-30": {
        "Diluted EPS": 0.27,
        "Total Revenue": 117,
        "Gross Profit": 70,
        "Operating Income": 17,
        "EBIT": 54,
        "Net Income": 11
    },
    "2018-06-30": {
        "Diluted EPS": -0.08,
        "Total Revenue": 103,
        "Gross Profit": 58,
        "Operating Income": 0,
        "EBIT": -8,
        "Net Income": -3
    },
    "2018-03-31": {
        "Diluted EPS": 0.86,
        "Total Revenue": 169,
        "Gross Profit": 106,
        "Operating Income": 51,
        "EBIT": 68,
        "Net Income": 34
    },
    "2017-12-31": {
        "Diluted EPS": -0.15,
        "Total Revenue": 115,
        "Gross Profit": 59,
        "Operating Income": 4,
        "EBIT": 21,
        "Net Income": -5
    },
    "2017-09-30": {
        "Diluted EPS": -0.16,
        "Total Revenue": 51,
        "Gross Profit": 30,
        "Operating Income": -3,
        "EBIT": 5,
        "Net Income": -6
    },
    "2017-06-30": {
        "Diluted EPS": -0.35,
        "Total Revenue": 38,
        "Gross Profit": 19,
        "Operating Income": -11,
        "EBIT": -4,
        "Net Income": -12
    },
    "2017-03-31": {
        "Diluted EPS": 0.42,
        "Total Revenue": 74,
        "Gross Profit": 48,
        "Operating Income": 19,
        "EBIT": 26,
        "Net Income": 14
    },
    "2016-12-31": {
        "Diluted EPS": -0.05,
        "Total Revenue": 53,
        "Gross Profit": 27,
        "Operating Income": 6,
        "EBIT": 13,
        "Net Income": -2
    },
    "2016-09-30": {
        "Diluted EPS": -0.02,
        "Total Revenue": 49,
        "Gross Profit": 32,
        "Operating Income": 2,
        "EBIT": 9,
        "Net Income": -1
    },
    "2016-06-30": {
        "Diluted EPS": -0.24,
        "Total Revenue": 39,
        "Gross Profit": 22,
        "Operating Income": -9,
        "EBIT": -1,
        "Net Income": -8
    },
    "2016-03-31": {
        "Diluted EPS": -0.11,
        "Total Revenue": 50,
        "Gross Profit": 31,
        "Operating Income": -3,
        "EBIT": 4,
        "Net Income": -3
    },
    "2015-12-31": {
        "Diluted EPS": -0.01,
        "Total Revenue": 52,
        "Gross Profit": 28,
        "Operating Income": 3,
        "EBIT": 10,
        "Net Income": 0
    },
    "2015-09-30": {
        "Diluted EPS": -0.02,
        "Total Revenue": 47,
        "Gross Profit": 30,
        "Operating Income": 1,
        "EBIT": 8,
        "Net Income": -1
    },
    "2015-06-30": {
        "Diluted EPS": -0.26,
        "Total Revenue": 35,
        "Gross Profit": 20,
        "Operating Income": -10,
        "EBIT": -3,
        "Net Income": -9
    },
    "2015-03-31": {
        "Diluted EPS": 0.11,
        "Total Revenue": 62,
        "Gross Profit": 41,
        "Operating Income": 9,
        "EBIT": 16,
        "Net Income": 4
    },
    "2014-12-31": {
        "Diluted EPS": 0.2,
        "Total Revenue": 65,
        "Gross Profit": 44,
        "Operating Income": 13,
        "EBIT": 21,
        "Net Income": 7
    },
    "2014-09-30": {
        "Diluted EPS": -0.17,
        "Total Revenue": 41,
        "Gross Profit": 24,
        "Operating Income": -10,
        "EBIT": -3,
        "Net Income": -6
    },
    "2014-06-30": {
        "Diluted EPS": -0.2,
        "Total Revenue": 31,
        "Gross Profit": 16,
        "Operating Income": -10,
        "EBIT": -4,
        "Net Income": -7
    },
    "2014-03-31": {
        "Diluted EPS": -0.04,
        "Total Revenue": 47,
        "Gross Profit": 26,
        "Operating Income": -2,
        "EBIT": 5,
        "Net Income": -2
    },
    "2013-12-31": {
        "Diluted EPS": 0.03,
        "Total Revenue": 52,
        "Gross Profit": 34,
        "Operating Income": 0,
        "EBIT": 7,
        "Net Income": 1
    },
    "2013-09-30": {
        "Diluted EPS": -0.13,
        "Total Revenue": 34,
        "Gross Profit": 18,
        "Operating Income": -6,
        "EBIT": 1,
        "Net Income": -4
    },
    "2013-06-30": {
        "Diluted EPS": -0.05,
        "Total Revenue": 30,
        "Gross Profit": 16,
        "Operating Income": -7,
        "EBIT": -2,
        "Net Income": -2
    },
    "2013-03-31": {
        "Diluted EPS": 0.36,
        "Total Revenue": 62,
        "Gross Profit": 42,
        "Operating Income": 17,
        "EBIT": 24,
        "Net Income": 12
    },
    "2012-12-31": {
        "Diluted EPS": 0.26,
        "Total Revenue": 54,
        "Gross Profit": 36,
        "Operating Income": 15,
        "EBIT": 22,
        "Net Income": 9
    },
    "2012-09-30": {
        "Diluted EPS": -0.02,
        "Total Revenue": 33,
        "Gross Profit": 18,
        "Operating Income": -1,
        "EBIT": 4,
        "Net Income": -1
    },
    "2012-06-30": {
        "Diluted EPS": -0.09,
        "Total Revenue": 31,
        "Gross Profit": 17,
        "Operating Income": -5,
        "EBIT": 1,
        "Net Income": -3
    },
    "2012-03-31": {
        "Diluted EPS": 0.0,
        "Total Revenue": 38,
        "Gross Profit": 23,
        "Operating Income": 0,
        "EBIT": 6,
        "Net Income": 0
    },
    "2011-12-31": {
        "Diluted EPS": 0.02,
        "Total Revenue": 38,
        "Gross Profit": 23,
        "Operating Income": 2,
        "EBIT": 8,
        "Net Income": 1
    },
    "2011-09-30": {
        "Diluted EPS": -0.03,
        "Total Revenue": 33,
        "Gross Profit": 18,
        "Operating Income": -1,
        "EBIT": 4,
        "Net Income": -1
    },
    "2011-06-30": {
        "Diluted EPS": -0.11,
        "Total Revenue": 28,
        "Gross Profit": 15,
        "Operating Income": -5,
        "EBIT": -2,
        "Net Income": -4
    },
    "2011-03-31": {
        "Diluted EPS": 0.35,
        "Total Revenue": 60,
        "Gross Profit": 40,
        "Operating Income": 18,
        "EBIT": 21,
        "Net Income": 11
    },
    "2010-12-31": {
        "Diluted EPS": 0.0,
        "Total Revenue": 32,
        "Gross Profit": 18,
        "Operating Income": -1,
        "EBIT": 3,
        "Net Income": 0
    },
    "2010-09-30": {
        "Diluted EPS": -0.21,
        "Total Revenue": 28,
        "Gross Profit": 15,
        "Operating Income": -3,
        "EBIT": 0,
        "Net Income": -6
    },
    "2010-06-30": {
        "Diluted EPS": -0.09,
        "Total Revenue": 25,
        "Gross Profit": 13,
        "Operating Income": -8,
        "EBIT": -4,
        "Net Income": -2
    },
    "2010-03-31": {
        "Diluted EPS": -0.09,
        "Total Revenue": 28,
        "Gross Profit": 16,
        "Operating Income": -4,
        "EBIT": -2,
        "Net Income": -3
    },
    "2009-12-31": {
        "Diluted EPS": 0.65,
        "Total Revenue": 67,
        "Gross Profit": 48,
        "Operating Income": 32,
        "EBIT": 34,
        "Net Income": 20
    },
    "2009-09-30": {
        "Diluted EPS": 0.5,
        "Total Revenue": 56,
        "Gross Profit": 38,
        "Operating Income": 24,
        "EBIT": 26,
        "Net Income": 15
    },
    "2009-06-30": {
        "Diluted EPS": 0.02,
        "Total Revenue": 25,
        "Gross Profit": 15,
        "Operating Income": 1,
        "EBIT": 2,
        "Net Income": 1
    },
    "2009-03-31": {
        "Diluted EPS": -0.09,
        "Total Revenue": 17,
        "Gross Profit": 8,
        "Operating Income": -5,
        "EBIT": -3,
        "Net Income": -3
    },
    "2023-06-30": {
        "Tax Effect Of Unusual Items": -2958000.0,
        "Tax Rate For Calcs": 0.174,
        "Normalized EBITDA": 111800000.0,
        "Total Unusual Items": -17000000.0,
        "Total Unusual Items Excluding Goodwill": -17000000.0,
        "Net Income From Continuing Operation Net Minority Interest": -53200000.0,
        "Reconciled Depreciation": 114500000.0,
        "Reconciled Cost Of Revenue": 305600000.0,
        "EBITDA": 94800000.0,
        "EBIT": -19700000.0,
        "Net Interest Income": -43700000.0,
        "Interest Expense": 44700000.0,
        "Interest Income": 1800000.0,
        "Normalized Income": -39158000.0,
        "Net Income From Continuing And Discontinued Operation": -53200000.0,
        "Total Expenses": 667800000.0,
        "Total Operating Income As Reported": -26900000.0,
        "Diluted NI Availto Com Stockholders": -53200000.0,
        "Net Income Common Stockholders": -53200000.0,
        "Net Income": -53200000.0,
        "Net Income Including Noncontrolling Interests": -53200000.0,
        "Net Income Continuous Operations": -53200000.0,
        "Tax Provision": -11200000.0,
        "Pretax Income": -64400000.0,
        "Other Income Expense": -18000000.0,
        "Other Non Operating Income Expenses": -1000000.0,
        "Special Income Charges": -24200000.0,
        "Other Special Charges": NaN,
        "Restructuring And Mergern Acquisition": 24200000.0,
        "Gain On Sale Of Security": 7200000.0,
        "Net Non Operating Interest Income Expense": -43700000.0,
        "Total Other Finance Cost": 800000.0,
        "Interest Expense Non Operating": 44700000.0,
        "Interest Income Non Operating": 1800000.0,
        "Operating Income": -2700000.0,
        "Operating Expense": 299100000.0,
        "Other Operating Expenses": 5800000.0,
        "Depreciation Amortization Depletion Income Statement": 51400000.0,
        "Depreciation And Amortization In Income Statement": 51400000.0,
        "Amortization": 51400000.0,
        "Amortization Of Intangibles Income Statement": 51400000.0,
        "Research And Development": 62800000.0,
        "Selling General And Administration": 179100000.0,
        "Gross Profit": 296400000.0,
        "Cost Of Revenue": 368700000.0,
        "Total Revenue": 665100000.0,
        "Operating Revenue": 665100000.0
    },
    "2023-09-30": {
        "Tax Effect Of Unusual Items": -3251612.903226,
        "Tax Rate For Calcs": 0.180645,
        "Normalized EBITDA": 162200000.0,
        "Total Unusual Items": -18000000.0,
        "Total Unusual Items Excluding Goodwill": -18000000.0,
        "Net Income From Continuing Operation Net Minority Interest": -12700000.0,
        "Reconciled Depreciation": 113100000.0,
        "Reconciled Cost Of Revenue": 314200000.0,
        "EBITDA": 144200000.0,
        "EBIT": 31100000.0,
        "Net Interest Income": -46200000.0,
        "Interest Expense": 46600000.0,
        "Interest Income": 1300000.0,
        "Normalized Income": 2048387.096774,
        "Net Income From Continuing And Discontinued Operation": -12700000.0,
        "Total Expenses": 691200000.0,
        "Total Operating Income As Reported": 26300000.0,
        "Diluted NI Availto Com Stockholders": -12700000.0,
        "Net Income Common Stockholders": -12700000.0,
        "Net Income": -12700000.0,
        "Net Income Including Noncontrolling Interests": -12700000.0,
        "Net Income Continuous Operations": -12700000.0,
        "Tax Provision": -2800000.0,
        "Pretax Income": -15500000.0,
        "Other Income Expense": -22100000.0,
        "Other Non Operating Income Expenses": -4100000.0,
        "Special Income Charges": -26500000.0,
        "Other Special Charges": NaN,
        "Restructuring And Mergern Acquisition": 26500000.0,
        "Gain On Sale Of Security": 8500000.0,
        "Net Non Operating Interest Income Expense": -46200000.0,
        "Total Other Finance Cost": 900000.0,
        "Interest Expense Non Operating": 46600000.0,
        "Interest Income Non Operating": 1300000.0,
        "Operating Income": 52800000.0,
        "Operating Expense": 315300000.0,
        "Other Operating Expenses": 7400000.0,
        "Depreciation Amortization Depletion Income Statement": 51400000.0,
        "Depreciation And Amortization In Income Statement": 51400000.0,
        "Amortization": 51400000.0,
        "Amortization Of Intangibles Income Statement": 51400000.0,
        "Research And Development": 62400000.0,
        "Selling General And Administration": 194100000.0,
        "Gross Profit": 368100000.0,
        "Cost Of Revenue": 375900000.0,
        "Total Revenue": 744000000.0,
        "Operating Revenue": 744000000.0
    }
}