{
    "2023-03-31": {
        "Tax Effect Of Unusual Items": -1278420.0,
        "Tax Rate For Calcs": 0.22,
        "Normalized EBITDA": 181113000.0,
        "Total Unusual Items": -5811000.0,
        "Total Unusual Items Excluding Goodwill": -5811000.0,
        "Net Income From Continuing Operation Net Minority Interest": 85035000.0,
        "Reconciled Depreciation": 52061000.0,
        "Reconciled Cost Of Revenue": 128518000.0,
        "EBITDA": 175302000.0,
        "EBIT": 123241000.0,
        "Net Interest Income": 3554000.0,
        "Interest Expense": 14454000.0,
        "Interest Income": 18008000.0,
        "Normalized Income": 89567580.0,
        "Net Income From Continuing And Discontinued Operation": 85035000.0,
        "Total Expenses": 382877000.0,
        "Total Operating Income As Reported": 96710000.0,
        "Diluted Average Shares": 230602000.0,
        "Basic Average Shares": 227894000.0,
        "Diluted EPS": 0.37,
        "Basic EPS": 0.37,
        "Diluted NI Availto Com Stockholders": 85035000.0,
        "Net Income Common Stockholders": 85035000.0,
        "Net Income": 85035000.0,
        "Net Income Including Noncontrolling Interests": 85035000.0,
        "Net Income Continuous Operations": 85035000.0,
        "Tax Provision": 23752000.0,
        "Pretax Income": 108787000.0,
        "Other Income Expense": 2712000.0,
        "Other Non Operating Income Expenses": 8523000.0,
        "Special Income Charges": -5811000.0,
        "Restructuring And Mergern Acquisition": 5811000.0,
        "Net Non Operating Interest Income Expense": 3554000.0,
        "Interest Expense Non Operating": 14454000.0,
        "Interest Income Non Operating": 18008000.0,
        "Operating Income": 102521000.0,
        "Operating Expense": 204955000.0,
        "Depreciation Amortization Depletion Income Statement": 2657000.0,
        "Depreciation And Amortization In Income Statement": 2657000.0,
        "Amortization": 2657000.0,
        "Amortization Of Intangibles Income Statement": 2657000.0,
        "Research And Development": 54718000.0,
        "Selling General And Administration": 147580000.0,
        "Selling And Marketing Expense": 114641000.0,
        "General And Administrative Expense": 32939000.0,
        "Other Gand A": 32939000.0,
        "Gross Profit": 307476000.0,
        "Cost Of Revenue": 177922000.0,
        "Total Revenue": 485398000.0,
        "Operating Revenue": 485398000.0
    },
    "2022-12-31": {
        "Tax Effect Of Unusual Items": -1288320.0,
        "Tax Rate For Calcs": 0.16,
        "Normalized EBITDA": 134733000.0,
        "Total Unusual Items": -8052000.0,
        "Total Unusual Items Excluding Goodwill": -8052000.0,
        "Net Income From Continuing Operation Net Minority Interest": 88844000.0,
        "Reconciled Depreciation": 5969000.0,
        "Reconciled Cost Of Revenue": 180460000.0,
        "EBITDA": 126681000.0,
        "EBIT": 120712000.0,
        "Net Interest Income": 1387000.0,
        "Interest Expense": 14875000.0,
        "Interest Income": 16262000.0,
        "Normalized Income": 95607680.0,
        "Net Income From Continuing And Discontinued Operation": 88844000.0,
        "Total Expenses": 385359000.0,
        "Total Operating Income As Reported": 104573000.0,
        "Diluted Average Shares": 230357000.0,
        "Basic Average Shares": 227716433.0,
        "Diluted EPS": 0.39,
        "Basic EPS": 0.390152,
        "Diluted NI Availto Com Stockholders": 88844000.0,
        "Net Income Common Stockholders": 88844000.0,
        "Net Income": 88844000.0,
        "Net Income Including Noncontrolling Interests": 88844000.0,
        "Net Income Continuous Operations": 88844000.0,
        "Tax Provision": 16993000.0,
        "Pretax Income": 105837000.0,
        "Other Income Expense": -8175000.0,
        "Other Non Operating Income Expenses": -123000.0,
        "Special Income Charges": -8052000.0,
        "Restructuring And Mergern Acquisition": 8052000.0,
        "Net Non Operating Interest Income Expense": 1387000.0,
        "Interest Expense Non Operating": 14875000.0,
        "Interest Income Non Operating": 16262000.0,
        "Operating Income": 112625000.0,
        "Operating Expense": 204899000.0,
        "Depreciation Amortization Depletion Income Statement": 5969000.0,
        "Depreciation And Amortization In Income Statement": 5969000.0,
        "Amortization": 5969000.0,
        "Amortization Of Intangibles Income Statement": 5969000.0,
        "Research And Development": 44719000.0,
        "Selling General And Administration": 154211000.0,
        "Selling And Marketing Expense": 122244000.0,
        "General And Administrative Expense": 31967000.0,
        "Other Gand A": 31967000.0,
        "Gross Profit": 317524000.0,
        "Cost Of Revenue": 180460000.0,
        "Total Revenue": 497984000.0,
        "Operating Revenue": 497984000.0
    },
    "2022-09-30": {
        "Tax Effect Of Unusual Items": -3649282.099501,
        "Tax Rate For Calcs": 0.139201,
        "Normalized EBITDA": 188538000.0,
        "Total Unusual Items": -26216000.0,
        "Total Unusual Items Excluding Goodwill": -26216000.0,
        "Net Income From Continuing Operation Net Minority Interest": 82394000.0,
        "Reconciled Depreciation": 50317000.0,
        "Reconciled Cost Of Revenue": 131109000.0,
        "EBITDA": 162322000.0,
        "EBIT": 112005000.0,
        "Net Interest Income": -6352000.0,
        "Interest Expense": 16287000.0,
        "Interest Income": 9935000.0,
        "Normalized Income": 104960717.900499,
        "Net Income From Continuing And Discontinued Operation": 82394000.0,
        "Total Expenses": 375756000.0,
        "Total Operating Income As Reported": 97659000.0,
        "Diluted Average Shares": 230084000.0,
        "Basic Average Shares": 227753000.0,
        "Diluted EPS": 0.36,
        "Basic EPS": 0.36,
        "Diluted NI Availto Com Stockholders": 82394000.0,
        "Net Income Common Stockholders": 82394000.0,
        "Net Income": 82394000.0,
        "Net Income Including Noncontrolling Interests": 82394000.0,
        "Net Income Continuous Operations": 82394000.0,
        "Tax Provision": 13324000.0,
        "Pretax Income": 95718000.0,
        "Other Income Expense": -21805000.0,
        "Other Non Operating Income Expenses": 4411000.0,
        "Special Income Charges": -26216000.0,
        "Restructuring And Mergern Acquisition": 26216000.0,
        "Net Non Operating Interest Income Expense": -6352000.0,
        "Interest Expense Non Operating": 16287000.0,
        "Interest Income Non Operating": 9935000.0,
        "Operating Income": 123875000.0,
        "Operating Expense": 197176000.0,
        "Depreciation Amortization Depletion Income Statement": 2846000.0,
        "Depreciation And Amortization In Income Statement": 2846000.0,
        "Amortization": 2846000.0,
        "Amortization Of Intangibles Income Statement": 2846000.0,
        "Research And Development": 48868000.0,
        "Selling General And Administration": 145462000.0,
        "Selling And Marketing Expense": 114582000.0,
        "General And Administrative Expense": 30880000.0,
        "Other Gand A": 30880000.0,
        "Gross Profit": 321051000.0,
        "Cost Of Revenue": 178580000.0,
        "Total Revenue": 499631000.0,
        "Operating Revenue": 499631000.0
    },
    "2022-06-30": {
        "Tax Effect Of Unusual Items": -775263.356532,
        "Tax Rate For Calcs": 0.163282,
        "Normalized EBITDA": 184341000.0,
        "Total Unusual Items": -4748000.0,
        "Total Unusual Items Excluding Goodwill": -4748000.0,
        "Net Income From Continuing Operation Net Minority Interest": 96661000.0,
        "Reconciled Depreciation": 50410000.0,
        "Reconciled Cost Of Revenue": 136883000.0,
        "EBITDA": 179593000.0,
        "EBIT": 129183000.0,
        "Net Interest Income": -9321000.0,
        "Interest Expense": 13659000.0,
        "Interest Income": 4338000.0,
        "Normalized Income": 100633736.643468,
        "Net Income From Continuing And Discontinued Operation": 96661000.0,
        "Total Expenses": 388607000.0,
        "Total Operating Income As Reported": 122157000.0,
        "Diluted Average Shares": 229938000.0,
        "Basic Average Shares": 227694000.0,
        "Diluted EPS": 0.42,
        "Basic EPS": 0.424522,
        "Diluted NI Availto Com Stockholders": 96661000.0,
        "Net Income Common Stockholders": 96661000.0,
        "Net Income": 96661000.0,
        "Net Income Including Noncontrolling Interests": 96661000.0,
        "Net Income Continuous Operations": 96661000.0,
        "Tax Provision": 18863000.0,
        "Pretax Income": 115524000.0,
        "Other Income Expense": -2060000.0,
        "Other Non Operating Income Expenses": 2688000.0,
        "Special Income Charges": -4748000.0,
        "Restructuring And Mergern Acquisition": 4748000.0,
        "Net Non Operating Interest Income Expense": -9321000.0,
        "Interest Expense Non Operating": 13659000.0,
        "Interest Income Non Operating": 4338000.0,
        "Operating Income": 126905000.0,
        "Operating Expense": 204113000.0,
        "Depreciation Amortization Depletion Income Statement": 2799000.0,
        "Depreciation And Amortization In Income Statement": 2799000.0,
        "Amortization": 2799000.0,
        "Amortization Of Intangibles Income Statement": 2799000.0,
        "Research And Development": 49896000.0,
        "Selling General And Administration": 151418000.0,
        "Selling And Marketing Expense": 118890000.0,
        "General And Administrative Expense": 32528000.0,
        "Other Gand A": 32528000.0,
        "Gross Profit": 331018000.0,
        "Cost Of Revenue": 184494000.0,
        "Total Revenue": 515512000.0,
        "Operating Revenue": 515512000.0
    },
    "2022-03-31": {
        "Diluted EPS": 0.67,
        "Total Revenue": 628,
        "Gross Profit": 415,
        "Operating Income": 207,
        "EBIT": 268,
        "Net Income": 155
    },
    "2021-12-31": {
        "Diluted EPS": 0.56,
        "Total Revenue": 582,
        "Gross Profit": 374,
        "Operating Income": 173,
        "EBIT": 232,
        "Net Income": 129
    },
    "2021-09-30": {
        "Diluted EPS": 0.57,
        "Total Revenue": 535,
        "Gross Profit": 337,
        "Operating Income": 132,
        "EBIT": 193,
        "Net Income": 133
    },
    "2021-06-30": {
        "Diluted EPS": 0.52,
        "Total Revenue": 567,
        "Gross Profit": 369,
        "Operating Income": 161,
        "EBIT": 224,
        "Net Income": 121
    },
    "2021-03-31": {
        "Diluted EPS": 0.56,
        "Total Revenue": 567,
        "Gross Profit": 371,
        "Operating Income": 164,
        "EBIT": 227,
        "Net Income": 129
    },
    "2020-12-31": {
        "Diluted EPS": 0.91,
        "Total Revenue": 571,
        "Gross Profit": 373,
        "Operating Income": 156,
        "EBIT": 224,
        "Net Income": 213
    },
    "2020-09-30": {
        "Diluted EPS": 0.07,
        "Total Revenue": 484,
        "Gross Profit": 321,
        "Operating Income": 45,
        "EBIT": 107,
        "Net Income": 17
    },
    "2020-06-30": {
        "Diluted EPS": 0.38,
        "Total Revenue": 443,
        "Gross Profit": 295,
        "Operating Income": 119,
        "EBIT": 178,
        "Net Income": 90
    },
    "2020-03-31": {
        "Diluted EPS": 0.17,
        "Total Revenue": 372,
        "Gross Profit": 244,
        "Operating Income": 67,
        "EBIT": 126,
        "Net Income": 40
    },
    "2019-12-31": {
        "Diluted EPS": 0.21,
        "Total Revenue": 413,
        "Gross Profit": 280,
        "Operating Income": 80,
        "EBIT": 143,
        "Net Income": 45
    },
    "2019-09-30": {
        "Diluted EPS": -0.71,
        "Total Revenue": 383,
        "Gross Profit": 255,
        "Operating Income": -207,
        "EBIT": -141,
        "Net Income": -161
    },
    "2019-06-30": {
        "Diluted EPS": 0.19,
        "Total Revenue": 382,
        "Gross Profit": 246,
        "Operating Income": 60,
        "EBIT": 132,
        "Net Income": 45
    },
    "2019-03-31": {
        "Diluted EPS": 0.13,
        "Total Revenue": 349,
        "Gross Profit": 225,
        "Operating Income": 41,
        "EBIT": 113,
        "Net Income": 30
    },
    "2018-12-31": {
        "Diluted EPS": 0.26,
        "Total Revenue": 403,
        "Gross Profit": 265,
        "Operating Income": 88,
        "EBIT": 148,
        "Net Income": 61
    },
    "2018-09-30": {
        "Diluted EPS": 0.26,
        "Total Revenue": 378,
        "Gross Profit": 257,
        "Operating Income": 77,
        "EBIT": 134,
        "Net Income": 60
    },
    "2018-06-30": {
        "Diluted EPS": 0.16,
        "Total Revenue": 377,
        "Gross Profit": 254,
        "Operating Income": 53,
        "EBIT": 117,
        "Net Income": 37
    },
    "2018-03-31": {
        "Diluted EPS": 0.14,
        "Total Revenue": 344,
        "Gross Profit": 226,
        "Operating Income": 48,
        "EBIT": 109,
        "Net Income": 32
    },
    "2017-12-31": {
        "Diluted EPS": -0.18,
        "Total Revenue": 397,
        "Gross Profit": 261,
        "Operating Income": 43,
        "EBIT": 105,
        "Net Income": -40
    },
    "2017-09-30": {
        "Diluted EPS": 0.21,
        "Total Revenue": 364,
        "Gross Profit": 241,
        "Operating Income": 64,
        "EBIT": 122,
        "Net Income": 48
    },
    "2017-06-30": {
        "Diluted EPS": 0.06,
        "Total Revenue": 349,
        "Gross Profit": 225,
        "Operating Income": 22,
        "EBIT": 84,
        "Net Income": 14
    },
    "2017-03-31": {
        "Diluted EPS": 0.08,
        "Total Revenue": 308,
        "Gross Profit": 196,
        "Operating Income": 24,
        "EBIT": 84,
        "Net Income": 18
    },
    "2016-12-31": {
        "Diluted EPS": 0.03,
        "Total Revenue": 367,
        "Gross Profit": 228,
        "Operating Income": 4,
        "EBIT": 66,
        "Net Income": 9
    },
    "2016-09-30": {
        "Diluted EPS": 0.15,
        "Total Revenue": 339,
        "Gross Profit": 221,
        "Operating Income": 48,
        "EBIT": 107,
        "Net Income": 35
    },
    "2016-06-30": {
        "Diluted EPS": 0.09,
        "Total Revenue": 334,
        "Gross Profit": 211,
        "Operating Income": 30,
        "EBIT": 87,
        "Net Income": 21
    },
    "2016-03-31": {
        "Diluted EPS": 0.07,
        "Total Revenue": 298,
        "Gross Profit": 185,
        "Operating Income": 17,
        "EBIT": 72,
        "Net Income": 16
    },
    "2015-12-31": {
        "Diluted EPS": 0.21,
        "Total Revenue": 349,
        "Gross Profit": 224,
        "Operating Income": 58,
        "EBIT": 115,
        "Net Income": 52
    },
    "2015-09-30": {
        "Diluted EPS": 0.15,
        "Total Revenue": 315,
        "Gross Profit": 205,
        "Operating Income": 46,
        "EBIT": 101,
        "Net Income": 34
    },
    "2015-06-30": {
        "Diluted EPS": 0.11,
        "Total Revenue": 319,
        "Gross Profit": 201,
        "Operating Income": 40,
        "EBIT": 89,
        "Net Income": 25
    },
    "2015-03-31": {
        "Diluted EPS": 0.08,
        "Total Revenue": 298,
        "Gross Profit": 198,
        "Operating Income": 35,
        "EBIT": 86,
        "Net Income": 19
    },
    "2014-12-31": {
        "Diluted EPS": 0.09,
        "Total Revenue": 360,
        "Gross Profit": 216,
        "Operating Income": 21,
        "EBIT": 88,
        "Net Income": 26
    },
    "2014-09-30": {
        "Diluted EPS": 0.15,
        "Total Revenue": 336,
        "Gross Profit": 223,
        "Operating Income": 50,
        "EBIT": 102,
        "Net Income": 35
    },
    "2014-06-30": {
        "Diluted EPS": 0.15,
        "Total Revenue": 331,
        "Gross Profit": 216,
        "Operating Income": 48,
        "EBIT": 97,
        "Net Income": 33
    },
    "2014-03-31": {
        "Diluted EPS": 0.1,
        "Total Revenue": 317,
        "Gross Profit": 210,
        "Operating Income": 42,
        "EBIT": 91,
        "Net Income": 23
    },
    "2013-12-31": {
        "Diluted EPS": 0.27,
        "Total Revenue": 361,
        "Gross Profit": 236,
        "Operating Income": 34,
        "EBIT": 88,
        "Net Income": 60
    },
    "2013-09-30": {
        "Diluted EPS": 0.18,
        "Total Revenue": 322,
        "Gross Profit": 211,
        "Operating Income": 34,
        "EBIT": 85,
        "Net Income": 41
    },
    "2013-06-30": {
        "Diluted EPS": -0.23,
        "Total Revenue": 315,
        "Gross Profit": 169,
        "Operating Income": -34,
        "EBIT": 15,
        "Net Income": -52
    },
    "2013-03-31": {
        "Diluted EPS": 0.08,
        "Total Revenue": 304,
        "Gross Profit": 200,
        "Operating Income": 29,
        "EBIT": 74,
        "Net Income": 20
    },
    "2012-12-31": {
        "Diluted EPS": 0.17,
        "Total Revenue": 347,
        "Gross Profit": 233,
        "Operating Income": 49,
        "EBIT": 103,
        "Net Income": 38
    },
    "2012-09-30": {
        "Diluted EPS": 0.13,
        "Total Revenue": 304,
        "Gross Profit": 199,
        "Operating Income": 39,
        "EBIT": 89,
        "Net Income": 29
    },
    "2012-06-30": {
        "Diluted EPS": 0.15,
        "Total Revenue": 307,
        "Gross Profit": 203,
        "Operating Income": 45,
        "EBIT": 94,
        "Net Income": 33
    },
    "2012-03-31": {
        "Diluted EPS": 0.13,
        "Total Revenue": 296,
        "Gross Profit": 189,
        "Operating Income": 36,
        "EBIT": 82,
        "Net Income": 29
    },
    "2011-12-31": {
        "Diluted EPS": -0.01,
        "Total Revenue": 334,
        "Gross Profit": 202,
        "Operating Income": -20,
        "EBIT": 27,
        "Net Income": 0
    },
    "2011-09-30": {
        "Diluted EPS": 0.16,
        "Total Revenue": 289,
        "Gross Profit": 188,
        "Operating Income": 34,
        "EBIT": 77,
        "Net Income": 35
    },
    "2011-06-30": {
        "Diluted EPS": 0.15,
        "Total Revenue": 282,
        "Gross Profit": 188,
        "Operating Income": 46,
        "EBIT": 85,
        "Net Income": 33
    },
    "2011-03-31": {
        "Diluted EPS": 0.13,
        "Total Revenue": 264,
        "Gross Profit": 172,
        "Operating Income": 38,
        "EBIT": 77,
        "Net Income": 28
    },
    "2010-12-31": {
        "Diluted EPS": 0.16,
        "Total Revenue": 286,
        "Gross Profit": 189,
        "Operating Income": 51,
        "EBIT": 89,
        "Net Income": 36
    },
    "2010-09-30": {
        "Diluted EPS": 0.16,
        "Total Revenue": 274,
        "Gross Profit": 181,
        "Operating Income": 50,
        "EBIT": 50,
        "Net Income": 36
    },
    "2010-06-30": {
        "Diluted EPS": 0.17,
        "Total Revenue": 263,
        "Gross Profit": 173,
        "Operating Income": 43,
        "EBIT": 43,
        "Net Income": 39
    },
    "2010-03-31": {
        "Diluted EPS": 0.15,
        "Total Revenue": 264,
        "Gross Profit": 173,
        "Operating Income": 45,
        "EBIT": 79,
        "Net Income": 33
    },
    "2009-12-31": {
        "Diluted EPS": 0.19,
        "Total Revenue": 289,
        "Gross Profit": 188,
        "Operating Income": 35,
        "EBIT": 69,
        "Net Income": 44
    },
    "2009-09-30": {
        "Diluted EPS": 0.19,
        "Total Revenue": 260,
        "Gross Profit": 173,
        "Operating Income": 53,
        "EBIT": 53,
        "Net Income": 38
    },
    "2009-06-30": {
        "Diluted EPS": 0.16,
        "Total Revenue": 240,
        "Gross Profit": 160,
        "Operating Income": 51,
        "EBIT": 51,
        "Net Income": 31
    },
    "2009-03-31": {
        "Diluted EPS": 0.13,
        "Total Revenue": 221,
        "Gross Profit": 146,
        "Operating Income": 41,
        "EBIT": 68,
        "Net Income": 25
    },
    "2023-06-30": {
        "Tax Effect Of Unusual Items": -1806420.0,
        "Tax Rate For Calcs": 0.21,
        "Normalized EBITDA": 175551000.0,
        "Total Unusual Items": -8602000.0,
        "Total Unusual Items Excluding Goodwill": -8602000.0,
        "Net Income From Continuing Operation Net Minority Interest": 80786000.0,
        "Reconciled Depreciation": 51136000.0,
        "Reconciled Cost Of Revenue": 134271000.0,
        "EBITDA": 166949000.0,
        "EBIT": 115813000.0,
        "Net Interest Income": 7846000.0,
        "Interest Expense": 13497000.0,
        "Interest Income": 21343000.0,
        "Normalized Income": 87581580.0,
        "Net Income From Continuing And Discontinued Operation": 80786000.0,
        "Total Expenses": 380823000.0,
        "Total Operating Income As Reported": 105432000.0,
        "Diluted Average Shares": 230517000.0,
        "Basic Average Shares": 228182000.0,
        "Diluted EPS": 0.35,
        "Basic EPS": 0.354042,
        "Diluted NI Availto Com Stockholders": 80786000.0,
        "Net Income Common Stockholders": 80786000.0,
        "Net Income": 80786000.0,
        "Net Income Including Noncontrolling Interests": 80786000.0,
        "Net Income Continuous Operations": 80786000.0,
        "Tax Provision": 21530000.0,
        "Pretax Income": 102316000.0,
        "Other Income Expense": -19564000.0,
        "Other Non Operating Income Expenses": -10962000.0,
        "Special Income Charges": -8602000.0,
        "Restructuring And Mergern Acquisition": 8602000.0,
        "Net Non Operating Interest Income Expense": 7846000.0,
        "Interest Expense Non Operating": 13497000.0,
        "Interest Income Non Operating": 21343000.0,
        "Operating Income": 114034000.0,
        "Operating Expense": 198118000.0,
        "Depreciation Amortization Depletion Income Statement": 2702000.0,
        "Depreciation And Amortization In Income Statement": 2702000.0,
        "Amortization": 2702000.0,
        "Amortization Of Intangibles Income Statement": 2702000.0,
        "Research And Development": 49893000.0,
        "Selling General And Administration": 145523000.0,
        "Selling And Marketing Expense": 116331000.0,
        "General And Administrative Expense": 29192000.0,
        "Other Gand A": 29192000.0,
        "Gross Profit": 312152000.0,
        "Cost Of Revenue": 182705000.0,
        "Total Revenue": 494857000.0,
        "Operating Revenue": 494857000.0
    },
    "2023-09-30": {
        "Tax Effect Of Unusual Items": -2209578.803967,
        "Tax Rate For Calcs": 0.220495,
        "Normalized EBITDA": 173438000.0,
        "Total Unusual Items": -10021000.0,
        "Total Unusual Items Excluding Goodwill": -10021000.0,
        "Net Income From Continuing Operation Net Minority Interest": 77818000.0,
        "Reconciled Depreciation": 50569000.0,
        "Reconciled Cost Of Revenue": 130078000.0,
        "EBITDA": 163417000.0,
        "EBIT": 112848000.0,
        "Net Interest Income": 7362000.0,
        "Interest Expense": 13018000.0,
        "Interest Income": 20380000.0,
        "Normalized Income": 85629421.196033,
        "Net Income From Continuing And Discontinued Operation": 77818000.0,
        "Total Expenses": 368692000.0,
        "Total Operating Income As Reported": 97181000.0,
        "Diluted Average Shares": 230613000.0,
        "Basic Average Shares": 228258000.0,
        "Diluted EPS": 0.34,
        "Basic EPS": 0.34,
        "Diluted NI Availto Com Stockholders": 77818000.0,
        "Net Income Common Stockholders": 77818000.0,
        "Net Income": 77818000.0,
        "Net Income Including Noncontrolling Interests": 77818000.0,
        "Net Income Continuous Operations": 77818000.0,
        "Tax Provision": 22012000.0,
        "Pretax Income": 99830000.0,
        "Other Income Expense": -14734000.0,
        "Other Non Operating Income Expenses": -4713000.0,
        "Special Income Charges": -10021000.0,
        "Restructuring And Mergern Acquisition": 10021000.0,
        "Net Non Operating Interest Income Expense": 7362000.0,
        "Interest Expense Non Operating": 13018000.0,
        "Interest Income Non Operating": 20380000.0,
        "Operating Income": 107202000.0,
        "Operating Expense": 190758000.0,
        "Depreciation Amortization Depletion Income Statement": 2713000.0,
        "Depreciation And Amortization In Income Statement": 2713000.0,
        "Amortization": 2713000.0,
        "Amortization Of Intangibles Income Statement": 2713000.0,
        "Research And Development": 47934000.0,
        "Selling General And Administration": 140111000.0,
        "Selling And Marketing Expense": 111462000.0,
        "General And Administrative Expense": 28649000.0,
        "Other Gand A": 28649000.0,
        "Gross Profit": 297960000.0,
        "Cost Of Revenue": 177934000.0,
        "Total Revenue": 475894000.0,
        "Operating Revenue": 475894000.0
    }
}