{
    "2023-03-31": {
        "Tax Effect Of Unusual Items": NaN,
        "Tax Rate For Calcs": NaN,
        "Normalized EBITDA": NaN,
        "Total Unusual Items": NaN,
        "Total Unusual Items Excluding Goodwill": NaN,
        "Net Income From Continuing Operation Net Minority Interest": NaN,
        "Reconciled Depreciation": NaN,
        "Reconciled Cost Of Revenue": NaN,
        "EBITDA": NaN,
        "EBIT": NaN,
        "Net Interest Income": NaN,
        "Interest Expense": NaN,
        "Normalized Income": NaN,
        "Net Income From Continuing And Discontinued Operation": NaN,
        "Total Expenses": NaN,
        "Total Operating Income As Reported": NaN,
        "Diluted Average Shares": NaN,
        "Basic Average Shares": NaN,
        "Diluted EPS": NaN,
        "Basic EPS": NaN,
        "Diluted NI Availto Com Stockholders": NaN,
        "Net Income Common Stockholders": NaN,
        "Net Income": NaN,
        "Net Income Including Noncontrolling Interests": NaN,
        "Net Income Continuous Operations": NaN,
        "Tax Provision": NaN,
        "Pretax Income": NaN,
        "Other Income Expense": NaN,
        "Special Income Charges": NaN,
        "Gain On Sale Of Ppe": NaN,
        "Other Special Charges": 30000.0,
        "Write Off": NaN,
        "Restructuring And Mergern Acquisition": NaN,
        "Earnings From Equity Interest": NaN,
        "Gain On Sale Of Security": NaN,
        "Net Non Operating Interest Income Expense": NaN,
        "Total Other Finance Cost": NaN,
        "Interest Expense Non Operating": NaN,
        "Operating Income": NaN,
        "Operating Expense": NaN,
        "Other Operating Expenses": NaN,
        "Provision For Doubtful Accounts": 2482000.0,
        "Depreciation Amortization Depletion Income Statement": NaN,
        "Depreciation And Amortization In Income Statement": NaN,
        "Amortization": NaN,
        "Amortization Of Intangibles Income Statement": NaN,
        "Depreciation Income Statement": NaN,
        "Selling General And Administration": NaN,
        "Selling And Marketing Expense": NaN,
        "General And Administrative Expense": NaN,
        "Other Gand A": NaN,
        "Insurance And Claims": NaN,
        "Salaries And Wages": NaN,
        "Gross Profit": NaN,
        "Cost Of Revenue": NaN,
        "Total Revenue": NaN,
        "Operating Revenue": NaN
    },
    "2022-12-31": {
        "Tax Effect Of Unusual Items": NaN,
        "Tax Rate For Calcs": NaN,
        "Normalized EBITDA": NaN,
        "Total Unusual Items": NaN,
        "Total Unusual Items Excluding Goodwill": NaN,
        "Net Income From Continuing Operation Net Minority Interest": NaN,
        "Reconciled Depreciation": NaN,
        "Reconciled Cost Of Revenue": NaN,
        "EBITDA": NaN,
        "EBIT": NaN,
        "Net Interest Income": NaN,
        "Interest Expense": 712000.0,
        "Normalized Income": NaN,
        "Net Income From Continuing And Discontinued Operation": NaN,
        "Total Expenses": NaN,
        "Total Operating Income As Reported": NaN,
        "Diluted Average Shares": NaN,
        "Basic Average Shares": NaN,
        "Diluted EPS": NaN,
        "Basic EPS": NaN,
        "Diluted NI Availto Com Stockholders": NaN,
        "Net Income Common Stockholders": NaN,
        "Net Income": NaN,
        "Net Income Including Noncontrolling Interests": NaN,
        "Net Income Continuous Operations": NaN,
        "Tax Provision": NaN,
        "Pretax Income": NaN,
        "Other Income Expense": NaN,
        "Special Income Charges": NaN,
        "Gain On Sale Of Ppe": NaN,
        "Other Special Charges": NaN,
        "Write Off": NaN,
        "Restructuring And Mergern Acquisition": NaN,
        "Earnings From Equity Interest": NaN,
        "Gain On Sale Of Security": NaN,
        "Net Non Operating Interest Income Expense": NaN,
        "Total Other Finance Cost": NaN,
        "Interest Expense Non Operating": 712000.0,
        "Operating Income": NaN,
        "Operating Expense": NaN,
        "Other Operating Expenses": NaN,
        "Provision For Doubtful Accounts": 2283000.0,
        "Depreciation Amortization Depletion Income Statement": NaN,
        "Depreciation And Amortization In Income Statement": NaN,
        "Amortization": NaN,
        "Amortization Of Intangibles Income Statement": NaN,
        "Depreciation Income Statement": NaN,
        "Selling General And Administration": NaN,
        "Selling And Marketing Expense": NaN,
        "General And Administrative Expense": NaN,
        "Other Gand A": NaN,
        "Insurance And Claims": NaN,
        "Salaries And Wages": NaN,
        "Gross Profit": NaN,
        "Cost Of Revenue": NaN,
        "Total Revenue": NaN,
        "Operating Revenue": NaN
    },
    "2022-09-30": {
        "Tax Effect Of Unusual Items": NaN,
        "Tax Rate For Calcs": NaN,
        "Normalized EBITDA": NaN,
        "Total Unusual Items": NaN,
        "Total Unusual Items Excluding Goodwill": NaN,
        "Net Income From Continuing Operation Net Minority Interest": NaN,
        "Reconciled Depreciation": NaN,
        "Reconciled Cost Of Revenue": NaN,
        "EBITDA": NaN,
        "EBIT": NaN,
        "Net Interest Income": NaN,
        "Interest Expense": 572000.0,
        "Normalized Income": NaN,
        "Net Income From Continuing And Discontinued Operation": NaN,
        "Total Expenses": NaN,
        "Total Operating Income As Reported": NaN,
        "Diluted Average Shares": NaN,
        "Basic Average Shares": NaN,
        "Diluted EPS": NaN,
        "Basic EPS": NaN,
        "Diluted NI Availto Com Stockholders": NaN,
        "Net Income Common Stockholders": NaN,
        "Net Income": NaN,
        "Net Income Including Noncontrolling Interests": NaN,
        "Net Income Continuous Operations": NaN,
        "Tax Provision": NaN,
        "Pretax Income": NaN,
        "Other Income Expense": NaN,
        "Other Non Operating Income Expenses": -527000.0,
        "Special Income Charges": NaN,
        "Gain On Sale Of Ppe": NaN,
        "Other Special Charges": -350000.0,
        "Write Off": NaN,
        "Restructuring And Mergern Acquisition": NaN,
        "Earnings From Equity Interest": NaN,
        "Gain On Sale Of Security": NaN,
        "Net Non Operating Interest Income Expense": NaN,
        "Total Other Finance Cost": NaN,
        "Interest Expense Non Operating": 572000.0,
        "Operating Income": NaN,
        "Operating Expense": NaN,
        "Other Operating Expenses": NaN,
        "Provision For Doubtful Accounts": NaN,
        "Depreciation Amortization Depletion Income Statement": NaN,
        "Depreciation And Amortization In Income Statement": NaN,
        "Amortization": NaN,
        "Amortization Of Intangibles Income Statement": NaN,
        "Depreciation Income Statement": NaN,
        "Selling General And Administration": NaN,
        "Selling And Marketing Expense": NaN,
        "General And Administrative Expense": NaN,
        "Other Gand A": NaN,
        "Insurance And Claims": NaN,
        "Salaries And Wages": NaN,
        "Gross Profit": NaN,
        "Cost Of Revenue": NaN,
        "Total Revenue": NaN,
        "Operating Revenue": NaN
    },
    "2022-06-30": {
        "Tax Effect Of Unusual Items": -1403600.0,
        "Tax Rate For Calcs": 0.4,
        "Normalized EBITDA": 9712000.0,
        "Total Unusual Items": -3509000.0,
        "Total Unusual Items Excluding Goodwill": -3509000.0,
        "Net Income From Continuing Operation Net Minority Interest": 163000.0,
        "Reconciled Depreciation": 5362000.0,
        "Reconciled Cost Of Revenue": 8907000.0,
        "EBITDA": 6203000.0,
        "EBIT": 840000.0,
        "Net Interest Income": -522000.0,
        "Interest Expense": 522000.0,
        "Normalized Income": 2268400.0,
        "Net Income From Continuing And Discontinued Operation": 163000.0,
        "Total Expenses": 32520000.0,
        "Total Operating Income As Reported": 619000.0,
        "Diluted Average Shares": 37863000.0,
        "Basic Average Shares": 33559000.0,
        "Diluted EPS": 0.004305,
        "Basic EPS": 0.004857,
        "Diluted NI Availto Com Stockholders": 163000.0,
        "Net Income Common Stockholders": 163000.0,
        "Net Income": 163000.0,
        "Net Income Including Noncontrolling Interests": 163000.0,
        "Net Income Continuous Operations": 163000.0,
        "Tax Provision": 155000.0,
        "Pretax Income": 318000.0,
        "Other Income Expense": -3332000.0,
        "Other Non Operating Income Expenses": 177000.0,
        "Special Income Charges": -3553000.0,
        "Gain On Sale Of Ppe": 7000.0,
        "Other Special Charges": NaN,
        "Write Off": 3404000.0,
        "Restructuring And Mergern Acquisition": 156000.0,
        "Gain On Sale Of Security": 44000.0,
        "Net Non Operating Interest Income Expense": -522000.0,
        "Total Other Finance Cost": NaN,
        "Interest Expense Non Operating": 522000.0,
        "Operating Income": 4172000.0,
        "Operating Expense": 23614000.0,
        "Other Operating Expenses": NaN,
        "Depreciation Amortization Depletion Income Statement": 5363000.0,
        "Depreciation And Amortization In Income Statement": 5363000.0,
        "Amortization": 761000.0,
        "Amortization Of Intangibles Income Statement": 761000.0,
        "Depreciation Income Statement": 4602000.0,
        "Selling General And Administration": 18251000.0,
        "Selling And Marketing Expense": 1062000.0,
        "General And Administrative Expense": 17189000.0,
        "Other Gand A": 5446000.0,
        "Salaries And Wages": 11743000.0,
        "Gross Profit": 27786000.0,
        "Cost Of Revenue": 8906000.0,
        "Total Revenue": 36692000.0,
        "Operating Revenue": 36692000.0
    },
    "2022-03-31": {
        "Diluted EPS": 0.14,
        "Total Revenue": 34,
        "Gross Profit": 26,
        "Operating Income": 4,
        "EBIT": 10,
        "Net Income": 5
    },
    "2021-12-31": {
        "Diluted EPS": -0.06,
        "Total Revenue": 30,
        "Gross Profit": 22,
        "Operating Income": -1,
        "EBIT": 4,
        "Net Income": -2
    },
    "2021-09-30": {
        "Diluted EPS": 0.0,
        "Total Revenue": 29,
        "Gross Profit": 21,
        "Operating Income": -29,
        "EBIT": -23,
        "Net Income": -1
    },
    "2021-06-30": {
        "Diluted EPS": 0.19,
        "Total Revenue": 26,
        "Gross Profit": 18,
        "Operating Income": -1,
        "EBIT": 4,
        "Net Income": 6
    },
    "2021-03-31": {
        "Diluted EPS": -0.43,
        "Total Revenue": 24,
        "Gross Profit": 18,
        "Operating Income": 27,
        "EBIT": 31,
        "Net Income": -12
    },
    "2020-12-31": {
        "Diluted EPS": 0.04,
        "Total Revenue": 23,
        "Gross Profit": 17,
        "Operating Income": 1,
        "EBIT": 5,
        "Net Income": 1
    },
    "2020-09-30": {
        "Diluted EPS": -0.2,
        "Total Revenue": 19,
        "Gross Profit": 13,
        "Operating Income": 0,
        "EBIT": 4,
        "Net Income": -4
    },
    "2020-06-30": {
        "Diluted EPS": -0.12,
        "Total Revenue": 19,
        "Gross Profit": 13,
        "Operating Income": 1,
        "EBIT": 4,
        "Net Income": -3
    },
    "2020-03-31": {
        "Diluted EPS": 0.14,
        "Total Revenue": 18,
        "Gross Profit": 13,
        "Operating Income": 1,
        "EBIT": 4,
        "Net Income": 3
    },
    "2019-12-31": {
        "Diluted EPS": -0.02,
        "Total Revenue": 17,
        "Gross Profit": 13,
        "Operating Income": 0,
        "EBIT": 3,
        "Net Income": -1
    },
    "2019-09-30": {
        "Diluted EPS": 0.04,
        "Total Revenue": 12,
        "Gross Profit": 9,
        "Operating Income": 4,
        "EBIT": 7,
        "Net Income": 4
    },
    "2019-06-30": {
        "Diluted EPS": -0.11,
        "Total Revenue": 16,
        "Gross Profit": 11,
        "Operating Income": -8,
        "EBIT": -5,
        "Net Income": -9
    },
    "2019-03-31": {
        "Diluted EPS": -0.01,
        "Total Revenue": 16,
        "Gross Profit": 12,
        "Operating Income": 0,
        "EBIT": 3,
        "Net Income": 0
    },
    "2018-12-31": {
        "Diluted EPS": 0.0,
        "Total Revenue": 16,
        "Gross Profit": 12,
        "Operating Income": 0,
        "EBIT": 3,
        "Net Income": 0
    },
    "2018-06-30": {
        "Diluted EPS": -0.0,
        "Total Revenue": 15,
        "Gross Profit": 11,
        "Operating Income": -1,
        "EBIT": -1,
        "Net Income": -1
    },
    "2023-06-30": {
        "Tax Effect Of Unusual Items": NaN,
        "Tax Rate For Calcs": NaN,
        "Normalized EBITDA": NaN,
        "Total Unusual Items": NaN,
        "Total Unusual Items Excluding Goodwill": NaN,
        "Net Income From Continuing Operation Net Minority Interest": NaN,
        "Reconciled Depreciation": NaN,
        "Reconciled Cost Of Revenue": NaN,
        "EBITDA": NaN,
        "EBIT": NaN,
        "Net Interest Income": NaN,
        "Interest Expense": 1969000.0,
        "Normalized Income": NaN,
        "Net Income From Continuing And Discontinued Operation": NaN,
        "Total Expenses": NaN,
        "Total Operating Income As Reported": NaN,
        "Diluted Average Shares": 40584000.0,
        "Basic Average Shares": 40584000.0,
        "Diluted EPS": -0.03,
        "Basic EPS": -0.03,
        "Diluted NI Availto Com Stockholders": NaN,
        "Net Income Common Stockholders": NaN,
        "Net Income": NaN,
        "Net Income Including Noncontrolling Interests": NaN,
        "Net Income Continuous Operations": NaN,
        "Tax Provision": NaN,
        "Pretax Income": NaN,
        "Other Income Expense": NaN,
        "Special Income Charges": NaN,
        "Gain On Sale Of Ppe": NaN,
        "Other Special Charges": NaN,
        "Write Off": 2425000.0,
        "Restructuring And Mergern Acquisition": NaN,
        "Earnings From Equity Interest": 0.0,
        "Gain On Sale Of Security": NaN,
        "Net Non Operating Interest Income Expense": NaN,
        "Total Other Finance Cost": NaN,
        "Interest Expense Non Operating": 1969000.0,
        "Operating Income": NaN,
        "Operating Expense": NaN,
        "Other Operating Expenses": NaN,
        "Provision For Doubtful Accounts": 2425000.0,
        "Depreciation Amortization Depletion Income Statement": NaN,
        "Depreciation And Amortization In Income Statement": NaN,
        "Amortization": NaN,
        "Amortization Of Intangibles Income Statement": NaN,
        "Depreciation Income Statement": NaN,
        "Selling General And Administration": NaN,
        "Selling And Marketing Expense": NaN,
        "General And Administrative Expense": NaN,
        "Other Gand A": NaN,
        "Insurance And Claims": 408000.0,
        "Salaries And Wages": NaN,
        "Gross Profit": NaN,
        "Cost Of Revenue": NaN,
        "Total Revenue": NaN,
        "Operating Revenue": NaN
    },
    "2023-09-30": {
        "Tax Effect Of Unusual Items": -702870.0,
        "Tax Rate For Calcs": 0.21,
        "Normalized EBITDA": 7250000.0,
        "Total Unusual Items": -3347000.0,
        "Total Unusual Items Excluding Goodwill": -3347000.0,
        "Net Income From Continuing Operation Net Minority Interest": -1324000.0,
        "Reconciled Depreciation": 12089000.0,
        "Reconciled Cost Of Revenue": 16284000.0,
        "EBITDA": 3903000.0,
        "EBIT": -8186000.0,
        "Net Interest Income": -2649000.0,
        "Interest Expense": NaN,
        "Normalized Income": 1320130.0,
        "Net Income From Continuing And Discontinued Operation": -1324000.0,
        "Total Expenses": 57687000.0,
        "Total Operating Income As Reported": 1065000.0,
        "Diluted Average Shares": 44200000.0,
        "Basic Average Shares": 44200000.0,
        "Diluted EPS": -0.03,
        "Basic EPS": -0.03,
        "Diluted NI Availto Com Stockholders": -1324000.0,
        "Net Income Common Stockholders": -1324000.0,
        "Net Income": -1324000.0,
        "Net Income Including Noncontrolling Interests": -1324000.0,
        "Net Income Continuous Operations": -1324000.0,
        "Tax Provision": 75000.0,
        "Pretax Income": -1249000.0,
        "Other Income Expense": -3436000.0,
        "Special Income Charges": -3025000.0,
        "Gain On Sale Of Ppe": -13000.0,
        "Other Special Charges": 0.0,
        "Write Off": 2875000.0,
        "Restructuring And Mergern Acquisition": 137000.0,
        "Earnings From Equity Interest": NaN,
        "Gain On Sale Of Security": -322000.0,
        "Net Non Operating Interest Income Expense": -2649000.0,
        "Total Other Finance Cost": -3958000.0,
        "Interest Expense Non Operating": NaN,
        "Operating Income": 4836000.0,
        "Operating Expense": 41403000.0,
        "Other Operating Expenses": 5602000.0,
        "Provision For Doubtful Accounts": 2875000.0,
        "Depreciation Amortization Depletion Income Statement": 12089000.0,
        "Depreciation And Amortization In Income Statement": 12089000.0,
        "Amortization": 1451000.0,
        "Amortization Of Intangibles Income Statement": 1451000.0,
        "Depreciation Income Statement": 10638000.0,
        "Selling General And Administration": 23712000.0,
        "Selling And Marketing Expense": 1157000.0,
        "General And Administrative Expense": 22555000.0,
        "Other Gand A": 930000.0,
        "Insurance And Claims": NaN,
        "Salaries And Wages": 19974000.0,
        "Gross Profit": 46239000.0,
        "Cost Of Revenue": 16284000.0,
        "Total Revenue": 62523000.0,
        "Operating Revenue": 62523000.0
    },
    "2023-12-31": {
        "Tax Effect Of Unusual Items": -560700.0,
        "Tax Rate For Calcs": 0.21,
        "Normalized EBITDA": 16608000.0,
        "Total Unusual Items": -2670000.0,
        "Total Unusual Items Excluding Goodwill": -2670000.0,
        "Net Income From Continuing Operation Net Minority Interest": -586000.0,
        "Reconciled Depreciation": 12346000.0,
        "Reconciled Cost Of Revenue": 17897000.0,
        "EBITDA": 13938000.0,
        "EBIT": 1592000.0,
        "Net Interest Income": -2441000.0,
        "Interest Expense": 1958000.0,
        "Normalized Income": 1523300.0,
        "Net Income From Continuing And Discontinued Operation": -586000.0,
        "Total Expenses": 60537000.0,
        "Total Operating Income As Reported": 1375000.0,
        "Diluted Average Shares": 39311000.0,
        "Basic Average Shares": 39311000.0,
        "Diluted EPS": -0.01,
        "Basic EPS": -0.01,
        "Diluted NI Availto Com Stockholders": -586000.0,
        "Net Income Common Stockholders": -586000.0,
        "Net Income": -586000.0,
        "Net Income Including Noncontrolling Interests": -586000.0,
        "Net Income Continuous Operations": -586000.0,
        "Tax Provision": 220000.0,
        "Pretax Income": -366000.0,
        "Other Income Expense": -2751000.0,
        "Special Income Charges": -2968000.0,
        "Gain On Sale Of Ppe": 10000.0,
        "Other Special Charges": NaN,
        "Write Off": 2790000.0,
        "Restructuring And Mergern Acquisition": 188000.0,
        "Earnings From Equity Interest": -81000.0,
        "Gain On Sale Of Security": 298000.0,
        "Net Non Operating Interest Income Expense": -2441000.0,
        "Total Other Finance Cost": 483000.0,
        "Interest Expense Non Operating": 1958000.0,
        "Operating Income": 4826000.0,
        "Operating Expense": 42640000.0,
        "Other Operating Expenses": 6956000.0,
        "Provision For Doubtful Accounts": 2790000.0,
        "Depreciation Amortization Depletion Income Statement": 12346000.0,
        "Depreciation And Amortization In Income Statement": 12346000.0,
        "Amortization": 1532000.0,
        "Amortization Of Intangibles Income Statement": 1532000.0,
        "Depreciation Income Statement": 10814000.0,
        "Selling General And Administration": 23338000.0,
        "Selling And Marketing Expense": 1376000.0,
        "General And Administrative Expense": 21962000.0,
        "Other Gand A": 1336000.0,
        "Insurance And Claims": 398000.0,
        "Salaries And Wages": 20228000.0,
        "Gross Profit": 47466000.0,
        "Cost Of Revenue": 17897000.0,
        "Total Revenue": 65363000.0,
        "Operating Revenue": 65363000.0
    },
    "2024-03-31": {
        "Tax Effect Of Unusual Items": -639450.0,
        "Tax Rate For Calcs": 0.21,
        "Normalized EBITDA": 19430000.0,
        "Total Unusual Items": -3045000.0,
        "Total Unusual Items Excluding Goodwill": -3045000.0,
        "Net Income From Continuing Operation Net Minority Interest": -1365000.0,
        "Reconciled Depreciation": 11969000.0,
        "Reconciled Cost Of Revenue": 16669000.0,
        "EBITDA": 16385000.0,
        "EBIT": 4416000.0,
        "Net Interest Income": -2382000.0,
        "Interest Expense": NaN,
        "Normalized Income": 1040550.0,
        "Net Income From Continuing And Discontinued Operation": -1365000.0,
        "Total Expenses": 59538000.0,
        "Total Operating Income As Reported": 1188000.0,
        "Diluted Average Shares": 42185000.0,
        "Basic Average Shares": 42185000.0,
        "Diluted EPS": -0.03,
        "Basic EPS": -0.03,
        "Diluted NI Availto Com Stockholders": -1365000.0,
        "Net Income Common Stockholders": -1365000.0,
        "Net Income": -1365000.0,
        "Net Income Including Noncontrolling Interests": -1365000.0,
        "Net Income Continuous Operations": -1365000.0,
        "Tax Provision": 263000.0,
        "Pretax Income": -1102000.0,
        "Other Income Expense": -3136000.0,
        "Special Income Charges": -2731000.0,
        "Gain On Sale Of Ppe": -9000.0,
        "Other Special Charges": NaN,
        "Write Off": 2705000.0,
        "Restructuring And Mergern Acquisition": 17000.0,
        "Earnings From Equity Interest": -91000.0,
        "Gain On Sale Of Security": -314000.0,
        "Net Non Operating Interest Income Expense": -2382000.0,
        "Total Other Finance Cost": 2382000.0,
        "Interest Expense Non Operating": NaN,
        "Operating Income": 4416000.0,
        "Operating Expense": 42869000.0,
        "Other Operating Expenses": 6898000.0,
        "Provision For Doubtful Accounts": NaN,
        "Depreciation Amortization Depletion Income Statement": 11969000.0,
        "Depreciation And Amortization In Income Statement": 11969000.0,
        "Amortization": 1518000.0,
        "Amortization Of Intangibles Income Statement": 1518000.0,
        "Depreciation Income Statement": 10451000.0,
        "Selling General And Administration": 24002000.0,
        "Selling And Marketing Expense": 1356000.0,
        "General And Administrative Expense": 22646000.0,
        "Other Gand A": 1650000.0,
        "Insurance And Claims": 378000.0,
        "Salaries And Wages": 20618000.0,
        "Gross Profit": 47285000.0,
        "Cost Of Revenue": 16669000.0,
        "Total Revenue": 63954000.0,
        "Operating Revenue": 63954000.0
    },
    "2024-06-30": {
        "Tax Effect Of Unusual Items": 0.0,
        "Tax Rate For Calcs": 0.0,
        "Normalized EBITDA": 16127000.0,
        "Total Unusual Items": -3473000.0,
        "Total Unusual Items Excluding Goodwill": -3473000.0,
        "Net Income From Continuing Operation Net Minority Interest": -1701000.0,
        "Reconciled Depreciation": 12463000.0,
        "Reconciled Cost Of Revenue": 16693000.0,
        "EBITDA": 12654000.0,
        "EBIT": 191000.0,
        "Net Interest Income": -2452000.0,
        "Interest Expense": 1892000.0,
        "Normalized Income": 1772000.0,
        "Net Income From Continuing And Discontinued Operation": -1701000.0,
        "Total Expenses": 59672000.0,
        "Total Operating Income As Reported": 390000.0,
        "Diluted Average Shares": 42623000.0,
        "Basic Average Shares": 42623000.0,
        "Diluted EPS": -0.04,
        "Basic EPS": -0.04,
        "Diluted NI Availto Com Stockholders": -1701000.0,
        "Net Income Common Stockholders": -1701000.0,
        "Net Income": -1701000.0,
        "Net Income Including Noncontrolling Interests": -1701000.0,
        "Net Income Continuous Operations": -1701000.0,
        "Tax Provision": 0.0,
        "Pretax Income": -1701000.0,
        "Other Income Expense": -3544000.0,
        "Special Income Charges": -3345000.0,
        "Gain On Sale Of Ppe": 51000.0,
        "Other Special Charges": NaN,
        "Write Off": 3208000.0,
        "Restructuring And Mergern Acquisition": 188000.0,
        "Earnings From Equity Interest": -71000.0,
        "Gain On Sale Of Security": -128000.0,
        "Net Non Operating Interest Income Expense": -2452000.0,
        "Total Other Finance Cost": 560000.0,
        "Interest Expense Non Operating": 1892000.0,
        "Operating Income": 4295000.0,
        "Operating Expense": 42978000.0,
        "Other Operating Expenses": 7223000.0,
        "Provision For Doubtful Accounts": NaN,
        "Depreciation Amortization Depletion Income Statement": 12462000.0,
        "Depreciation And Amortization In Income Statement": 12462000.0,
        "Amortization": 1519000.0,
        "Amortization Of Intangibles Income Statement": 1519000.0,
        "Depreciation Income Statement": 10943000.0,
        "Selling General And Administration": 23293000.0,
        "Selling And Marketing Expense": 1383000.0,
        "General And Administrative Expense": 21910000.0,
        "Other Gand A": 1496000.0,
        "Insurance And Claims": 384000.0,
        "Salaries And Wages": 20030000.0,
        "Gross Profit": 47273000.0,
        "Cost Of Revenue": 16694000.0,
        "Total Revenue": 63967000.0,
        "Operating Revenue": 63967000.0
    },
    "2024-09-30": {
        "Tax Effect Of Unusual Items": 839030.998852,
        "Tax Rate For Calcs": 0.107348,
        "Normalized EBITDA": 9884000.0,
        "Total Unusual Items": 7816000.0,
        "Total Unusual Items Excluding Goodwill": 7816000.0,
        "Net Income From Continuing Operation Net Minority Interest": -3110000.0,
        "Reconciled Depreciation": 13777000.0,
        "Reconciled Cost Of Revenue": 11691000.0,
        "EBITDA": 17700000.0,
        "EBIT": 3923000.0,
        "Net Interest Income": -7201000.0,
        "Interest Expense": 7407000.0,
        "Normalized Income": -10086969.001148,
        "Net Income From Continuing And Discontinued Operation": -3110000.0,
        "Total Expenses": 56663000.0,
        "Total Operating Income As Reported": -1838000.0,
        "Diluted Average Shares": NaN,
        "Basic Average Shares": NaN,
        "Diluted EPS": NaN,
        "Basic EPS": NaN,
        "Diluted NI Availto Com Stockholders": -3110000.0,
        "Net Income Common Stockholders": -3110000.0,
        "Net Income": -3110000.0,
        "Net Income Including Noncontrolling Interests": -3110000.0,
        "Net Income Continuous Operations": -3110000.0,
        "Tax Provision": -374000.0,
        "Pretax Income": -3484000.0,
        "Other Income Expense": 7750000.0,
        "Special Income Charges": 8750000.0,
        "Gain On Sale Of Ppe": 56000.0,
        "Other Special Charges": NaN,
        "Write Off": NaN,
        "Restructuring And Mergern Acquisition": 8000.0,
        "Earnings From Equity Interest": -66000.0,
        "Gain On Sale Of Security": -934000.0,
        "Net Non Operating Interest Income Expense": -7201000.0,
        "Total Other Finance Cost": 581000.0,
        "Interest Expense Non Operating": 7407000.0,
        "Operating Income": -4033000.0,
        "Operating Expense": 38998000.0,
        "Other Operating Expenses": 7138000.0,
        "Provision For Doubtful Accounts": NaN,
        "Depreciation Amortization Depletion Income Statement": 7803000.0,
        "Depreciation And Amortization In Income Statement": 7803000.0,
        "Amortization": 1521000.0,
        "Amortization Of Intangibles Income Statement": 1521000.0,
        "Depreciation Income Statement": 6282000.0,
        "Selling General And Administration": 24057000.0,
        "Selling And Marketing Expense": 1351000.0,
        "General And Administrative Expense": 22706000.0,
        "Other Gand A": 1806000.0,
        "Insurance And Claims": 389000.0,
        "Salaries And Wages": 20511000.0,
        "Gross Profit": 34965000.0,
        "Cost Of Revenue": 17665000.0,
        "Total Revenue": 52630000.0,
        "Operating Revenue": 52630000.0
    }
}