{
    "2023-03-31": {
        "Tax Effect Of Unusual Items": NaN,
        "Tax Rate For Calcs": NaN,
        "Normalized EBITDA": NaN,
        "Total Unusual Items": -166000.0,
        "Total Unusual Items Excluding Goodwill": -166000.0,
        "Net Income From Continuing Operation Net Minority Interest": NaN,
        "Reconciled Depreciation": NaN,
        "Reconciled Cost Of Revenue": NaN,
        "EBITDA": NaN,
        "EBIT": NaN,
        "Net Interest Income": NaN,
        "Interest Expense": NaN,
        "Interest Income": NaN,
        "Normalized Income": NaN,
        "Net Income From Continuing And Discontinued Operation": NaN,
        "Total Expenses": NaN,
        "Total Operating Income As Reported": NaN,
        "Diluted Average Shares": NaN,
        "Basic Average Shares": NaN,
        "Diluted EPS": NaN,
        "Basic EPS": NaN,
        "Diluted NI Availto Com Stockholders": NaN,
        "Net Income Common Stockholders": NaN,
        "Net Income": NaN,
        "Net Income Including Noncontrolling Interests": NaN,
        "Net Income Continuous Operations": NaN,
        "Tax Provision": NaN,
        "Pretax Income": NaN,
        "Other Income Expense": NaN,
        "Other Non Operating Income Expenses": -216000.0,
        "Gain On Sale Of Security": -166000.0,
        "Net Non Operating Interest Income Expense": NaN,
        "Interest Expense Non Operating": NaN,
        "Interest Income Non Operating": NaN,
        "Operating Income": NaN,
        "Operating Expense": NaN,
        "Research And Development": NaN,
        "Selling General And Administration": NaN,
        "Selling And Marketing Expense": NaN,
        "General And Administrative Expense": NaN,
        "Other Gand A": NaN,
        "Gross Profit": NaN,
        "Cost Of Revenue": NaN,
        "Total Revenue": NaN,
        "Operating Revenue": NaN
    },
    "2022-12-31": {
        "Tax Effect Of Unusual Items": NaN,
        "Tax Rate For Calcs": NaN,
        "Normalized EBITDA": NaN,
        "Total Unusual Items": NaN,
        "Total Unusual Items Excluding Goodwill": NaN,
        "Net Income From Continuing Operation Net Minority Interest": NaN,
        "Reconciled Depreciation": NaN,
        "Reconciled Cost Of Revenue": NaN,
        "EBITDA": NaN,
        "EBIT": NaN,
        "Net Interest Income": NaN,
        "Interest Expense": 0.0,
        "Interest Income": NaN,
        "Normalized Income": NaN,
        "Net Income From Continuing And Discontinued Operation": NaN,
        "Total Expenses": NaN,
        "Total Operating Income As Reported": NaN,
        "Diluted Average Shares": NaN,
        "Basic Average Shares": NaN,
        "Diluted EPS": NaN,
        "Basic EPS": NaN,
        "Diluted NI Availto Com Stockholders": NaN,
        "Net Income Common Stockholders": NaN,
        "Net Income": NaN,
        "Net Income Including Noncontrolling Interests": NaN,
        "Net Income Continuous Operations": NaN,
        "Tax Provision": NaN,
        "Pretax Income": NaN,
        "Other Income Expense": NaN,
        "Other Non Operating Income Expenses": NaN,
        "Gain On Sale Of Security": NaN,
        "Net Non Operating Interest Income Expense": NaN,
        "Interest Expense Non Operating": 0.0,
        "Interest Income Non Operating": NaN,
        "Operating Income": NaN,
        "Operating Expense": NaN,
        "Research And Development": NaN,
        "Selling General And Administration": NaN,
        "Selling And Marketing Expense": NaN,
        "General And Administrative Expense": NaN,
        "Other Gand A": NaN,
        "Gross Profit": NaN,
        "Cost Of Revenue": NaN,
        "Total Revenue": NaN,
        "Operating Revenue": NaN
    },
    "2022-09-30": {
        "Tax Effect Of Unusual Items": NaN,
        "Tax Rate For Calcs": NaN,
        "Normalized EBITDA": NaN,
        "Total Unusual Items": NaN,
        "Total Unusual Items Excluding Goodwill": NaN,
        "Net Income From Continuing Operation Net Minority Interest": NaN,
        "Reconciled Depreciation": NaN,
        "Reconciled Cost Of Revenue": NaN,
        "EBITDA": NaN,
        "EBIT": NaN,
        "Net Interest Income": NaN,
        "Interest Expense": 0.0,
        "Interest Income": NaN,
        "Normalized Income": NaN,
        "Net Income From Continuing And Discontinued Operation": NaN,
        "Total Expenses": NaN,
        "Total Operating Income As Reported": NaN,
        "Diluted Average Shares": NaN,
        "Basic Average Shares": NaN,
        "Diluted EPS": NaN,
        "Basic EPS": NaN,
        "Diluted NI Availto Com Stockholders": NaN,
        "Net Income Common Stockholders": NaN,
        "Net Income": NaN,
        "Net Income Including Noncontrolling Interests": NaN,
        "Net Income Continuous Operations": NaN,
        "Tax Provision": NaN,
        "Pretax Income": NaN,
        "Other Income Expense": NaN,
        "Other Non Operating Income Expenses": NaN,
        "Gain On Sale Of Security": NaN,
        "Net Non Operating Interest Income Expense": NaN,
        "Interest Expense Non Operating": 0.0,
        "Interest Income Non Operating": NaN,
        "Operating Income": NaN,
        "Operating Expense": NaN,
        "Research And Development": NaN,
        "Selling General And Administration": NaN,
        "Selling And Marketing Expense": NaN,
        "General And Administrative Expense": NaN,
        "Other Gand A": NaN,
        "Gross Profit": NaN,
        "Cost Of Revenue": NaN,
        "Total Revenue": NaN,
        "Operating Revenue": NaN
    },
    "2022-06-30": {
        "Tax Effect Of Unusual Items": -294120.0,
        "Tax Rate For Calcs": 0.172,
        "Normalized EBITDA": 42402000.0,
        "Total Unusual Items": -1710000.0,
        "Total Unusual Items Excluding Goodwill": -1710000.0,
        "Net Income From Continuing Operation Net Minority Interest": 26596000.0,
        "Reconciled Depreciation": 8570000.0,
        "Reconciled Cost Of Revenue": 25046000.0,
        "EBITDA": 40692000.0,
        "EBIT": 32122000.0,
        "Net Interest Income": 839000.0,
        "Interest Expense": 0.0,
        "Interest Income": 839000.0,
        "Normalized Income": 28011880.0,
        "Net Income From Continuing And Discontinued Operation": 26596000.0,
        "Total Expenses": 86900000.0,
        "Total Operating Income As Reported": 32993000.0,
        "Diluted Average Shares": 39689000.0,
        "Basic Average Shares": 38738000.0,
        "Diluted EPS": 0.67,
        "Basic EPS": 0.69,
        "Diluted NI Availto Com Stockholders": 26596000.0,
        "Net Income Common Stockholders": 26596000.0,
        "Net Income": 26596000.0,
        "Net Income Including Noncontrolling Interests": 26596000.0,
        "Net Income Continuous Operations": 26596000.0,
        "Tax Provision": 5526000.0,
        "Pretax Income": 32122000.0,
        "Other Income Expense": -1710000.0,
        "Other Non Operating Income Expenses": NaN,
        "Gain On Sale Of Security": -1710000.0,
        "Net Non Operating Interest Income Expense": 839000.0,
        "Interest Expense Non Operating": 0.0,
        "Interest Income Non Operating": 839000.0,
        "Operating Income": 32993000.0,
        "Operating Expense": 61854000.0,
        "Research And Development": 24791000.0,
        "Selling General And Administration": 37063000.0,
        "Selling And Marketing Expense": 23730000.0,
        "General And Administrative Expense": 13333000.0,
        "Other Gand A": 13333000.0,
        "Gross Profit": 94847000.0,
        "Cost Of Revenue": 25046000.0,
        "Total Revenue": 119893000.0,
        "Operating Revenue": 119893000.0
    },
    "2023-06-30": {
        "Tax Effect Of Unusual Items": -93535.586838,
        "Tax Rate For Calcs": 0.225387,
        "Normalized EBITDA": 50244000.0,
        "Total Unusual Items": -415000.0,
        "Total Unusual Items Excluding Goodwill": -415000.0,
        "Net Income From Continuing Operation Net Minority Interest": 35382000.0,
        "Reconciled Depreciation": 7002000.0,
        "Reconciled Cost Of Revenue": 26662000.0,
        "EBITDA": 49829000.0,
        "EBIT": 42827000.0,
        "Net Interest Income": 3809000.0,
        "Interest Expense": NaN,
        "Interest Income": 3809000.0,
        "Normalized Income": 35703464.413162,
        "Net Income From Continuing And Discontinued Operation": 35382000.0,
        "Total Expenses": 94382000.0,
        "Total Operating Income As Reported": 42827000.0,
        "Diluted Average Shares": 37435000.0,
        "Basic Average Shares": 36842000.0,
        "Diluted EPS": 0.95,
        "Basic EPS": 0.96,
        "Diluted NI Availto Com Stockholders": 35382000.0,
        "Net Income Common Stockholders": 35382000.0,
        "Net Income": 35382000.0,
        "Net Income Including Noncontrolling Interests": 35382000.0,
        "Net Income Continuous Operations": 35382000.0,
        "Tax Provision": 10295000.0,
        "Pretax Income": 45677000.0,
        "Other Income Expense": -959000.0,
        "Other Non Operating Income Expenses": -544000.0,
        "Gain On Sale Of Security": -415000.0,
        "Net Non Operating Interest Income Expense": 3809000.0,
        "Interest Expense Non Operating": NaN,
        "Interest Income Non Operating": 3809000.0,
        "Operating Income": 42827000.0,
        "Operating Expense": 67720000.0,
        "Research And Development": 27424000.0,
        "Selling General And Administration": 40296000.0,
        "Selling And Marketing Expense": 26241000.0,
        "General And Administrative Expense": 14055000.0,
        "Other Gand A": 14055000.0,
        "Gross Profit": 110547000.0,
        "Cost Of Revenue": 26662000.0,
        "Total Revenue": 137209000.0,
        "Operating Revenue": 137209000.0
    },
    "2022-03-31": {
        "Diluted EPS": 0.64,
        "Total Revenue": 113,
        "Gross Profit": 89,
        "Operating Income": 34,
        "EBIT": 43,
        "Net Income": 25
    },
    "2021-12-31": {
        "Diluted EPS": 0.53,
        "Total Revenue": 110,
        "Gross Profit": 86,
        "Operating Income": 29,
        "EBIT": 39,
        "Net Income": 22
    },
    "2021-09-30": {
        "Diluted EPS": 0.7,
        "Total Revenue": 105,
        "Gross Profit": 82,
        "Operating Income": 32,
        "EBIT": 42,
        "Net Income": 28
    },
    "2021-06-30": {
        "Diluted EPS": 0.53,
        "Total Revenue": 100,
        "Gross Profit": 78,
        "Operating Income": 29,
        "EBIT": 39,
        "Net Income": 21
    },
    "2021-03-31": {
        "Diluted EPS": 0.01,
        "Total Revenue": 97,
        "Gross Profit": 75,
        "Operating Income": -3,
        "EBIT": 7,
        "Net Income": 0
    },
    "2020-12-31": {
        "Diluted EPS": 0.59,
        "Total Revenue": 95,
        "Gross Profit": 74,
        "Operating Income": 24,
        "EBIT": 34,
        "Net Income": 24
    },
    "2020-09-30": {
        "Diluted EPS": 0.56,
        "Total Revenue": 93,
        "Gross Profit": 72,
        "Operating Income": 26,
        "EBIT": 35,
        "Net Income": 23
    },
    "2020-06-30": {
        "Diluted EPS": 0.64,
        "Total Revenue": 89,
        "Gross Profit": 70,
        "Operating Income": 26,
        "EBIT": 33,
        "Net Income": 26
    },
    "2020-03-31": {
        "Diluted EPS": 0.46,
        "Total Revenue": 86,
        "Gross Profit": 68,
        "Operating Income": 20,
        "EBIT": 28,
        "Net Income": 19
    },
    "2019-12-31": {
        "Diluted EPS": 0.5,
        "Total Revenue": 85,
        "Gross Profit": 68,
        "Operating Income": 20,
        "EBIT": 27,
        "Net Income": 21
    },
    "2019-09-30": {
        "Diluted EPS": 0.47,
        "Total Revenue": 83,
        "Gross Profit": 66,
        "Operating Income": 23,
        "EBIT": 30,
        "Net Income": 19
    },
    "2019-06-30": {
        "Diluted EPS": 0.39,
        "Total Revenue": 79,
        "Gross Profit": 61,
        "Operating Income": 16,
        "EBIT": 24,
        "Net Income": 16
    },
    "2019-03-31": {
        "Diluted EPS": 0.32,
        "Total Revenue": 75,
        "Gross Profit": 58,
        "Operating Income": 14,
        "EBIT": 21,
        "Net Income": 13
    },
    "2018-12-31": {
        "Diluted EPS": 0.35,
        "Total Revenue": 74,
        "Gross Profit": 57,
        "Operating Income": 13,
        "EBIT": 20,
        "Net Income": 14
    },
    "2018-09-30": {
        "Diluted EPS": 0.56,
        "Total Revenue": 72,
        "Gross Profit": 55,
        "Operating Income": 18,
        "EBIT": 25,
        "Net Income": 23
    },
    "2018-06-30": {
        "Diluted EPS": 0.24,
        "Total Revenue": 68,
        "Gross Profit": 52,
        "Operating Income": 11,
        "EBIT": 18,
        "Net Income": 10
    },
    "2018-03-31": {
        "Diluted EPS": 0.22,
        "Total Revenue": 65,
        "Gross Profit": 49,
        "Operating Income": 8,
        "EBIT": 15,
        "Net Income": 9
    },
    "2017-12-31": {
        "Diluted EPS": 0.06,
        "Total Revenue": 63,
        "Gross Profit": 49,
        "Operating Income": 10,
        "EBIT": 15,
        "Net Income": 3
    },
    "2017-09-30": {
        "Diluted EPS": 0.21,
        "Total Revenue": 59,
        "Gross Profit": 47,
        "Operating Income": 11,
        "EBIT": 16,
        "Net Income": 8
    },
    "2017-06-30": {
        "Diluted EPS": 0.18,
        "Total Revenue": 55,
        "Gross Profit": 43,
        "Operating Income": 9,
        "EBIT": 14,
        "Net Income": 7
    },
    "2017-03-31": {
        "Diluted EPS": 0.56,
        "Total Revenue": 53,
        "Gross Profit": 41,
        "Operating Income": 8,
        "EBIT": 13,
        "Net Income": 22
    },
    "2016-12-31": {
        "Diluted EPS": 0.15,
        "Total Revenue": 52,
        "Gross Profit": 40,
        "Operating Income": 9,
        "EBIT": 14,
        "Net Income": 6
    },
    "2016-09-30": {
        "Diluted EPS": 0.13,
        "Total Revenue": 51,
        "Gross Profit": 40,
        "Operating Income": 8,
        "EBIT": 13,
        "Net Income": 5
    },
    "2016-06-30": {
        "Diluted EPS": 0.09,
        "Total Revenue": 48,
        "Gross Profit": 38,
        "Operating Income": 6,
        "EBIT": 10,
        "Net Income": 4
    },
    "2016-03-31": {
        "Diluted EPS": 0.13,
        "Total Revenue": 46,
        "Gross Profit": 37,
        "Operating Income": 8,
        "EBIT": 12,
        "Net Income": 5
    },
    "2015-12-31": {
        "Diluted EPS": 0.14,
        "Total Revenue": 44,
        "Gross Profit": 35,
        "Operating Income": 8,
        "EBIT": 12,
        "Net Income": 5
    },
    "2015-09-30": {
        "Diluted EPS": 0.11,
        "Total Revenue": 42,
        "Gross Profit": 34,
        "Operating Income": 7,
        "EBIT": 11,
        "Net Income": 4
    },
    "2015-06-30": {
        "Diluted EPS": 0.09,
        "Total Revenue": 40,
        "Gross Profit": 32,
        "Operating Income": 5,
        "EBIT": 9,
        "Net Income": 3
    },
    "2015-03-31": {
        "Diluted EPS": 0.08,
        "Total Revenue": 37,
        "Gross Profit": 30,
        "Operating Income": 5,
        "EBIT": 8,
        "Net Income": 3
    },
    "2014-12-31": {
        "Diluted EPS": 0.7,
        "Total Revenue": 37,
        "Gross Profit": 29,
        "Operating Income": 4,
        "EBIT": 7,
        "Net Income": 26
    },
    "2014-09-30": {
        "Diluted EPS": 0.08,
        "Total Revenue": 34,
        "Gross Profit": 27,
        "Operating Income": 4,
        "EBIT": 7,
        "Net Income": 3
    },
    "2014-06-30": {
        "Diluted EPS": 0.04,
        "Total Revenue": 32,
        "Gross Profit": 25,
        "Operating Income": 2,
        "EBIT": 5,
        "Net Income": 2
    },
    "2014-03-31": {
        "Diluted EPS": -0.01,
        "Total Revenue": 30,
        "Gross Profit": 24,
        "Operating Income": 0,
        "EBIT": 3,
        "Net Income": 0
    },
    "2013-12-31": {
        "Diluted EPS": 0.0,
        "Total Revenue": 29,
        "Gross Profit": 23,
        "Operating Income": 0,
        "EBIT": 3,
        "Net Income": 0
    },
    "2013-09-30": {
        "Diluted EPS": 0.04,
        "Total Revenue": 28,
        "Gross Profit": 21,
        "Operating Income": 1,
        "EBIT": 4,
        "Net Income": 1
    },
    "2013-06-30": {
        "Diluted EPS": 0.02,
        "Total Revenue": 26,
        "Gross Profit": 20,
        "Operating Income": 1,
        "EBIT": 3,
        "Net Income": 1
    },
    "2013-03-31": {
        "Diluted EPS": -0.02,
        "Total Revenue": 25,
        "Gross Profit": 19,
        "Operating Income": 0,
        "EBIT": 2,
        "Net Income": -1
    },
    "2012-12-31": {
        "Diluted EPS": 0.12,
        "Total Revenue": 25,
        "Gross Profit": 20,
        "Operating Income": 2,
        "EBIT": 4,
        "Net Income": 1
    },
    "2012-09-30": {
        "Diluted EPS": 0.06,
        "Total Revenue": 23,
        "Gross Profit": 19,
        "Operating Income": 2,
        "EBIT": 4,
        "Net Income": 0
    },
    "2012-06-30": {
        "Diluted EPS": -0.05,
        "Total Revenue": 22,
        "Gross Profit": 18,
        "Operating Income": 0,
        "EBIT": 2,
        "Net Income": 0
    },
    "2012-03-31": {
        "Diluted EPS": -0.05,
        "Total Revenue": 21,
        "Gross Profit": 17,
        "Operating Income": 0,
        "EBIT": 2,
        "Net Income": 0
    },
    "2011-12-31": {
        "Diluted EPS": 0.0,
        "Total Revenue": NaN,
        "Gross Profit": NaN,
        "Operating Income": NaN,
        "EBIT": NaN,
        "Net Income": NaN
    },
    "2011-09-30": {
        "Diluted EPS": 0.02,
        "Total Revenue": 19,
        "Gross Profit": 16,
        "Operating Income": 1,
        "EBIT": 2,
        "Net Income": 0
    },
    "2011-06-30": {
        "Diluted EPS": 0.0,
        "Total Revenue": NaN,
        "Gross Profit": NaN,
        "Operating Income": NaN,
        "EBIT": NaN,
        "Net Income": NaN
    },
    "2010-12-31": {
        "Diluted EPS": 0.0,
        "Total Revenue": NaN,
        "Gross Profit": NaN,
        "Operating Income": NaN,
        "EBIT": NaN,
        "Net Income": NaN
    },
    "2009-12-31": {
        "Diluted EPS": 0.0,
        "Total Revenue": NaN,
        "Gross Profit": NaN,
        "Operating Income": NaN,
        "EBIT": NaN,
        "Net Income": NaN
    },
    "2023-09-30": {
        "Tax Effect Of Unusual Items": -21948.0,
        "Tax Rate For Calcs": 0.031,
        "Normalized EBITDA": 50997000.0,
        "Total Unusual Items": -708000.0,
        "Total Unusual Items Excluding Goodwill": -708000.0,
        "Net Income From Continuing Operation Net Minority Interest": 46515000.0,
        "Reconciled Depreciation": 6694000.0,
        "Reconciled Cost Of Revenue": 26739000.0,
        "EBITDA": 50289000.0,
        "EBIT": 43595000.0,
        "Net Interest Income": 5136000.0,
        "Interest Expense": NaN,
        "Interest Income": 5136000.0,
        "Normalized Income": 47201052.0,
        "Net Income From Continuing And Discontinued Operation": 46515000.0,
        "Total Expenses": 98401000.0,
        "Total Operating Income As Reported": 43595000.0,
        "Diluted Average Shares": 37448000.0,
        "Basic Average Shares": 36766000.0,
        "Diluted EPS": 1.24,
        "Basic EPS": 1.27,
        "Diluted NI Availto Com Stockholders": 46515000.0,
        "Net Income Common Stockholders": 46515000.0,
        "Net Income": 46515000.0,
        "Net Income Including Noncontrolling Interests": 46515000.0,
        "Net Income Continuous Operations": 46515000.0,
        "Tax Provision": 1508000.0,
        "Pretax Income": 48023000.0,
        "Other Income Expense": -708000.0,
        "Other Non Operating Income Expenses": NaN,
        "Gain On Sale Of Security": -708000.0,
        "Net Non Operating Interest Income Expense": 5136000.0,
        "Interest Expense Non Operating": NaN,
        "Interest Income Non Operating": 5136000.0,
        "Operating Income": 43595000.0,
        "Operating Expense": 71662000.0,
        "Research And Development": 27782000.0,
        "Selling General And Administration": 43880000.0,
        "Selling And Marketing Expense": 27881000.0,
        "General And Administrative Expense": 15999000.0,
        "Other Gand A": 15999000.0,
        "Gross Profit": 115257000.0,
        "Cost Of Revenue": 26739000.0,
        "Total Revenue": 141996000.0,
        "Operating Revenue": 141996000.0
    },
    "2023-12-31": {
        "Tax Effect Of Unusual Items": 87061.018659,
        "Tax Rate For Calcs": 0.147063,
        "Normalized EBITDA": 46728000.0,
        "Total Unusual Items": 592000.0,
        "Total Unusual Items Excluding Goodwill": 592000.0,
        "Net Income From Continuing Operation Net Minority Interest": 40593000.0,
        "Reconciled Depreciation": 5851000.0,
        "Reconciled Cost Of Revenue": 27130000.0,
        "EBITDA": 47320000.0,
        "EBIT": 41469000.0,
        "Net Interest Income": 5563000.0,
        "Interest Expense": NaN,
        "Interest Income": 5563000.0,
        "Normalized Income": 40088061.018659,
        "Net Income From Continuing And Discontinued Operation": 40593000.0,
        "Total Expenses": 103101000.0,
        "Total Operating Income As Reported": 41469000.0,
        "Diluted Average Shares": 37748000.0,
        "Basic Average Shares": 36845000.0,
        "Diluted EPS": 1.08,
        "Basic EPS": 1.1,
        "Diluted NI Availto Com Stockholders": 40593000.0,
        "Net Income Common Stockholders": 40593000.0,
        "Net Income": 40593000.0,
        "Net Income Including Noncontrolling Interests": 40593000.0,
        "Net Income Continuous Operations": 40593000.0,
        "Tax Provision": 6999000.0,
        "Pretax Income": 47592000.0,
        "Other Income Expense": 560000.0,
        "Other Non Operating Income Expenses": -32000.0,
        "Gain On Sale Of Security": 592000.0,
        "Net Non Operating Interest Income Expense": 5563000.0,
        "Interest Expense Non Operating": NaN,
        "Interest Income Non Operating": 5563000.0,
        "Operating Income": 41469000.0,
        "Operating Expense": 75971000.0,
        "Research And Development": 27471000.0,
        "Selling General And Administration": 48500000.0,
        "Selling And Marketing Expense": 31941000.0,
        "General And Administrative Expense": 16559000.0,
        "Other Gand A": 16559000.0,
        "Gross Profit": 117440000.0,
        "Cost Of Revenue": 27130000.0,
        "Total Revenue": 144570000.0,
        "Operating Revenue": 144570000.0
    },
    "2024-03-31": {
        "Tax Effect Of Unusual Items": 0.0,
        "Tax Rate For Calcs": 0.197,
        "Normalized EBITDA": 50000000.0,
        "Total Unusual Items": NaN,
        "Total Unusual Items Excluding Goodwill": NaN,
        "Net Income From Continuing Operation Net Minority Interest": 39731000.0,
        "Reconciled Depreciation": 5239000.0,
        "Reconciled Cost Of Revenue": 27198000.0,
        "EBITDA": 50000000.0,
        "EBIT": 44761000.0,
        "Net Interest Income": 6123000.0,
        "Interest Expense": NaN,
        "Interest Income": 6123000.0,
        "Normalized Income": 39731000.0,
        "Net Income From Continuing And Discontinued Operation": 39731000.0,
        "Total Expenses": 101044000.0,
        "Total Operating Income As Reported": 44761000.0,
        "Diluted Average Shares": 37723000.0,
        "Basic Average Shares": 36955000.0,
        "Diluted EPS": 1.05,
        "Basic EPS": 1.08,
        "Diluted NI Availto Com Stockholders": 39731000.0,
        "Net Income Common Stockholders": 39731000.0,
        "Net Income": 39731000.0,
        "Net Income Including Noncontrolling Interests": 39731000.0,
        "Net Income Continuous Operations": 39731000.0,
        "Tax Provision": 9754000.0,
        "Pretax Income": 49485000.0,
        "Other Income Expense": -1399000.0,
        "Other Non Operating Income Expenses": -1399000.0,
        "Gain On Sale Of Security": NaN,
        "Net Non Operating Interest Income Expense": 6123000.0,
        "Interest Expense Non Operating": NaN,
        "Interest Income Non Operating": 6123000.0,
        "Operating Income": 44761000.0,
        "Operating Expense": 73846000.0,
        "Research And Development": 27530000.0,
        "Selling General And Administration": 46316000.0,
        "Selling And Marketing Expense": 29408000.0,
        "General And Administrative Expense": 16908000.0,
        "Other Gand A": 16908000.0,
        "Gross Profit": 118607000.0,
        "Cost Of Revenue": 27198000.0,
        "Total Revenue": 145805000.0,
        "Operating Revenue": 145805000.0
    },
    "2024-06-30": {
        "Tax Effect Of Unusual Items": -113566.587923,
        "Tax Rate For Calcs": 0.19216,
        "Normalized EBITDA": 53439000.0,
        "Total Unusual Items": -591000.0,
        "Total Unusual Items Excluding Goodwill": -591000.0,
        "Net Income From Continuing Operation Net Minority Interest": 43772000.0,
        "Reconciled Depreciation": 4780000.0,
        "Reconciled Cost Of Revenue": 26415000.0,
        "EBITDA": 52848000.0,
        "EBIT": 48068000.0,
        "Net Interest Income": 6703000.0,
        "Interest Expense": NaN,
        "Interest Income": 6703000.0,
        "Normalized Income": 44249433.412077,
        "Net Income From Continuing And Discontinued Operation": 43772000.0,
        "Total Expenses": 100640000.0,
        "Total Operating Income As Reported": 48068000.0,
        "Diluted Average Shares": 37464000.0,
        "Basic Average Shares": 36915000.0,
        "Diluted EPS": 1.17,
        "Basic EPS": 1.19,
        "Diluted NI Availto Com Stockholders": 43772000.0,
        "Net Income Common Stockholders": 43772000.0,
        "Net Income": 43772000.0,
        "Net Income Including Noncontrolling Interests": 43772000.0,
        "Net Income Continuous Operations": 43772000.0,
        "Tax Provision": 10412000.0,
        "Pretax Income": 54184000.0,
        "Other Income Expense": -587000.0,
        "Other Non Operating Income Expenses": 4000.0,
        "Gain On Sale Of Security": -591000.0,
        "Net Non Operating Interest Income Expense": 6703000.0,
        "Interest Expense Non Operating": NaN,
        "Interest Income Non Operating": 6703000.0,
        "Operating Income": 48068000.0,
        "Operating Expense": 74225000.0,
        "Research And Development": 27119000.0,
        "Selling General And Administration": 47106000.0,
        "Selling And Marketing Expense": 32146000.0,
        "General And Administrative Expense": 14960000.0,
        "Other Gand A": 14960000.0,
        "Gross Profit": 122293000.0,
        "Cost Of Revenue": 26415000.0,
        "Total Revenue": 148708000.0,
        "Operating Revenue": 148708000.0
    }
}