{
    "2023-03-31": {
        "Tax Effect Of Unusual Items": 0.0,
        "Tax Rate For Calcs": 0.21,
        "Normalized EBITDA": 3597000.0,
        "Net Income From Continuing Operation Net Minority Interest": -479000.0,
        "Reconciled Depreciation": 4972000.0,
        "Reconciled Cost Of Revenue": 155633000.0,
        "EBITDA": 3597000.0,
        "EBIT": -1375000.0,
        "Net Interest Income": -141000.0,
        "Interest Expense": 187000.0,
        "Interest Income": 46000.0,
        "Normalized Income": -479000.0,
        "Net Income From Continuing And Discontinued Operation": -479000.0,
        "Total Expenses": 174080000.0,
        "Total Operating Income As Reported": -1409000.0,
        "Diluted Average Shares": 53950000.0,
        "Basic Average Shares": 53950000.0,
        "Diluted EPS": -0.01,
        "Basic EPS": -0.01,
        "Diluted NI Availto Com Stockholders": -479000.0,
        "Net Income Common Stockholders": -479000.0,
        "Net Income": -479000.0,
        "Net Income Including Noncontrolling Interests": -479000.0,
        "Net Income Continuous Operations": -479000.0,
        "Tax Provision": -1083000.0,
        "Pretax Income": -1562000.0,
        "Other Income Expense": -12000.0,
        "Other Non Operating Income Expenses": -12000.0,
        "Net Non Operating Interest Income Expense": -141000.0,
        "Interest Expense Non Operating": 187000.0,
        "Interest Income Non Operating": 46000.0,
        "Operating Income": -1409000.0,
        "Operating Expense": 18447000.0,
        "Research And Development": 7832000.0,
        "Selling General And Administration": 10615000.0,
        "Selling And Marketing Expense": 3385000.0,
        "General And Administrative Expense": 7230000.0,
        "Other Gand A": 7230000.0,
        "Gross Profit": 17038000.0,
        "Cost Of Revenue": 155633000.0,
        "Total Revenue": 172671000.0,
        "Operating Revenue": 170508000.0
    },
    "2022-12-31": {
        "Tax Effect Of Unusual Items": 0.0,
        "Tax Rate For Calcs": 0.149542,
        "Normalized EBITDA": -4499000.0,
        "Net Income From Continuing Operation Net Minority Interest": -7979000.0,
        "Reconciled Depreciation": 4670000.0,
        "Reconciled Cost Of Revenue": 125510000.0,
        "EBITDA": -4499000.0,
        "EBIT": -9169000.0,
        "Net Interest Income": -201000.0,
        "Interest Expense": 213000.0,
        "Interest Income": 12000.0,
        "Normalized Income": -7979000.0,
        "Net Income From Continuing And Discontinued Operation": -7979000.0,
        "Total Expenses": 143220000.0,
        "Total Operating Income As Reported": -9172000.0,
        "Diluted Average Shares": 53709000.0,
        "Basic Average Shares": 53709000.0,
        "Diluted EPS": -0.15,
        "Basic EPS": -0.15,
        "Diluted NI Availto Com Stockholders": -7979000.0,
        "Net Income Common Stockholders": -7979000.0,
        "Net Income": -7979000.0,
        "Net Income Including Noncontrolling Interests": -7979000.0,
        "Net Income Continuous Operations": -7979000.0,
        "Tax Provision": -1403000.0,
        "Pretax Income": -9382000.0,
        "Other Income Expense": -9000.0,
        "Other Non Operating Income Expenses": -9000.0,
        "Net Non Operating Interest Income Expense": -201000.0,
        "Interest Expense Non Operating": 213000.0,
        "Interest Income Non Operating": 12000.0,
        "Operating Income": -9172000.0,
        "Operating Expense": 17710000.0,
        "Research And Development": 7174000.0,
        "Selling General And Administration": 10536000.0,
        "Selling And Marketing Expense": 3166000.0,
        "General And Administrative Expense": 7370000.0,
        "Other Gand A": 7370000.0,
        "Gross Profit": 8538000.0,
        "Cost Of Revenue": 125510000.0,
        "Total Revenue": 134048000.0,
        "Operating Revenue": 132285000.0
    },
    "2022-09-30": {
        "Tax Effect Of Unusual Items": 0.0,
        "Tax Rate For Calcs": 0.121035,
        "Normalized EBITDA": -551000.0,
        "Net Income From Continuing Operation Net Minority Interest": -4517000.0,
        "Reconciled Depreciation": 4362000.0,
        "Reconciled Cost Of Revenue": 131245000.0,
        "EBITDA": -551000.0,
        "EBIT": -4913000.0,
        "Net Interest Income": -219000.0,
        "Interest Expense": 226000.0,
        "Interest Income": 7000.0,
        "Normalized Income": -4517000.0,
        "Net Income From Continuing And Discontinued Operation": -4517000.0,
        "Total Expenses": 148490000.0,
        "Total Operating Income As Reported": -4897000.0,
        "Diluted Average Shares": 53350000.0,
        "Basic Average Shares": 53350000.0,
        "Diluted EPS": -0.08,
        "Basic EPS": -0.08,
        "Diluted NI Availto Com Stockholders": -4517000.0,
        "Net Income Common Stockholders": -4517000.0,
        "Net Income": -4517000.0,
        "Net Income Including Noncontrolling Interests": -4517000.0,
        "Net Income Continuous Operations": -4517000.0,
        "Tax Provision": -622000.0,
        "Pretax Income": -5139000.0,
        "Other Income Expense": -23000.0,
        "Other Non Operating Income Expenses": -23000.0,
        "Net Non Operating Interest Income Expense": -219000.0,
        "Interest Expense Non Operating": 226000.0,
        "Interest Income Non Operating": 7000.0,
        "Operating Income": -4897000.0,
        "Operating Expense": 17245000.0,
        "Research And Development": 6826000.0,
        "Selling General And Administration": 10419000.0,
        "Selling And Marketing Expense": 3100000.0,
        "General And Administrative Expense": 7319000.0,
        "Other Gand A": 7319000.0,
        "Salaries And Wages": NaN,
        "Gross Profit": 12348000.0,
        "Cost Of Revenue": 131245000.0,
        "Total Revenue": 143593000.0,
        "Operating Revenue": 143593000.0
    },
    "2022-06-30": {
        "Tax Effect Of Unusual Items": 0.0,
        "Tax Rate For Calcs": 0.4,
        "Normalized EBITDA": 2113000.0,
        "Net Income From Continuing Operation Net Minority Interest": -4942000.0,
        "Reconciled Depreciation": 4302000.0,
        "Reconciled Cost Of Revenue": 134742000.0,
        "EBITDA": 2113000.0,
        "EBIT": -2189000.0,
        "Net Interest Income": -255000.0,
        "Interest Expense": 258000.0,
        "Interest Income": 3000.0,
        "Normalized Income": -4942000.0,
        "Net Income From Continuing And Discontinued Operation": -4942000.0,
        "Total Expenses": 148664000.0,
        "Total Operating Income As Reported": -2162000.0,
        "Diluted Average Shares": 54339000.0,
        "Basic Average Shares": 54339000.0,
        "Diluted EPS": -0.09,
        "Basic EPS": -0.09,
        "Diluted NI Availto Com Stockholders": -4942000.0,
        "Net Income Common Stockholders": -4942000.0,
        "Net Income": -4942000.0,
        "Net Income Including Noncontrolling Interests": -4942000.0,
        "Net Income Continuous Operations": -4942000.0,
        "Tax Provision": 2495000.0,
        "Pretax Income": -2447000.0,
        "Other Income Expense": -30000.0,
        "Other Non Operating Income Expenses": -30000.0,
        "Net Non Operating Interest Income Expense": -255000.0,
        "Interest Expense Non Operating": 258000.0,
        "Interest Income Non Operating": 3000.0,
        "Operating Income": -2162000.0,
        "Operating Expense": 13922000.0,
        "Research And Development": 6911000.0,
        "Selling General And Administration": 7011000.0,
        "Selling And Marketing Expense": 3269000.0,
        "General And Administrative Expense": 3742000.0,
        "Other Gand A": 3742000.0,
        "Salaries And Wages": NaN,
        "Gross Profit": 11760000.0,
        "Cost Of Revenue": 134742000.0,
        "Total Revenue": 146502000.0,
        "Operating Revenue": 145057000.0
    },
    "2022-03-31": {
        "Diluted EPS": 0.04,
        "Total Revenue": 151,
        "Gross Profit": 14,
        "Operating Income": 1,
        "EBIT": 5,
        "Net Income": 2
    },
    "2021-12-31": {
        "Diluted EPS": -0.1,
        "Total Revenue": 125,
        "Gross Profit": 10,
        "Operating Income": -8,
        "EBIT": -3,
        "Net Income": -6
    },
    "2021-09-30": {
        "Diluted EPS": 0.06,
        "Total Revenue": 160,
        "Gross Profit": 18,
        "Operating Income": 4,
        "EBIT": 8,
        "Net Income": 3
    },
    "2021-06-30": {
        "Diluted EPS": 0.06,
        "Total Revenue": 151,
        "Gross Profit": 19,
        "Operating Income": 5,
        "EBIT": 9,
        "Net Income": 3
    },
    "2021-03-31": {
        "Diluted EPS": 0.09,
        "Total Revenue": 153,
        "Gross Profit": 20,
        "Operating Income": 6,
        "EBIT": 10,
        "Net Income": 5
    },
    "2020-12-31": {
        "Diluted EPS": 0.01,
        "Total Revenue": 135,
        "Gross Profit": 15,
        "Operating Income": 0,
        "EBIT": 4,
        "Net Income": 0
    },
    "2020-09-30": {
        "Diluted EPS": 0.27,
        "Total Revenue": 139,
        "Gross Profit": 17,
        "Operating Income": 3,
        "EBIT": 7,
        "Net Income": 15
    },
    "2020-06-30": {
        "Diluted EPS": 0.03,
        "Total Revenue": 117,
        "Gross Profit": 12,
        "Operating Income": -1,
        "EBIT": 2,
        "Net Income": 2
    },
    "2020-03-31": {
        "Diluted EPS": 0.26,
        "Total Revenue": 129,
        "Gross Profit": 14,
        "Operating Income": 4,
        "EBIT": 7,
        "Net Income": 14
    },
    "2019-12-31": {
        "Diluted EPS": 0.03,
        "Total Revenue": 118,
        "Gross Profit": 13,
        "Operating Income": 1,
        "EBIT": 4,
        "Net Income": 2
    },
    "2019-09-30": {
        "Diluted EPS": 0.02,
        "Total Revenue": 127,
        "Gross Profit": 13,
        "Operating Income": 2,
        "EBIT": 4,
        "Net Income": 1
    },
    "2019-06-30": {
        "Diluted EPS": 0.06,
        "Total Revenue": 122,
        "Gross Profit": 15,
        "Operating Income": 3,
        "EBIT": 6,
        "Net Income": 3
    },
    "2019-03-31": {
        "Diluted EPS": 0.02,
        "Total Revenue": 116,
        "Gross Profit": 18,
        "Operating Income": -1,
        "EBIT": 1,
        "Net Income": 1
    },
    "2018-12-31": {
        "Diluted EPS": 1.0,
        "Total Revenue": 104,
        "Gross Profit": 13,
        "Operating Income": 3,
        "EBIT": 5,
        "Net Income": 53
    },
    "2018-09-30": {
        "Diluted EPS": 0.1,
        "Total Revenue": 113,
        "Gross Profit": 16,
        "Operating Income": 5,
        "EBIT": 7,
        "Net Income": 5
    },
    "2018-06-30": {
        "Diluted EPS": 0.11,
        "Total Revenue": 112,
        "Gross Profit": 17,
        "Operating Income": 6,
        "EBIT": 8,
        "Net Income": 5
    },
    "2018-03-31": {
        "Diluted EPS": 0.14,
        "Total Revenue": 118,
        "Gross Profit": 18,
        "Operating Income": 7,
        "EBIT": 8,
        "Net Income": 7
    },
    "2017-12-31": {
        "Diluted EPS": 0.04,
        "Total Revenue": 87,
        "Gross Profit": 12,
        "Operating Income": 2,
        "EBIT": 3,
        "Net Income": 2
    },
    "2017-09-30": {
        "Diluted EPS": 0.03,
        "Total Revenue": 87,
        "Gross Profit": 11,
        "Operating Income": 1,
        "EBIT": 4,
        "Net Income": 1
    },
    "2017-06-30": {
        "Diluted EPS": -0.03,
        "Total Revenue": 82,
        "Gross Profit": 11,
        "Operating Income": 2,
        "EBIT": 4,
        "Net Income": -1
    },
    "2017-03-31": {
        "Diluted EPS": 0.01,
        "Total Revenue": 79,
        "Gross Profit": 10,
        "Operating Income": 0,
        "EBIT": 3,
        "Net Income": 1
    },
    "2016-12-31": {
        "Diluted EPS": -0.17,
        "Total Revenue": 66,
        "Gross Profit": 4,
        "Operating Income": -8,
        "EBIT": -5,
        "Net Income": -8
    },
    "2016-09-30": {
        "Diluted EPS": -0.08,
        "Total Revenue": 73,
        "Gross Profit": 6,
        "Operating Income": -5,
        "EBIT": -2,
        "Net Income": -4
    },
    "2016-06-30": {
        "Diluted EPS": -0.08,
        "Total Revenue": 79,
        "Gross Profit": 7,
        "Operating Income": -4,
        "EBIT": 0,
        "Net Income": -3
    },
    "2016-03-31": {
        "Diluted EPS": -0.07,
        "Total Revenue": 81,
        "Gross Profit": 8,
        "Operating Income": -3,
        "EBIT": 1,
        "Net Income": -3
    },
    "2015-12-31": {
        "Diluted EPS": -0.14,
        "Total Revenue": 65,
        "Gross Profit": 5,
        "Operating Income": -6,
        "EBIT": -3,
        "Net Income": -6
    },
    "2015-09-30": {
        "Diluted EPS": -0.14,
        "Total Revenue": 72,
        "Gross Profit": 6,
        "Operating Income": -6,
        "EBIT": -2,
        "Net Income": -6
    },
    "2015-06-30": {
        "Diluted EPS": -0.12,
        "Total Revenue": 71,
        "Gross Profit": 8,
        "Operating Income": -4,
        "EBIT": 0,
        "Net Income": -5
    },
    "2015-03-31": {
        "Diluted EPS": -0.07,
        "Total Revenue": 75,
        "Gross Profit": 10,
        "Operating Income": -3,
        "EBIT": 2,
        "Net Income": -3
    },
    "2014-12-31": {
        "Diluted EPS": -0.12,
        "Total Revenue": 67,
        "Gross Profit": 6,
        "Operating Income": -5,
        "EBIT": 0,
        "Net Income": -5
    },
    "2014-09-30": {
        "Diluted EPS": -0.14,
        "Total Revenue": 69,
        "Gross Profit": 6,
        "Operating Income": -7,
        "EBIT": -2,
        "Net Income": -6
    },
    "2014-06-30": {
        "Diluted EPS": -2.27,
        "Total Revenue": 68,
        "Gross Profit": 7,
        "Operating Income": -102,
        "EBIT": -96,
        "Net Income": -99
    },
    "2014-03-31": {
        "Diluted EPS": -0.06,
        "Total Revenue": 72,
        "Gross Profit": 10,
        "Operating Income": -3,
        "EBIT": 4,
        "Net Income": -3
    },
    "2013-12-31": {
        "Diluted EPS": -1.01,
        "Total Revenue": 66,
        "Gross Profit": 10,
        "Operating Income": -3,
        "EBIT": 4,
        "Net Income": -44
    },
    "2013-09-30": {
        "Diluted EPS": -0.02,
        "Total Revenue": 77,
        "Gross Profit": 13,
        "Operating Income": 0,
        "EBIT": 7,
        "Net Income": -1
    },
    "2013-06-30": {
        "Diluted EPS": -0.04,
        "Total Revenue": 76,
        "Gross Profit": 15,
        "Operating Income": 2,
        "EBIT": 9,
        "Net Income": -2
    },
    "2013-03-31": {
        "Diluted EPS": -0.05,
        "Total Revenue": 79,
        "Gross Profit": 15,
        "Operating Income": 2,
        "EBIT": 9,
        "Net Income": -2
    },
    "2012-12-31": {
        "Diluted EPS": -1.48,
        "Total Revenue": 72,
        "Gross Profit": 10,
        "Operating Income": -94,
        "EBIT": -84,
        "Net Income": -63
    },
    "2012-09-30": {
        "Diluted EPS": -0.0,
        "Total Revenue": 79,
        "Gross Profit": 13,
        "Operating Income": 1,
        "EBIT": 9,
        "Net Income": 0
    },
    "2012-06-30": {
        "Diluted EPS": 0.02,
        "Total Revenue": 86,
        "Gross Profit": 19,
        "Operating Income": 4,
        "EBIT": 12,
        "Net Income": 0
    },
    "2012-03-31": {
        "Diluted EPS": 0.06,
        "Total Revenue": 93,
        "Gross Profit": 21,
        "Operating Income": 6,
        "EBIT": 14,
        "Net Income": 3
    },
    "2011-12-31": {
        "Diluted EPS": 0.09,
        "Total Revenue": 91,
        "Gross Profit": 22,
        "Operating Income": 8,
        "EBIT": 16,
        "Net Income": 4
    },
    "2011-09-30": {
        "Diluted EPS": 0.11,
        "Total Revenue": 101,
        "Gross Profit": 25,
        "Operating Income": 10,
        "EBIT": 17,
        "Net Income": 5
    },
    "2011-06-30": {
        "Diluted EPS": 0.12,
        "Total Revenue": 94,
        "Gross Profit": 25,
        "Operating Income": 11,
        "EBIT": 18,
        "Net Income": 6
    },
    "2011-03-31": {
        "Diluted EPS": 0.13,
        "Total Revenue": 108,
        "Gross Profit": 29,
        "Operating Income": 12,
        "EBIT": 20,
        "Net Income": 6
    },
    "2010-12-31": {
        "Diluted EPS": 0.14,
        "Total Revenue": 98,
        "Gross Profit": 27,
        "Operating Income": 11,
        "EBIT": 18,
        "Net Income": 7
    },
    "2010-09-30": {
        "Diluted EPS": 0.16,
        "Total Revenue": 104,
        "Gross Profit": 30,
        "Operating Income": 15,
        "EBIT": 21,
        "Net Income": 8
    },
    "2010-06-30": {
        "Diluted EPS": 0.15,
        "Total Revenue": 89,
        "Gross Profit": 26,
        "Operating Income": 12,
        "EBIT": 17,
        "Net Income": 6
    },
    "2010-03-31": {
        "Diluted EPS": 0.11,
        "Total Revenue": 91,
        "Gross Profit": 25,
        "Operating Income": 10,
        "EBIT": 15,
        "Net Income": 4
    },
    "2009-12-31": {
        "Diluted EPS": 0.04,
        "Total Revenue": 77,
        "Gross Profit": 20,
        "Operating Income": 5,
        "EBIT": 10,
        "Net Income": 1
    },
    "2009-09-30": {
        "Diluted EPS": 0.16,
        "Total Revenue": 79,
        "Gross Profit": 24,
        "Operating Income": 12,
        "EBIT": 16,
        "Net Income": 2
    },
    "2009-06-30": {
        "Diluted EPS": 0.0,
        "Total Revenue": NaN,
        "Gross Profit": NaN,
        "Operating Income": NaN,
        "EBIT": NaN,
        "Net Income": NaN
    },
    "2009-03-31": {
        "Diluted EPS": 0.15,
        "Total Revenue": 70,
        "Gross Profit": 23,
        "Operating Income": 13,
        "EBIT": 13,
        "Net Income": 2
    },
    "2023-06-30": {
        "Tax Effect Of Unusual Items": 0.0,
        "Tax Rate For Calcs": 0.21,
        "Normalized EBITDA": 36000.0,
        "Net Income From Continuing Operation Net Minority Interest": -55891000.0,
        "Reconciled Depreciation": 5151000.0,
        "Reconciled Cost Of Revenue": 119713000.0,
        "EBITDA": 36000.0,
        "EBIT": -5115000.0,
        "Net Interest Income": 67000.0,
        "Interest Expense": 164000.0,
        "Interest Income": 231000.0,
        "Normalized Income": -55891000.0,
        "Net Income From Continuing And Discontinued Operation": -55891000.0,
        "Total Expenses": 135650000.0,
        "Total Operating Income As Reported": -5338000.0,
        "Diluted Average Shares": 54196000.0,
        "Basic Average Shares": 54196000.0,
        "Diluted EPS": -1.03,
        "Basic EPS": -1.03,
        "Diluted NI Availto Com Stockholders": -55891000.0,
        "Net Income Common Stockholders": -55891000.0,
        "Net Income": -55891000.0,
        "Net Income Including Noncontrolling Interests": -55891000.0,
        "Net Income Continuous Operations": -55891000.0,
        "Tax Provision": 50612000.0,
        "Pretax Income": -5279000.0,
        "Other Income Expense": -8000.0,
        "Other Non Operating Income Expenses": -8000.0,
        "Net Non Operating Interest Income Expense": 67000.0,
        "Interest Expense Non Operating": 164000.0,
        "Interest Income Non Operating": 231000.0,
        "Operating Income": -5338000.0,
        "Operating Expense": 15937000.0,
        "Research And Development": 7061000.0,
        "Selling General And Administration": 8876000.0,
        "Selling And Marketing Expense": 2891000.0,
        "General And Administrative Expense": 5985000.0,
        "Other Gand A": 5985000.0,
        "Gross Profit": 10599000.0,
        "Cost Of Revenue": 119713000.0,
        "Total Revenue": 130312000.0,
        "Operating Revenue": 128339000.0
    },
    "2023-09-30": {
        "Tax Effect Of Unusual Items": 0.0,
        "Tax Rate For Calcs": 0.21,
        "Normalized EBITDA": -4366000.0,
        "Net Income From Continuing Operation Net Minority Interest": -10565000.0,
        "Reconciled Depreciation": 5338000.0,
        "Reconciled Cost Of Revenue": 116274000.0,
        "EBITDA": -4366000.0,
        "EBIT": -9704000.0,
        "Net Interest Income": 55000.0,
        "Interest Expense": 111000.0,
        "Interest Income": 166000.0,
        "Normalized Income": -10565000.0,
        "Net Income From Continuing And Discontinued Operation": -10565000.0,
        "Total Expenses": 133822000.0,
        "Total Operating Income As Reported": -9899000.0,
        "Diluted Average Shares": 54470000.0,
        "Basic Average Shares": 54470000.0,
        "Diluted EPS": -0.19,
        "Basic EPS": -0.19,
        "Diluted NI Availto Com Stockholders": -10565000.0,
        "Net Income Common Stockholders": -10565000.0,
        "Net Income": -10565000.0,
        "Net Income Including Noncontrolling Interests": -10565000.0,
        "Net Income Continuous Operations": -10565000.0,
        "Tax Provision": 750000.0,
        "Pretax Income": -9815000.0,
        "Other Income Expense": 29000.0,
        "Other Non Operating Income Expenses": 29000.0,
        "Net Non Operating Interest Income Expense": 55000.0,
        "Interest Expense Non Operating": 111000.0,
        "Interest Income Non Operating": 166000.0,
        "Operating Income": -9899000.0,
        "Operating Expense": 17548000.0,
        "Research And Development": 7637000.0,
        "Selling General And Administration": 9911000.0,
        "Selling And Marketing Expense": 3124000.0,
        "General And Administrative Expense": 6787000.0,
        "Other Gand A": 6787000.0,
        "Gross Profit": 7649000.0,
        "Cost Of Revenue": 116274000.0,
        "Total Revenue": 123923000.0,
        "Operating Revenue": 121519000.0
    },
    "2023-12-31": {
        "Tax Effect Of Unusual Items": 0.0,
        "Tax Rate For Calcs": 0.21,
        "Normalized EBITDA": -5478000.0,
        "Net Income From Continuing Operation Net Minority Interest": -11554000.0,
        "Reconciled Depreciation": 5713000.0,
        "Reconciled Cost Of Revenue": 115830000.0,
        "EBITDA": -5478000.0,
        "EBIT": -11191000.0,
        "Net Interest Income": 55000.0,
        "Interest Expense": 111000.0,
        "Interest Income": 166000.0,
        "Normalized Income": -11554000.0,
        "Net Income From Continuing And Discontinued Operation": -11554000.0,
        "Total Expenses": 134078000.0,
        "Total Operating Income As Reported": -11395000.0,
        "Diluted Average Shares": 54759000.0,
        "Basic Average Shares": 54759000.0,
        "Diluted EPS": -0.21,
        "Basic EPS": -0.21,
        "Diluted NI Availto Com Stockholders": -11554000.0,
        "Net Income Common Stockholders": -11554000.0,
        "Net Income": -11554000.0,
        "Net Income Including Noncontrolling Interests": -11554000.0,
        "Net Income Continuous Operations": -11554000.0,
        "Tax Provision": 252000.0,
        "Pretax Income": -11302000.0,
        "Other Income Expense": 38000.0,
        "Other Non Operating Income Expenses": 38000.0,
        "Net Non Operating Interest Income Expense": 55000.0,
        "Interest Expense Non Operating": 111000.0,
        "Interest Income Non Operating": 166000.0,
        "Operating Income": -11395000.0,
        "Operating Expense": 18248000.0,
        "Research And Development": 7272000.0,
        "Selling General And Administration": 10976000.0,
        "Selling And Marketing Expense": 3325000.0,
        "General And Administrative Expense": 7651000.0,
        "Other Gand A": 7651000.0,
        "Gross Profit": 6853000.0,
        "Cost Of Revenue": 115830000.0,
        "Total Revenue": 122683000.0,
        "Operating Revenue": 120667000.0
    },
    "2024-03-31": {
        "Tax Effect Of Unusual Items": NaN,
        "Tax Rate For Calcs": NaN,
        "Normalized EBITDA": NaN,
        "Net Income From Continuing Operation Net Minority Interest": NaN,
        "Reconciled Depreciation": NaN,
        "Reconciled Cost Of Revenue": NaN,
        "EBITDA": NaN,
        "EBIT": NaN,
        "Net Interest Income": NaN,
        "Interest Expense": NaN,
        "Interest Income": NaN,
        "Normalized Income": NaN,
        "Net Income From Continuing And Discontinued Operation": NaN,
        "Total Expenses": NaN,
        "Total Operating Income As Reported": NaN,
        "Diluted Average Shares": 55065000.0,
        "Basic Average Shares": 55065000.0,
        "Diluted EPS": -0.13,
        "Basic EPS": -0.13,
        "Diluted NI Availto Com Stockholders": NaN,
        "Net Income Common Stockholders": NaN,
        "Net Income": NaN,
        "Net Income Including Noncontrolling Interests": NaN,
        "Net Income Continuous Operations": NaN,
        "Tax Provision": NaN,
        "Pretax Income": NaN,
        "Other Income Expense": NaN,
        "Other Non Operating Income Expenses": NaN,
        "Net Non Operating Interest Income Expense": NaN,
        "Interest Expense Non Operating": NaN,
        "Interest Income Non Operating": NaN,
        "Operating Income": NaN,
        "Operating Expense": NaN,
        "Research And Development": NaN,
        "Selling General And Administration": NaN,
        "Selling And Marketing Expense": NaN,
        "General And Administrative Expense": NaN,
        "Other Gand A": NaN,
        "Gross Profit": NaN,
        "Cost Of Revenue": NaN,
        "Total Revenue": NaN,
        "Operating Revenue": NaN
    }
}