{
    "2023-03-31": {
        "Tax Effect Of Unusual Items": 3758160.0,
        "Tax Rate For Calcs": 0.21,
        "Normalized EBITDA": 593000.0,
        "Total Unusual Items": 17896000.0,
        "Total Unusual Items Excluding Goodwill": 17896000.0,
        "Net Income From Continuing Operation Net Minority Interest": -516000.0,
        "Reconciled Depreciation": 17543000.0,
        "Reconciled Cost Of Revenue": 67430000.0,
        "EBITDA": 18489000.0,
        "EBIT": 946000.0,
        "Net Interest Income": 832000.0,
        "Interest Expense": 1444000.0,
        "Interest Income": 2276000.0,
        "Normalized Income": -14653840.0,
        "Net Income From Continuing And Discontinued Operation": -516000.0,
        "Total Expenses": 172234000.0,
        "Rent Expense Supplemental": 1961000.0,
        "Total Operating Income As Reported": -21199000.0,
        "Diluted Average Shares": 57885000.0,
        "Basic Average Shares": 57885000.0,
        "Diluted EPS": -0.01,
        "Basic EPS": -0.01,
        "Diluted NI Availto Com Stockholders": -516000.0,
        "Net Income Common Stockholders": -516000.0,
        "Net Income": -516000.0,
        "Net Income Including Noncontrolling Interests": -516000.0,
        "Net Income Continuous Operations": -516000.0,
        "Tax Provision": 18000.0,
        "Pretax Income": -498000.0,
        "Other Income Expense": 17896000.0,
        "Special Income Charges": 17896000.0,
        "Other Special Charges": -19869000.0,
        "Restructuring And Mergern Acquisition": 1973000.0,
        "Net Non Operating Interest Income Expense": 832000.0,
        "Interest Expense Non Operating": 1444000.0,
        "Interest Income Non Operating": 2276000.0,
        "Operating Income": -19226000.0,
        "Operating Expense": 92523000.0,
        "Depreciation Amortization Depletion Income Statement": 5262000.0,
        "Depreciation And Amortization In Income Statement": 5262000.0,
        "Amortization": 5262000.0,
        "Amortization Of Intangibles Income Statement": 5262000.0,
        "Research And Development": 34425000.0,
        "Selling General And Administration": 52836000.0,
        "Selling And Marketing Expense": 28144000.0,
        "General And Administrative Expense": 24692000.0,
        "Other Gand A": 24692000.0,
        "Rent And Landing Fees": 1961000.0,
        "Gross Profit": 73297000.0,
        "Cost Of Revenue": 79711000.0,
        "Total Revenue": 153008000.0,
        "Operating Revenue": 153008000.0
    },
    "2022-12-31": {
        "Tax Effect Of Unusual Items": NaN,
        "Tax Rate For Calcs": NaN,
        "Normalized EBITDA": NaN,
        "Total Unusual Items": NaN,
        "Total Unusual Items Excluding Goodwill": NaN,
        "Net Income From Continuing Operation Net Minority Interest": NaN,
        "Reconciled Depreciation": NaN,
        "Reconciled Cost Of Revenue": NaN,
        "EBITDA": NaN,
        "EBIT": NaN,
        "Net Interest Income": NaN,
        "Interest Expense": NaN,
        "Interest Income": NaN,
        "Normalized Income": NaN,
        "Net Income From Continuing And Discontinued Operation": NaN,
        "Total Expenses": NaN,
        "Rent Expense Supplemental": 7171000.0,
        "Total Operating Income As Reported": NaN,
        "Diluted Average Shares": 57582000.0,
        "Basic Average Shares": 57582000.0,
        "Diluted EPS": -0.56,
        "Basic EPS": -0.56,
        "Diluted NI Availto Com Stockholders": NaN,
        "Net Income Common Stockholders": NaN,
        "Net Income": NaN,
        "Net Income Including Noncontrolling Interests": NaN,
        "Net Income Continuous Operations": NaN,
        "Tax Provision": NaN,
        "Pretax Income": NaN,
        "Other Income Expense": NaN,
        "Special Income Charges": NaN,
        "Other Special Charges": NaN,
        "Restructuring And Mergern Acquisition": NaN,
        "Net Non Operating Interest Income Expense": NaN,
        "Interest Expense Non Operating": NaN,
        "Interest Income Non Operating": NaN,
        "Operating Income": NaN,
        "Operating Expense": NaN,
        "Depreciation Amortization Depletion Income Statement": NaN,
        "Depreciation And Amortization In Income Statement": NaN,
        "Amortization": NaN,
        "Amortization Of Intangibles Income Statement": NaN,
        "Research And Development": NaN,
        "Selling General And Administration": NaN,
        "Selling And Marketing Expense": NaN,
        "General And Administrative Expense": NaN,
        "Other Gand A": NaN,
        "Rent And Landing Fees": 7171000.0,
        "Gross Profit": NaN,
        "Cost Of Revenue": NaN,
        "Total Revenue": NaN,
        "Operating Revenue": NaN
    },
    "2022-09-30": {
        "Tax Effect Of Unusual Items": NaN,
        "Tax Rate For Calcs": NaN,
        "Normalized EBITDA": NaN,
        "Total Unusual Items": NaN,
        "Total Unusual Items Excluding Goodwill": NaN,
        "Net Income From Continuing Operation Net Minority Interest": NaN,
        "Reconciled Depreciation": NaN,
        "Reconciled Cost Of Revenue": NaN,
        "EBITDA": NaN,
        "EBIT": NaN,
        "Net Interest Income": NaN,
        "Interest Expense": NaN,
        "Interest Income": NaN,
        "Normalized Income": NaN,
        "Net Income From Continuing And Discontinued Operation": NaN,
        "Total Expenses": NaN,
        "Rent Expense Supplemental": 5494000.0,
        "Total Operating Income As Reported": NaN,
        "Diluted Average Shares": NaN,
        "Basic Average Shares": NaN,
        "Diluted EPS": NaN,
        "Basic EPS": NaN,
        "Diluted NI Availto Com Stockholders": NaN,
        "Net Income Common Stockholders": NaN,
        "Net Income": NaN,
        "Net Income Including Noncontrolling Interests": NaN,
        "Net Income Continuous Operations": NaN,
        "Tax Provision": NaN,
        "Pretax Income": NaN,
        "Other Income Expense": NaN,
        "Special Income Charges": NaN,
        "Other Special Charges": NaN,
        "Restructuring And Mergern Acquisition": NaN,
        "Net Non Operating Interest Income Expense": NaN,
        "Interest Expense Non Operating": NaN,
        "Interest Income Non Operating": NaN,
        "Operating Income": NaN,
        "Operating Expense": NaN,
        "Depreciation Amortization Depletion Income Statement": NaN,
        "Depreciation And Amortization In Income Statement": NaN,
        "Amortization": NaN,
        "Amortization Of Intangibles Income Statement": NaN,
        "Research And Development": NaN,
        "Selling General And Administration": NaN,
        "Selling And Marketing Expense": NaN,
        "General And Administrative Expense": NaN,
        "Other Gand A": NaN,
        "Rent And Landing Fees": 5494000.0,
        "Gross Profit": NaN,
        "Cost Of Revenue": NaN,
        "Total Revenue": NaN,
        "Operating Revenue": NaN
    },
    "2022-06-30": {
        "Tax Effect Of Unusual Items": -210800.0,
        "Tax Rate For Calcs": 0.4,
        "Normalized EBITDA": -7666000.0,
        "Total Unusual Items": -527000.0,
        "Total Unusual Items Excluding Goodwill": -527000.0,
        "Net Income From Continuing Operation Net Minority Interest": -25222000.0,
        "Reconciled Depreciation": 15027000.0,
        "Reconciled Cost Of Revenue": 66816000.0,
        "EBITDA": -8193000.0,
        "EBIT": -23220000.0,
        "Net Interest Income": -1098000.0,
        "Interest Expense": 1662000.0,
        "Interest Income": 564000.0,
        "Normalized Income": -24905800.0,
        "Net Income From Continuing And Discontinued Operation": -25222000.0,
        "Total Expenses": 163566000.0,
        "Rent Expense Supplemental": 129000.0,
        "Total Operating Income As Reported": -23784000.0,
        "Diluted Average Shares": 57234000.0,
        "Basic Average Shares": 57234000.0,
        "Diluted EPS": -0.44,
        "Basic EPS": -0.44,
        "Diluted NI Availto Com Stockholders": -25222000.0,
        "Net Income Common Stockholders": -25222000.0,
        "Net Income": -25222000.0,
        "Net Income Including Noncontrolling Interests": -25222000.0,
        "Net Income Continuous Operations": -25222000.0,
        "Tax Provision": 340000.0,
        "Pretax Income": -24882000.0,
        "Other Income Expense": -527000.0,
        "Other Non Operating Income Expenses": NaN,
        "Special Income Charges": -527000.0,
        "Other Special Charges": NaN,
        "Restructuring And Mergern Acquisition": 527000.0,
        "Net Non Operating Interest Income Expense": -1098000.0,
        "Interest Expense Non Operating": 1662000.0,
        "Interest Income Non Operating": 564000.0,
        "Operating Income": -23257000.0,
        "Operating Expense": 86145000.0,
        "Depreciation Amortization Depletion Income Statement": 4422000.0,
        "Depreciation And Amortization In Income Statement": 4422000.0,
        "Amortization": 4422000.0,
        "Amortization Of Intangibles Income Statement": 4422000.0,
        "Research And Development": 31832000.0,
        "Selling General And Administration": 49891000.0,
        "Selling And Marketing Expense": 26477000.0,
        "General And Administrative Expense": 23414000.0,
        "Other Gand A": 23285000.0,
        "Rent And Landing Fees": 129000.0,
        "Gross Profit": 62888000.0,
        "Cost Of Revenue": 77421000.0,
        "Total Revenue": 140309000.0,
        "Operating Revenue": 140309000.0
    },
    "2023-06-30": {
        "Tax Effect Of Unusual Items": -487410.0,
        "Tax Rate For Calcs": 0.21,
        "Normalized EBITDA": -1306000.0,
        "Total Unusual Items": -2321000.0,
        "Total Unusual Items Excluding Goodwill": -2321000.0,
        "Net Income From Continuing Operation Net Minority Interest": -23622000.0,
        "Reconciled Depreciation": 17935000.0,
        "Reconciled Cost Of Revenue": 68020000.0,
        "EBITDA": -3627000.0,
        "EBIT": -21562000.0,
        "Net Interest Income": 526000.0,
        "Interest Expense": 1581000.0,
        "Interest Income": 2107000.0,
        "Normalized Income": -21788410.0,
        "Net Income From Continuing And Discontinued Operation": -23622000.0,
        "Total Expenses": 175879000.0,
        "Rent Expense Supplemental": NaN,
        "Total Operating Income As Reported": -23669000.0,
        "Diluted Average Shares": 58286000.0,
        "Basic Average Shares": 58286000.0,
        "Diluted EPS": -0.41,
        "Basic EPS": -0.41,
        "Diluted NI Availto Com Stockholders": -23622000.0,
        "Net Income Common Stockholders": -23622000.0,
        "Net Income": -23622000.0,
        "Net Income Including Noncontrolling Interests": -23622000.0,
        "Net Income Continuous Operations": -23622000.0,
        "Tax Provision": 479000.0,
        "Pretax Income": -23143000.0,
        "Other Income Expense": -2321000.0,
        "Special Income Charges": -2321000.0,
        "Other Special Charges": NaN,
        "Restructuring And Mergern Acquisition": 2321000.0,
        "Net Non Operating Interest Income Expense": 526000.0,
        "Interest Expense Non Operating": 1581000.0,
        "Interest Income Non Operating": 2107000.0,
        "Operating Income": -21348000.0,
        "Operating Expense": 95176000.0,
        "Depreciation Amortization Depletion Income Statement": 5252000.0,
        "Depreciation And Amortization In Income Statement": 5252000.0,
        "Amortization": 5252000.0,
        "Amortization Of Intangibles Income Statement": 5252000.0,
        "Research And Development": 34096000.0,
        "Selling General And Administration": 55828000.0,
        "Selling And Marketing Expense": 28701000.0,
        "General And Administrative Expense": 27127000.0,
        "Other Gand A": 27127000.0,
        "Rent And Landing Fees": NaN,
        "Gross Profit": 73828000.0,
        "Cost Of Revenue": 80703000.0,
        "Total Revenue": 154531000.0,
        "Operating Revenue": 154531000.0
    },
    "2022-03-31": {
        "Diluted EPS": -0.41,
        "Total Revenue": 134,
        "Gross Profit": 60,
        "Operating Income": -21,
        "EBIT": 0,
        "Net Income": -24
    },
    "2021-12-31": {
        "Diluted EPS": -0.45,
        "Total Revenue": 132,
        "Gross Profit": 59,
        "Operating Income": -18,
        "EBIT": 11,
        "Net Income": -25
    },
    "2021-09-30": {
        "Diluted EPS": -0.56,
        "Total Revenue": 127,
        "Gross Profit": 57,
        "Operating Income": -23,
        "EBIT": 4,
        "Net Income": -32
    },
    "2021-06-30": {
        "Diluted EPS": -0.53,
        "Total Revenue": 124,
        "Gross Profit": 55,
        "Operating Income": -20,
        "EBIT": 7,
        "Net Income": -30
    },
    "2021-03-31": {
        "Diluted EPS": -0.46,
        "Total Revenue": 117,
        "Gross Profit": 53,
        "Operating Income": -18,
        "EBIT": 9,
        "Net Income": -26
    },
    "2020-12-31": {
        "Diluted EPS": -0.69,
        "Total Revenue": 109,
        "Gross Profit": 45,
        "Operating Income": -20,
        "EBIT": 8,
        "Net Income": -38
    },
    "2020-09-30": {
        "Diluted EPS": -0.5,
        "Total Revenue": 104,
        "Gross Profit": 46,
        "Operating Income": -20,
        "EBIT": 4,
        "Net Income": -27
    },
    "2020-06-30": {
        "Diluted EPS": -0.76,
        "Total Revenue": 98,
        "Gross Profit": 44,
        "Operating Income": -32,
        "EBIT": -9,
        "Net Income": -39
    },
    "2020-03-31": {
        "Diluted EPS": -0.7,
        "Total Revenue": 92,
        "Gross Profit": 39,
        "Operating Income": -27,
        "EBIT": -5,
        "Net Income": -34
    },
    "2019-12-31": {
        "Diluted EPS": -0.31,
        "Total Revenue": 87,
        "Gross Profit": 42,
        "Operating Income": -22,
        "EBIT": -2,
        "Net Income": -16
    },
    "2019-09-30": {
        "Diluted EPS": -0.39,
        "Total Revenue": 80,
        "Gross Profit": 39,
        "Operating Income": -13,
        "EBIT": 1,
        "Net Income": -19
    },
    "2019-06-30": {
        "Diluted EPS": -0.39,
        "Total Revenue": 78,
        "Gross Profit": 38,
        "Operating Income": -14,
        "EBIT": 0,
        "Net Income": -17
    },
    "2019-03-31": {
        "Diluted EPS": -0.44,
        "Total Revenue": 71,
        "Gross Profit": 34,
        "Operating Income": -17,
        "EBIT": -7,
        "Net Income": -19
    },
    "2018-12-31": {
        "Diluted EPS": -0.28,
        "Total Revenue": 67,
        "Gross Profit": 32,
        "Operating Income": -13,
        "EBIT": -3,
        "Net Income": -12
    },
    "2018-09-30": {
        "Diluted EPS": -0.21,
        "Total Revenue": 61,
        "Gross Profit": 30,
        "Operating Income": -7,
        "EBIT": 1,
        "Net Income": -9
    },
    "2018-06-30": {
        "Diluted EPS": -0.2,
        "Total Revenue": 59,
        "Gross Profit": 29,
        "Operating Income": -7,
        "EBIT": 1,
        "Net Income": -9
    },
    "2018-03-31": {
        "Diluted EPS": -0.14,
        "Total Revenue": 55,
        "Gross Profit": 28,
        "Operating Income": -5,
        "EBIT": 2,
        "Net Income": -6
    },
    "2017-12-31": {
        "Diluted EPS": -0.13,
        "Total Revenue": 52,
        "Gross Profit": 25,
        "Operating Income": -6,
        "EBIT": 0,
        "Net Income": -6
    },
    "2017-09-30": {
        "Diluted EPS": -0.14,
        "Total Revenue": 50,
        "Gross Profit": 24,
        "Operating Income": -6,
        "EBIT": 0,
        "Net Income": -6
    },
    "2017-06-30": {
        "Diluted EPS": -0.19,
        "Total Revenue": 48,
        "Gross Profit": 23,
        "Operating Income": -8,
        "EBIT": -2,
        "Net Income": -8
    },
    "2017-03-31": {
        "Diluted EPS": -0.17,
        "Total Revenue": 45,
        "Gross Profit": 22,
        "Operating Income": -7,
        "EBIT": -2,
        "Net Income": -7
    },
    "2016-12-31": {
        "Diluted EPS": -0.18,
        "Total Revenue": 42,
        "Gross Profit": 21,
        "Operating Income": -7,
        "EBIT": -2,
        "Net Income": -8
    },
    "2016-09-30": {
        "Diluted EPS": -0.24,
        "Total Revenue": 38,
        "Gross Profit": 19,
        "Operating Income": -9,
        "EBIT": -4,
        "Net Income": -9
    },
    "2016-06-30": {
        "Diluted EPS": -0.25,
        "Total Revenue": 36,
        "Gross Profit": 17,
        "Operating Income": -10,
        "EBIT": -5,
        "Net Income": -10
    },
    "2016-03-31": {
        "Diluted EPS": -0.25,
        "Total Revenue": 34,
        "Gross Profit": 16,
        "Operating Income": -9,
        "EBIT": -5,
        "Net Income": -10
    },
    "2015-12-31": {
        "Diluted EPS": -0.22,
        "Total Revenue": 30,
        "Gross Profit": 14,
        "Operating Income": -8,
        "EBIT": -5,
        "Net Income": -8
    },
    "2015-09-30": {
        "Diluted EPS": -0.19,
        "Total Revenue": 28,
        "Gross Profit": 13,
        "Operating Income": -7,
        "EBIT": -3,
        "Net Income": -7
    },
    "2015-06-30": {
        "Diluted EPS": -0.13,
        "Total Revenue": 26,
        "Gross Profit": 12,
        "Operating Income": -5,
        "EBIT": -3,
        "Net Income": -5
    },
    "2015-03-31": {
        "Diluted EPS": -0.13,
        "Total Revenue": 24,
        "Gross Profit": 11,
        "Operating Income": -5,
        "EBIT": -2,
        "Net Income": -5
    },
    "2014-12-31": {
        "Diluted EPS": 0.0,
        "Total Revenue": 22,
        "Gross Profit": 9,
        "Operating Income": -5,
        "EBIT": -2,
        "Net Income": -5
    },
    "2014-09-30": {
        "Diluted EPS": -0.14,
        "Total Revenue": 21,
        "Gross Profit": 9,
        "Operating Income": -5,
        "EBIT": -2,
        "Net Income": -5
    },
    "2014-06-30": {
        "Diluted EPS": -0.14,
        "Total Revenue": 19,
        "Gross Profit": 8,
        "Operating Income": -5,
        "EBIT": -2,
        "Net Income": -5
    },
    "2014-03-31": {
        "Diluted EPS": -0.39,
        "Total Revenue": 17,
        "Gross Profit": 7,
        "Operating Income": -5,
        "EBIT": -3,
        "Net Income": -6
    },
    "2013-12-31": {
        "Diluted EPS": -0.54,
        "Total Revenue": 16,
        "Gross Profit": 5,
        "Operating Income": -6,
        "EBIT": -5,
        "Net Income": -6
    },
    "2013-09-30": {
        "Diluted EPS": -0.43,
        "Total Revenue": 14,
        "Gross Profit": 5,
        "Operating Income": -5,
        "EBIT": -3,
        "Net Income": -5
    },
    "2013-06-30": {
        "Diluted EPS": -0.31,
        "Total Revenue": 14,
        "Gross Profit": 6,
        "Operating Income": -4,
        "EBIT": -2,
        "Net Income": -4
    },
    "2013-03-31": {
        "Diluted EPS": -0.22,
        "Total Revenue": 13,
        "Gross Profit": 5,
        "Operating Income": -2,
        "EBIT": -1,
        "Net Income": -2
    },
    "2012-12-31": {
        "Diluted EPS": 0.0,
        "Total Revenue": NaN,
        "Gross Profit": NaN,
        "Operating Income": NaN,
        "EBIT": NaN,
        "Net Income": NaN
    },
    "2011-12-31": {
        "Diluted EPS": 0.0,
        "Total Revenue": NaN,
        "Gross Profit": NaN,
        "Operating Income": NaN,
        "EBIT": NaN,
        "Net Income": NaN
    },
    "2023-09-30": {
        "Tax Effect Of Unusual Items": -694260.0,
        "Tax Rate For Calcs": 0.21,
        "Normalized EBITDA": 748000.0,
        "Total Unusual Items": -3306000.0,
        "Total Unusual Items Excluding Goodwill": -3306000.0,
        "Net Income From Continuing Operation Net Minority Interest": -23167000.0,
        "Reconciled Depreciation": 18286000.0,
        "Reconciled Cost Of Revenue": 67798000.0,
        "EBITDA": -2558000.0,
        "EBIT": -20844000.0,
        "Net Interest Income": 1011000.0,
        "Interest Expense": 1317000.0,
        "Interest Income": 2328000.0,
        "Normalized Income": -20555260.0,
        "Net Income From Continuing And Discontinued Operation": -23167000.0,
        "Total Expenses": 174833000.0,
        "Rent Expense Supplemental": NaN,
        "Total Operating Income As Reported": -23172000.0,
        "Diluted Average Shares": 58492000.0,
        "Basic Average Shares": 58492000.0,
        "Diluted EPS": -0.4,
        "Basic EPS": -0.4,
        "Diluted NI Availto Com Stockholders": -23167000.0,
        "Net Income Common Stockholders": -23167000.0,
        "Net Income": -23167000.0,
        "Net Income Including Noncontrolling Interests": -23167000.0,
        "Net Income Continuous Operations": -23167000.0,
        "Tax Provision": 1006000.0,
        "Pretax Income": -22161000.0,
        "Other Income Expense": -3306000.0,
        "Special Income Charges": -3306000.0,
        "Other Special Charges": NaN,
        "Restructuring And Mergern Acquisition": 3306000.0,
        "Net Non Operating Interest Income Expense": 1011000.0,
        "Interest Expense Non Operating": 1317000.0,
        "Interest Income Non Operating": 2328000.0,
        "Operating Income": -19866000.0,
        "Operating Expense": 93999000.0,
        "Depreciation Amortization Depletion Income Statement": 5250000.0,
        "Depreciation And Amortization In Income Statement": 5250000.0,
        "Amortization": 5250000.0,
        "Amortization Of Intangibles Income Statement": 5250000.0,
        "Research And Development": 34542000.0,
        "Selling General And Administration": 54207000.0,
        "Selling And Marketing Expense": 26123000.0,
        "General And Administrative Expense": 28084000.0,
        "Other Gand A": 28084000.0,
        "Rent And Landing Fees": NaN,
        "Gross Profit": 74133000.0,
        "Cost Of Revenue": 80834000.0,
        "Total Revenue": 154967000.0,
        "Operating Revenue": 154967000.0
    },
    "2023-12-31": {
        "Tax Effect Of Unusual Items": -713790.0,
        "Tax Rate For Calcs": 0.21,
        "Normalized EBITDA": 6712000.0,
        "Total Unusual Items": -3399000.0,
        "Total Unusual Items Excluding Goodwill": -3399000.0,
        "Net Income From Continuing Operation Net Minority Interest": -18079000.0,
        "Reconciled Depreciation": 17943000.0,
        "Reconciled Cost Of Revenue": 67685000.0,
        "EBITDA": 3313000.0,
        "EBIT": -14630000.0,
        "Net Interest Income": 1997000.0,
        "Interest Expense": 1390000.0,
        "Interest Income": 3387000.0,
        "Normalized Income": -15393790.0,
        "Net Income From Continuing And Discontinued Operation": -18079000.0,
        "Total Expenses": 176736000.0,
        "Rent Expense Supplemental": NaN,
        "Total Operating Income As Reported": -18017000.0,
        "Diluted Average Shares": NaN,
        "Basic Average Shares": NaN,
        "Diluted EPS": NaN,
        "Basic EPS": NaN,
        "Diluted NI Availto Com Stockholders": -18079000.0,
        "Net Income Common Stockholders": -18079000.0,
        "Net Income": -18079000.0,
        "Net Income Including Noncontrolling Interests": -18079000.0,
        "Net Income Continuous Operations": -18079000.0,
        "Tax Provision": 2059000.0,
        "Pretax Income": -16020000.0,
        "Other Income Expense": -3399000.0,
        "Special Income Charges": -3399000.0,
        "Other Special Charges": 0.0,
        "Restructuring And Mergern Acquisition": 3399000.0,
        "Net Non Operating Interest Income Expense": 1997000.0,
        "Interest Expense Non Operating": 1390000.0,
        "Interest Income Non Operating": 3387000.0,
        "Operating Income": -14618000.0,
        "Operating Expense": 96011000.0,
        "Depreciation Amortization Depletion Income Statement": 4903000.0,
        "Depreciation And Amortization In Income Statement": 4903000.0,
        "Amortization": 4903000.0,
        "Amortization Of Intangibles Income Statement": 4903000.0,
        "Research And Development": 34271000.0,
        "Selling General And Administration": 56837000.0,
        "Selling And Marketing Expense": 26554000.0,
        "General And Administrative Expense": 30283000.0,
        "Other Gand A": 30283000.0,
        "Rent And Landing Fees": NaN,
        "Gross Profit": 81393000.0,
        "Cost Of Revenue": 80725000.0,
        "Total Revenue": 162118000.0,
        "Operating Revenue": 162118000.0
    },
    "2024-03-31": {
        "Tax Effect Of Unusual Items": -450400.0,
        "Tax Rate For Calcs": 0.4,
        "Normalized EBITDA": 7653000.0,
        "Total Unusual Items": -1126000.0,
        "Total Unusual Items Excluding Goodwill": -1126000.0,
        "Net Income From Continuing Operation Net Minority Interest": -13843000.0,
        "Reconciled Depreciation": 17523000.0,
        "Reconciled Cost Of Revenue": 70561000.0,
        "EBITDA": 6527000.0,
        "EBIT": -10996000.0,
        "Net Interest Income": 1897000.0,
        "Interest Expense": 1292000.0,
        "Interest Income": 3189000.0,
        "Normalized Income": -13167400.0,
        "Net Income From Continuing And Discontinued Operation": -13843000.0,
        "Total Expenses": 178567000.0,
        "Rent Expense Supplemental": NaN,
        "Total Operating Income As Reported": -14185000.0,
        "Diluted Average Shares": 59446000.0,
        "Basic Average Shares": 59446000.0,
        "Diluted EPS": -0.23,
        "Basic EPS": -0.23,
        "Diluted NI Availto Com Stockholders": -13843000.0,
        "Net Income Common Stockholders": -13843000.0,
        "Net Income": -13843000.0,
        "Net Income Including Noncontrolling Interests": -13843000.0,
        "Net Income Continuous Operations": -13843000.0,
        "Tax Provision": 1555000.0,
        "Pretax Income": -12288000.0,
        "Other Income Expense": -1126000.0,
        "Special Income Charges": -1126000.0,
        "Other Special Charges": NaN,
        "Restructuring And Mergern Acquisition": 1126000.0,
        "Net Non Operating Interest Income Expense": 1897000.0,
        "Interest Expense Non Operating": 1292000.0,
        "Interest Income Non Operating": 3189000.0,
        "Operating Income": -13059000.0,
        "Operating Expense": 95311000.0,
        "Depreciation Amortization Depletion Income Statement": 4828000.0,
        "Depreciation And Amortization In Income Statement": 4828000.0,
        "Amortization": 4828000.0,
        "Amortization Of Intangibles Income Statement": 4828000.0,
        "Research And Development": 34862000.0,
        "Selling General And Administration": 55621000.0,
        "Selling And Marketing Expense": 25445000.0,
        "General And Administrative Expense": 30176000.0,
        "Other Gand A": 30176000.0,
        "Rent And Landing Fees": NaN,
        "Gross Profit": 82252000.0,
        "Cost Of Revenue": 83256000.0,
        "Total Revenue": 165508000.0,
        "Operating Revenue": 165508000.0
    }
}