{
    "2023-03-31": {
        "Tax Effect Of Unusual Items": 0.0,
        "Tax Rate For Calcs": 0.025047,
        "Normalized EBITDA": -11570000.0,
        "Total Unusual Items": NaN,
        "Total Unusual Items Excluding Goodwill": NaN,
        "Net Income From Continuing Operation Net Minority Interest": -17672000.0,
        "Reconciled Depreciation": 4218000.0,
        "Reconciled Cost Of Revenue": 30370000.0,
        "EBIT": -15788000.0,
        "Net Interest Income": -2338000.0,
        "Interest Expense": 2338000.0,
        "Normalized Income": -17672000.0,
        "Net Income From Continuing And Discontinued Operation": -17672000.0,
        "Total Expenses": 74961000.0,
        "Total Operating Income As Reported": -15694000.0,
        "Diluted Average Shares": 97450000.0,
        "Basic Average Shares": 97450000.0,
        "Diluted EPS": -0.18,
        "Basic EPS": -0.18,
        "Diluted NI Availto Com Stockholders": -17672000.0,
        "Net Income Common Stockholders": -17672000.0,
        "Net Income": -17672000.0,
        "Net Income Including Noncontrolling Interests": -17672000.0,
        "Net Income Continuous Operations": -17672000.0,
        "Tax Provision": -454000.0,
        "Pretax Income": -18126000.0,
        "Other Income Expense": -94000.0,
        "Other Non Operating Income Expenses": -94000.0,
        "Special Income Charges": NaN,
        "Restructuring And Mergern Acquisition": NaN,
        "Net Non Operating Interest Income Expense": -2338000.0,
        "Interest Expense Non Operating": 2338000.0,
        "Operating Income": -15694000.0,
        "Operating Expense": 44591000.0,
        "Research And Development": 5434000.0,
        "Selling General And Administration": 39157000.0,
        "Selling And Marketing Expense": 17963000.0,
        "General And Administrative Expense": 21194000.0,
        "Other Gand A": 21194000.0,
        "Gross Profit": 28897000.0,
        "Cost Of Revenue": 30370000.0,
        "Total Revenue": 59267000.0,
        "Operating Revenue": 59267000.0
    },
    "2022-12-31": {
        "Tax Effect Of Unusual Items": 0.0,
        "Tax Rate For Calcs": 0.316239,
        "Normalized EBITDA": 5840000.0,
        "Total Unusual Items": 0.0,
        "Total Unusual Items Excluding Goodwill": 0.0,
        "Net Income From Continuing Operation Net Minority Interest": 320000.0,
        "Reconciled Depreciation": 3901000.0,
        "Reconciled Cost Of Revenue": 31768000.0,
        "EBIT": 1939000.0,
        "Net Interest Income": -1471000.0,
        "Interest Expense": 1471000.0,
        "Normalized Income": 320000.0,
        "Net Income From Continuing And Discontinued Operation": 320000.0,
        "Total Expenses": 69993000.0,
        "Total Operating Income As Reported": 730000.0,
        "Diluted Average Shares": 97916000.0,
        "Basic Average Shares": 96772000.0,
        "Diluted EPS": 0.003268,
        "Basic EPS": 0.003307,
        "Diluted NI Availto Com Stockholders": 320000.0,
        "Net Income Common Stockholders": 320000.0,
        "Net Income": 320000.0,
        "Net Income Including Noncontrolling Interests": 320000.0,
        "Net Income Continuous Operations": 320000.0,
        "Tax Provision": 148000.0,
        "Pretax Income": 468000.0,
        "Other Income Expense": 1209000.0,
        "Other Non Operating Income Expenses": 1209000.0,
        "Special Income Charges": 0.0,
        "Restructuring And Mergern Acquisition": 0.0,
        "Net Non Operating Interest Income Expense": -1471000.0,
        "Interest Expense Non Operating": 1471000.0,
        "Operating Income": 730000.0,
        "Operating Expense": 38225000.0,
        "Research And Development": 4572000.0,
        "Selling General And Administration": 33653000.0,
        "Selling And Marketing Expense": 20745000.0,
        "General And Administrative Expense": 12908000.0,
        "Other Gand A": 12908000.0,
        "Gross Profit": 38955000.0,
        "Cost Of Revenue": 31768000.0,
        "Total Revenue": 70723000.0,
        "Operating Revenue": 70723000.0
    },
    "2022-09-30": {
        "Tax Effect Of Unusual Items": 0.0,
        "Tax Rate For Calcs": 0.229769,
        "Normalized EBITDA": -7468000.0,
        "Total Unusual Items": 0.0,
        "Total Unusual Items Excluding Goodwill": 0.0,
        "Net Income From Continuing Operation Net Minority Interest": -7167000.0,
        "Reconciled Depreciation": 4797000.0,
        "Reconciled Cost Of Revenue": 36765000.0,
        "EBIT": -7468000.0,
        "Net Interest Income": -1837000.0,
        "Interest Expense": 1837000.0,
        "Normalized Income": -7167000.0,
        "Net Income From Continuing And Discontinued Operation": -7167000.0,
        "Total Expenses": 78004000.0,
        "Total Operating Income As Reported": -7668000.0,
        "Diluted Average Shares": 96389000.0,
        "Basic Average Shares": 96389000.0,
        "Diluted EPS": -0.07,
        "Basic EPS": -0.07,
        "Diluted NI Availto Com Stockholders": -7167000.0,
        "Net Income Common Stockholders": -7167000.0,
        "Net Income": -7167000.0,
        "Net Income Including Noncontrolling Interests": -7167000.0,
        "Net Income Continuous Operations": -7167000.0,
        "Tax Provision": -2138000.0,
        "Pretax Income": -9305000.0,
        "Other Income Expense": 200000.0,
        "Other Non Operating Income Expenses": 200000.0,
        "Special Income Charges": 0.0,
        "Restructuring And Mergern Acquisition": 0.0,
        "Net Non Operating Interest Income Expense": -1837000.0,
        "Interest Expense Non Operating": 1837000.0,
        "Operating Income": -7668000.0,
        "Operating Expense": 41239000.0,
        "Research And Development": 4899000.0,
        "Selling General And Administration": 36340000.0,
        "Selling And Marketing Expense": 19939000.0,
        "General And Administrative Expense": 16401000.0,
        "Other Gand A": 16401000.0,
        "Gross Profit": 33571000.0,
        "Cost Of Revenue": 36765000.0,
        "Total Revenue": 70336000.0,
        "Operating Revenue": 70336000.0
    },
    "2022-06-30": {
        "Tax Effect Of Unusual Items": 0.0,
        "Tax Rate For Calcs": 0.4,
        "Normalized EBITDA": -35164000.0,
        "Total Unusual Items": 0.0,
        "Total Unusual Items Excluding Goodwill": 0.0,
        "Net Income From Continuing Operation Net Minority Interest": -43358000.0,
        "Reconciled Depreciation": 4669000.0,
        "Reconciled Cost Of Revenue": 37267000.0,
        "EBIT": -39833000.0,
        "Net Interest Income": -1179000.0,
        "Interest Expense": 1179000.0,
        "Normalized Income": -43358000.0,
        "Net Income From Continuing And Discontinued Operation": -43358000.0,
        "Total Expenses": 108667000.0,
        "Total Operating Income As Reported": -39416000.0,
        "Diluted Average Shares": 95369000.0,
        "Basic Average Shares": 95369000.0,
        "Diluted EPS": -0.45,
        "Basic EPS": -0.45,
        "Diluted NI Availto Com Stockholders": -43358000.0,
        "Net Income Common Stockholders": -43358000.0,
        "Net Income": -43358000.0,
        "Net Income Including Noncontrolling Interests": -43358000.0,
        "Net Income Continuous Operations": -43358000.0,
        "Tax Provision": 2346000.0,
        "Pretax Income": -41012000.0,
        "Other Income Expense": -417000.0,
        "Other Non Operating Income Expenses": -417000.0,
        "Special Income Charges": 0.0,
        "Restructuring And Mergern Acquisition": 0.0,
        "Net Non Operating Interest Income Expense": -1179000.0,
        "Interest Expense Non Operating": 1179000.0,
        "Operating Income": -39416000.0,
        "Operating Expense": 71400000.0,
        "Research And Development": 7072000.0,
        "Selling General And Administration": 64328000.0,
        "Selling And Marketing Expense": 21459000.0,
        "General And Administrative Expense": 42869000.0,
        "Other Gand A": 42869000.0,
        "Gross Profit": 31984000.0,
        "Cost Of Revenue": 37267000.0,
        "Total Revenue": 69251000.0,
        "Operating Revenue": 69251000.0
    },
    "2022-03-31": {
        "Diluted EPS": -0.28,
        "Total Revenue": 78,
        "Gross Profit": 29,
        "Operating Income": -25,
        "EBIT": -20,
        "Net Income": -26
    },
    "2021-12-31": {
        "Diluted EPS": -0.08,
        "Total Revenue": 146,
        "Gross Profit": 54,
        "Operating Income": 0,
        "EBIT": 8,
        "Net Income": -7
    },
    "2021-09-30": {
        "Diluted EPS": -0.08,
        "Total Revenue": 136,
        "Gross Profit": 49,
        "Operating Income": -4,
        "EBIT": 7,
        "Net Income": -8
    },
    "2021-06-30": {
        "Diluted EPS": -0.18,
        "Total Revenue": 124,
        "Gross Profit": 42,
        "Operating Income": -13,
        "EBIT": -3,
        "Net Income": -17
    },
    "2021-03-31": {
        "Diluted EPS": -0.15,
        "Total Revenue": 115,
        "Gross Profit": 43,
        "Operating Income": -9,
        "EBIT": 3,
        "Net Income": -13
    },
    "2020-12-31": {
        "Diluted EPS": -0.27,
        "Total Revenue": 143,
        "Gross Profit": 50,
        "Operating Income": -22,
        "EBIT": -9,
        "Net Income": -25
    },
    "2020-09-30": {
        "Diluted EPS": -0.05,
        "Total Revenue": 121,
        "Gross Profit": 48,
        "Operating Income": 0,
        "EBIT": 11,
        "Net Income": -4
    },
    "2020-06-30": {
        "Diluted EPS": -0.21,
        "Total Revenue": 83,
        "Gross Profit": 33,
        "Operating Income": -16,
        "EBIT": -4,
        "Net Income": -19
    },
    "2020-03-31": {
        "Diluted EPS": -0.19,
        "Total Revenue": 99,
        "Gross Profit": 38,
        "Operating Income": -14,
        "EBIT": -2,
        "Net Income": -17
    },
    "2019-12-31": {
        "Diluted EPS": -0.11,
        "Total Revenue": 119,
        "Gross Profit": 46,
        "Operating Income": -7,
        "EBIT": 4,
        "Net Income": -10
    },
    "2019-09-30": {
        "Diluted EPS": -0.12,
        "Total Revenue": 115,
        "Gross Profit": 44,
        "Operating Income": -8,
        "EBIT": 6,
        "Net Income": -10
    },
    "2019-06-30": {
        "Diluted EPS": -0.04,
        "Total Revenue": 105,
        "Gross Profit": 41,
        "Operating Income": -2,
        "EBIT": 9,
        "Net Income": -4
    },
    "2019-03-31": {
        "Diluted EPS": -0.14,
        "Total Revenue": 98,
        "Gross Profit": 41,
        "Operating Income": -11,
        "EBIT": -1,
        "Net Income": -13
    },
    "2018-12-31": {
        "Diluted EPS": -0.05,
        "Total Revenue": 107,
        "Gross Profit": 46,
        "Operating Income": -2,
        "EBIT": 8,
        "Net Income": -4
    },
    "2018-09-30": {
        "Diluted EPS": -0.08,
        "Total Revenue": 104,
        "Gross Profit": 47,
        "Operating Income": -6,
        "EBIT": 4,
        "Net Income": -8
    },
    "2018-06-30": {
        "Diluted EPS": -0.05,
        "Total Revenue": 90,
        "Gross Profit": 42,
        "Operating Income": -2,
        "EBIT": 6,
        "Net Income": -5
    },
    "2018-03-31": {
        "Diluted EPS": -0.12,
        "Total Revenue": 87,
        "Gross Profit": 46,
        "Operating Income": -9,
        "EBIT": -2,
        "Net Income": -11
    },
    "2017-12-31": {
        "Diluted EPS": 0.04,
        "Total Revenue": 93,
        "Gross Profit": 49,
        "Operating Income": 5,
        "EBIT": 10,
        "Net Income": 4
    },
    "2017-09-30": {
        "Diluted EPS": -0.12,
        "Total Revenue": 82,
        "Gross Profit": 44,
        "Operating Income": -11,
        "EBIT": -7,
        "Net Income": -11
    },
    "2017-06-30": {
        "Diluted EPS": -0.06,
        "Total Revenue": 74,
        "Gross Profit": 44,
        "Operating Income": -6,
        "EBIT": -1,
        "Net Income": -6
    },
    "2017-03-31": {
        "Diluted EPS": -0.03,
        "Total Revenue": 73,
        "Gross Profit": 43,
        "Operating Income": -3,
        "EBIT": 2,
        "Net Income": -3
    },
    "2016-12-31": {
        "Diluted EPS": 0.04,
        "Total Revenue": 75,
        "Gross Profit": 46,
        "Operating Income": 4,
        "EBIT": 10,
        "Net Income": 4
    },
    "2016-09-30": {
        "Diluted EPS": -0.13,
        "Total Revenue": 66,
        "Gross Profit": 31,
        "Operating Income": -12,
        "EBIT": -5,
        "Net Income": -11
    },
    "2016-06-30": {
        "Diluted EPS": -0.04,
        "Total Revenue": 67,
        "Gross Profit": 42,
        "Operating Income": -3,
        "EBIT": 2,
        "Net Income": -4
    },
    "2016-03-31": {
        "Diluted EPS": -0.1,
        "Total Revenue": 66,
        "Gross Profit": 41,
        "Operating Income": -8,
        "EBIT": -3,
        "Net Income": -8
    },
    "2015-12-31": {
        "Diluted EPS": -0.04,
        "Total Revenue": 69,
        "Gross Profit": 44,
        "Operating Income": -4,
        "EBIT": 1,
        "Net Income": -4
    },
    "2015-09-30": {
        "Diluted EPS": -0.12,
        "Total Revenue": 56,
        "Gross Profit": 34,
        "Operating Income": -10,
        "EBIT": -6,
        "Net Income": -10
    },
    "2015-06-30": {
        "Diluted EPS": -0.11,
        "Total Revenue": 56,
        "Gross Profit": 34,
        "Operating Income": -10,
        "EBIT": -6,
        "Net Income": -9
    },
    "2015-03-31": {
        "Diluted EPS": -0.05,
        "Total Revenue": 56,
        "Gross Profit": 34,
        "Operating Income": -8,
        "EBIT": -5,
        "Net Income": -4
    },
    "2014-12-31": {
        "Diluted EPS": 0.16,
        "Total Revenue": 60,
        "Gross Profit": 38,
        "Operating Income": -1,
        "EBIT": 3,
        "Net Income": -2
    },
    "2014-09-30": {
        "Diluted EPS": -0.01,
        "Total Revenue": 59,
        "Gross Profit": 35,
        "Operating Income": 0,
        "EBIT": 4,
        "Net Income": -1
    },
    "2014-06-30": {
        "Diluted EPS": -0.09,
        "Total Revenue": 52,
        "Gross Profit": 31,
        "Operating Income": -7,
        "EBIT": -3,
        "Net Income": -7
    },
    "2014-03-31": {
        "Diluted EPS": -0.41,
        "Total Revenue": 52,
        "Gross Profit": 31,
        "Operating Income": -14,
        "EBIT": -11,
        "Net Income": -14
    },
    "2013-12-31": {
        "Diluted EPS": 0.0,
        "Total Revenue": 53,
        "Gross Profit": 38,
        "Operating Income": 2,
        "EBIT": 4,
        "Net Income": 2
    },
    "2013-09-30": {
        "Diluted EPS": -0.08,
        "Total Revenue": 40,
        "Gross Profit": 28,
        "Operating Income": -1,
        "EBIT": 0,
        "Net Income": -2
    },
    "2013-06-30": {
        "Diluted EPS": -0.15,
        "Total Revenue": 39,
        "Gross Profit": 26,
        "Operating Income": -3,
        "EBIT": -1,
        "Net Income": -3
    },
    "2013-03-31": {
        "Diluted EPS": -0.45,
        "Total Revenue": 36,
        "Gross Profit": 24,
        "Operating Income": -8,
        "EBIT": -6,
        "Net Income": -8
    },
    "2012-12-31": {
        "Diluted EPS": 0.0,
        "Total Revenue": NaN,
        "Gross Profit": NaN,
        "Operating Income": NaN,
        "EBIT": NaN,
        "Net Income": NaN
    },
    "2011-12-31": {
        "Diluted EPS": 0.0,
        "Total Revenue": NaN,
        "Gross Profit": NaN,
        "Operating Income": NaN,
        "EBIT": NaN,
        "Net Income": NaN
    }
}