{
    "2023-05-31": {
        "Tax Effect Of Unusual Items": -65323200.0,
        "Tax Rate For Calcs": 0.4,
        "Normalized EBITDA": -10802000.0,
        "Total Unusual Items": -163308000.0,
        "Total Unusual Items Excluding Goodwill": -163308000.0,
        "Net Income From Continuing Operation Net Minority Interest": -306718000.0,
        "Reconciled Depreciation": 65895000.0,
        "Reconciled Cost Of Revenue": 4474636000.0,
        "EBITDA": -174110000.0,
        "EBIT": -240005000.0,
        "Net Interest Income": -65220000.0,
        "Interest Expense": 65220000.0,
        "Normalized Income": -208733200.0,
        "Net Income From Continuing And Discontinued Operation": -306718000.0,
        "Total Expenses": 5729859000.0,
        "Diluted Average Shares": 55179000.0,
        "Basic Average Shares": 55179000.0,
        "Diluted EPS": -5.56,
        "Basic EPS": -5.56,
        "Diluted NI Availto Com Stockholders": -306718000.0,
        "Net Income Common Stockholders": -306718000.0,
        "Net Income": -306718000.0,
        "Net Income Including Noncontrolling Interests": -306718000.0,
        "Net Income Continuous Operations": -306718000.0,
        "Tax Provision": 1493000.0,
        "Pretax Income": -305225000.0,
        "Other Income Expense": -163308000.0,
        "Special Income Charges": -163308000.0,
        "Gain On Sale Of Ppe": 8193000.0,
        "Other Special Charges": NaN,
        "Impairment Of Capital Assets": 151500000.0,
        "Restructuring And Mergern Acquisition": 20001000.0,
        "Net Non Operating Interest Income Expense": -65220000.0,
        "Interest Expense Non Operating": 65220000.0,
        "Operating Income": -76697000.0,
        "Operating Expense": 1255223000.0,
        "Selling General And Administration": 1255223000.0,
        "Gross Profit": 1178526000.0,
        "Cost Of Revenue": 4474636000.0,
        "Total Revenue": 5653162000.0,
        "Operating Revenue": 5653162000.0
    },
    "2023-02-28": {
        "Tax Effect Of Unusual Items": -12173179.612685,
        "Tax Rate For Calcs": 0.081532,
        "Normalized EBITDA": 21355000.0,
        "Total Unusual Items": -149306000.0,
        "Total Unusual Items Excluding Goodwill": -149306000.0,
        "Net Income From Continuing Operation Net Minority Interest": -241311000.0,
        "Reconciled Depreciation": 68450000.0,
        "Reconciled Cost Of Revenue": 4843938000.0,
        "EBITDA": -127951000.0,
        "EBIT": -196401000.0,
        "Net Interest Income": -66331000.0,
        "Interest Expense": 66331000.0,
        "Normalized Income": -104178179.612685,
        "Net Income From Continuing And Discontinued Operation": -241311000.0,
        "Total Expenses": 6139997000.0,
        "Diluted Average Shares": 54993000.0,
        "Basic Average Shares": 54993000.0,
        "Diluted EPS": -4.39,
        "Basic EPS": -4.39,
        "Diluted NI Availto Com Stockholders": -241311000.0,
        "Net Income Common Stockholders": -241311000.0,
        "Net Income": -241311000.0,
        "Net Income Including Noncontrolling Interests": -241311000.0,
        "Net Income Continuous Operations": -241311000.0,
        "Tax Provision": -21421000.0,
        "Pretax Income": -262732000.0,
        "Other Income Expense": -149306000.0,
        "Special Income Charges": -149306000.0,
        "Gain On Sale Of Ppe": 7294000.0,
        "Other Special Charges": -38830000.0,
        "Impairment Of Capital Assets": 119000000.0,
        "Restructuring And Mergern Acquisition": 76430000.0,
        "Net Non Operating Interest Income Expense": -66331000.0,
        "Interest Expense Non Operating": 66331000.0,
        "Operating Income": -47095000.0,
        "Operating Expense": 1296059000.0,
        "Selling General And Administration": 1296059000.0,
        "Gross Profit": 1248964000.0,
        "Cost Of Revenue": 4843938000.0,
        "Total Revenue": 6092902000.0,
        "Operating Revenue": 6092902000.0
    },
    "2022-11-30": {
        "Tax Effect Of Unusual Items": -146575.812221,
        "Tax Rate For Calcs": 0.007538,
        "Normalized EBITDA": 78702000.0,
        "Total Unusual Items": -19444000.0,
        "Total Unusual Items Excluding Goodwill": -19444000.0,
        "Net Income From Continuing Operation Net Minority Interest": -67144000.0,
        "Reconciled Depreciation": 69496000.0,
        "Reconciled Cost Of Revenue": 4879594000.0,
        "EBITDA": 59258000.0,
        "EBIT": -10238000.0,
        "Net Interest Income": -57416000.0,
        "Interest Expense": 57416000.0,
        "Normalized Income": -47846575.812221,
        "Net Income From Continuing And Discontinued Operation": -67144000.0,
        "Total Expenses": 6074140000.0,
        "Diluted Average Shares": 54792000.0,
        "Basic Average Shares": 54792000.0,
        "Diluted EPS": -1.23,
        "Basic EPS": -1.23,
        "Diluted NI Availto Com Stockholders": -67144000.0,
        "Net Income Common Stockholders": -67144000.0,
        "Net Income": -67144000.0,
        "Net Income Including Noncontrolling Interests": -67144000.0,
        "Net Income Continuous Operations": -67144000.0,
        "Tax Provision": -510000.0,
        "Pretax Income": -67654000.0,
        "Other Income Expense": -19444000.0,
        "Special Income Charges": -19444000.0,
        "Gain On Sale Of Ppe": 3095000.0,
        "Other Special Charges": NaN,
        "Impairment Of Capital Assets": 7728000.0,
        "Restructuring And Mergern Acquisition": 22539000.0,
        "Net Non Operating Interest Income Expense": -57416000.0,
        "Interest Expense Non Operating": 57416000.0,
        "Operating Income": 9206000.0,
        "Operating Expense": 1194546000.0,
        "Selling General And Administration": 1194546000.0,
        "Gross Profit": 1203752000.0,
        "Cost Of Revenue": 4879594000.0,
        "Total Revenue": 6083346000.0,
        "Operating Revenue": 6083346000.0
    },
    "2022-08-31": {
        "Tax Effect Of Unusual Items": -91092800.0,
        "Tax Rate For Calcs": 0.4,
        "Normalized EBITDA": 29506000.0,
        "Total Unusual Items": -227732000.0,
        "Total Unusual Items Excluding Goodwill": -227732000.0,
        "Net Income From Continuing Operation Net Minority Interest": -331290000.0,
        "Reconciled Depreciation": 68564000.0,
        "Reconciled Cost Of Revenue": 4746574000.0,
        "EBITDA": -198226000.0,
        "EBIT": -266790000.0,
        "Net Interest Income": -52533000.0,
        "Interest Expense": 52533000.0,
        "Normalized Income": -194650800.0,
        "Net Income From Continuing And Discontinued Operation": -331290000.0,
        "Total Expenses": 5940127000.0,
        "Diluted Average Shares": 54548000.0,
        "Basic Average Shares": 54548000.0,
        "Diluted EPS": -6.07,
        "Basic EPS": -6.07,
        "Diluted NI Availto Com Stockholders": -331290000.0,
        "Net Income Common Stockholders": -331290000.0,
        "Net Income": -331290000.0,
        "Net Income Including Noncontrolling Interests": -331290000.0,
        "Net Income Continuous Operations": -331290000.0,
        "Tax Provision": 11967000.0,
        "Pretax Income": -319323000.0,
        "Other Income Expense": -227732000.0,
        "Special Income Charges": -227732000.0,
        "Gain On Sale Of Ppe": 29001000.0,
        "Other Special Charges": -41312000.0,
        "Impairment Of Capital Assets": 252200000.0,
        "Restructuring And Mergern Acquisition": 45845000.0,
        "Net Non Operating Interest Income Expense": -52533000.0,
        "Interest Expense Non Operating": 52533000.0,
        "Operating Income": -39058000.0,
        "Operating Expense": 1193553000.0,
        "Selling General And Administration": 1193553000.0,
        "Gross Profit": 1154495000.0,
        "Cost Of Revenue": 4746574000.0,
        "Total Revenue": 5901069000.0,
        "Operating Revenue": 5901069000.0
    },
    "2022-05-31": {
        "Tax Effect Of Unusual Items": -14950000.0,
        "Tax Rate For Calcs": 0.4,
        "Normalized EBITDA": 48873000.0,
        "Total Unusual Items": -37375000.0,
        "Total Unusual Items Excluding Goodwill": -37375000.0,
        "Net Income From Continuing Operation Net Minority Interest": -110191000.0,
        "Reconciled Depreciation": 70073000.0,
        "Reconciled Cost Of Revenue": 4817854000.0,
        "EBIT": -58575000.0,
        "Net Interest Income": -48119000.0,
        "Interest Expense": 48119000.0,
        "Normalized Income": -87766000.0,
        "Net Income From Continuing And Discontinued Operation": -110191000.0,
        "Total Expenses": 6035783000.0,
        "Diluted Average Shares": 54348000.0,
        "Basic Average Shares": 54348000.0,
        "Diluted EPS": -2.03,
        "Basic EPS": -2.03,
        "Diluted NI Availto Com Stockholders": -110191000.0,
        "Net Income Common Stockholders": -110191000.0,
        "Net Income": -110191000.0,
        "Net Income Including Noncontrolling Interests": -110191000.0,
        "Net Income Continuous Operations": -110191000.0,
        "Tax Provision": 3497000.0,
        "Pretax Income": -106694000.0,
        "Other Income Expense": -37375000.0,
        "Special Income Charges": -37375000.0,
        "Gain On Sale Of Ppe": 29196000.0,
        "Other Special Charges": 66571000.0,
        "Impairment Of Capital Assets": 35036000.0,
        "Restructuring And Mergern Acquisition": NaN,
        "Net Non Operating Interest Income Expense": -48119000.0,
        "Interest Expense Non Operating": 48119000.0,
        "Operating Income": -21200000.0,
        "Operating Expense": 1217929000.0,
        "Selling General And Administration": 1217929000.0,
        "Gross Profit": 1196729000.0,
        "Cost Of Revenue": 4817854000.0,
        "Total Revenue": 6014583000.0,
        "Operating Revenue": 6014583000.0
    },
    "2023-03-31": {
        "Diluted EPS": 2.32,
        "Total Revenue": 677,
        "Gross Profit": 362,
        "Operating Income": 62,
        "EBIT": 62,
        "Net Income": 69
    },
    "2022-12-31": {
        "Diluted EPS": 27.35,
        "Total Revenue": 730,
        "Gross Profit": 395,
        "Operating Income": 123,
        "EBIT": 123,
        "Net Income": 831
    },
    "2022-09-30": {
        "Diluted EPS": -5.52,
        "Total Revenue": 681,
        "Gross Profit": 374,
        "Operating Income": 93,
        "EBIT": 93,
        "Net Income": -164
    },
    "2022-06-30": {
        "Diluted EPS": -31.12,
        "Total Revenue": 691,
        "Gross Profit": 396,
        "Operating Income": 120,
        "EBIT": 120,
        "Net Income": -927
    },
    "2022-03-31": {
        "Diluted EPS": -112.5,
        "Total Revenue": 700,
        "Gross Profit": 403,
        "Operating Income": 146,
        "EBIT": 146,
        "Net Income": NaN
    },
    "2021-12-31": {
        "Diluted EPS": -51.83,
        "Total Revenue": 733,
        "Gross Profit": 398,
        "Operating Income": 118,
        "EBIT": 118,
        "Net Income": NaN
    },
    "2021-09-30": {
        "Diluted EPS": 129.96,
        "Total Revenue": 747,
        "Gross Profit": 437,
        "Operating Income": 157,
        "EBIT": 157,
        "Net Income": NaN
    },
    "2021-06-30": {
        "Diluted EPS": 30.32,
        "Total Revenue": 716,
        "Gross Profit": 402,
        "Operating Income": 125,
        "EBIT": 125,
        "Net Income": 914
    },
    "2021-03-31": {
        "Diluted EPS": 32.38,
        "Total Revenue": 727,
        "Gross Profit": 401,
        "Operating Income": 101,
        "EBIT": 101,
        "Net Income": 977
    },
    "2020-12-31": {
        "Diluted EPS": 27.96,
        "Total Revenue": 790,
        "Gross Profit": 460,
        "Operating Income": 186,
        "EBIT": 186,
        "Net Income": 847
    },
    "2020-09-30": {
        "Diluted EPS": 43.64,
        "Total Revenue": 647,
        "Gross Profit": 367,
        "Operating Income": 110,
        "EBIT": 110,
        "Net Income": NaN
    },
    "2020-06-30": {
        "Diluted EPS": 32.15,
        "Total Revenue": 537,
        "Gross Profit": 293,
        "Operating Income": 52,
        "EBIT": 52,
        "Net Income": 966
    },
    "2020-03-31": {
        "Diluted EPS": 22.72,
        "Total Revenue": 572,
        "Gross Profit": 317,
        "Operating Income": 74,
        "EBIT": 74,
        "Net Income": 686
    },
    "2019-12-31": {
        "Diluted EPS": 18.35,
        "Total Revenue": 624,
        "Gross Profit": 330,
        "Operating Income": 59,
        "EBIT": 59,
        "Net Income": 553
    },
    "2019-09-30": {
        "Diluted EPS": -8.68,
        "Total Revenue": 561,
        "Gross Profit": 307,
        "Operating Income": 57,
        "EBIT": 57,
        "Net Income": -259
    },
    "2019-06-30": {
        "Diluted EPS": 19.86,
        "Total Revenue": 573,
        "Gross Profit": 308,
        "Operating Income": 56,
        "EBIT": 56,
        "Net Income": 599
    },
    "2019-03-31": {
        "Diluted EPS": 28.74,
        "Total Revenue": 554,
        "Gross Profit": 312,
        "Operating Income": 57,
        "EBIT": 57,
        "Net Income": 865
    },
    "2018-12-31": {
        "Diluted EPS": -27.43,
        "Total Revenue": 617,
        "Gross Profit": 333,
        "Operating Income": -227,
        "EBIT": -227,
        "Net Income": -829
    },
    "2018-09-30": {
        "Diluted EPS": 8.89,
        "Total Revenue": 545,
        "Gross Profit": 287,
        "Operating Income": 36,
        "EBIT": 71,
        "Net Income": 269
    },
    "2018-06-30": {
        "Diluted EPS": 8.87,
        "Total Revenue": 576,
        "Gross Profit": 302,
        "Operating Income": 44,
        "EBIT": 44,
        "Net Income": 268
    },
    "2018-03-31": {
        "Diluted EPS": 21.77,
        "Total Revenue": 552,
        "Gross Profit": 302,
        "Operating Income": 44,
        "EBIT": 44,
        "Net Income": 657
    },
    "2017-12-31": {
        "Diluted EPS": 2.76,
        "Total Revenue": 621,
        "Gross Profit": 345,
        "Operating Income": 56,
        "EBIT": 56,
        "Net Income": 83
    },
    "2017-09-30": {
        "Diluted EPS": 0.73,
        "Total Revenue": 534,
        "Gross Profit": 299,
        "Operating Income": 39,
        "EBIT": 74,
        "Net Income": 22
    },
    "2017-06-30": {
        "Diluted EPS": 0.17,
        "Total Revenue": 505,
        "Gross Profit": 273,
        "Operating Income": -2,
        "EBIT": 35,
        "Net Income": 5
    },
    "2017-03-31": {
        "Diluted EPS": 0.41,
        "Total Revenue": 500,
        "Gross Profit": 270,
        "Operating Income": 26,
        "EBIT": 60,
        "Net Income": 12
    },
    "2016-12-31": {
        "Diluted EPS": -0.77,
        "Total Revenue": 571,
        "Gross Profit": 315,
        "Operating Income": -21,
        "EBIT": -21,
        "Net Income": -23
    },
    "2016-09-30": {
        "Diluted EPS": 0.62,
        "Total Revenue": 509,
        "Gross Profit": 279,
        "Operating Income": 28,
        "EBIT": 67,
        "Net Income": 18
    },
    "2016-06-30": {
        "Diluted EPS": 0.61,
        "Total Revenue": 517,
        "Gross Profit": 280,
        "Operating Income": 23,
        "EBIT": 60,
        "Net Income": 18
    },
    "2016-03-31": {
        "Diluted EPS": 0.42,
        "Total Revenue": 471,
        "Gross Profit": 264,
        "Operating Income": 26,
        "EBIT": 60,
        "Net Income": 12
    },
    "2015-12-31": {
        "Diluted EPS": 1.54,
        "Total Revenue": 571,
        "Gross Profit": 309,
        "Operating Income": 59,
        "EBIT": 59,
        "Net Income": 46
    },
    "2015-09-30": {
        "Diluted EPS": 0.59,
        "Total Revenue": 470,
        "Gross Profit": 263,
        "Operating Income": 33,
        "EBIT": 33,
        "Net Income": 17
    },
    "2015-06-30": {
        "Diluted EPS": 0.97,
        "Total Revenue": 506,
        "Gross Profit": 280,
        "Operating Income": 40,
        "EBIT": 40,
        "Net Income": 28
    },
    "2015-03-31": {
        "Diluted EPS": 0.61,
        "Total Revenue": 473,
        "Gross Profit": 270,
        "Operating Income": 34,
        "EBIT": 34,
        "Net Income": 18
    },
    "2014-12-31": {
        "Diluted EPS": 1.34,
        "Total Revenue": 598,
        "Gross Profit": 317,
        "Operating Income": 51,
        "EBIT": 51,
        "Net Income": 39
    },
    "2014-09-30": {
        "Diluted EPS": 0.39,
        "Total Revenue": 531,
        "Gross Profit": 289,
        "Operating Income": 33,
        "EBIT": 33,
        "Net Income": 12
    },
    "2014-06-30": {
        "Diluted EPS": 1.09,
        "Total Revenue": 537,
        "Gross Profit": 297,
        "Operating Income": 46,
        "EBIT": 46,
        "Net Income": 32
    },
    "2014-03-31": {
        "Diluted EPS": 0.23,
        "Total Revenue": 509,
        "Gross Profit": 275,
        "Operating Income": 20,
        "EBIT": 20,
        "Net Income": 7
    },
    "2013-12-31": {
        "Diluted EPS": 1.04,
        "Total Revenue": 603,
        "Gross Profit": 323,
        "Operating Income": 52,
        "EBIT": 52,
        "Net Income": 30
    },
    "2013-09-30": {
        "Diluted EPS": -0.25,
        "Total Revenue": 505,
        "Gross Profit": 284,
        "Operating Income": 29,
        "EBIT": 29,
        "Net Income": -7
    },
    "2013-06-30": {
        "Diluted EPS": 1.2,
        "Total Revenue": 525,
        "Gross Profit": 300,
        "Operating Income": 53,
        "EBIT": 53,
        "Net Income": 35
    },
    "2013-03-31": {
        "Diluted EPS": 0.7,
        "Total Revenue": 500,
        "Gross Profit": 271,
        "Operating Income": 35,
        "EBIT": 35,
        "Net Income": 20
    },
    "2012-12-31": {
        "Diluted EPS": 1.51,
        "Total Revenue": 574,
        "Gross Profit": 315,
        "Operating Income": 71,
        "EBIT": 71,
        "Net Income": 43
    },
    "2012-09-30": {
        "Diluted EPS": 1.49,
        "Total Revenue": 499,
        "Gross Profit": 274,
        "Operating Income": 66,
        "EBIT": 66,
        "Net Income": 43
    },
    "2012-06-30": {
        "Diluted EPS": 1.69,
        "Total Revenue": 510,
        "Gross Profit": 288,
        "Operating Income": 73,
        "EBIT": 73,
        "Net Income": 48
    },
    "2012-03-31": {
        "Diluted EPS": 1.09,
        "Total Revenue": 486,
        "Gross Profit": 279,
        "Operating Income": 54,
        "EBIT": 54,
        "Net Income": 31
    },
    "2011-12-31": {
        "Diluted EPS": 2.11,
        "Total Revenue": 550,
        "Gross Profit": 312,
        "Operating Income": 96,
        "EBIT": 96,
        "Net Income": 60
    },
    "2011-09-30": {
        "Diluted EPS": 1.61,
        "Total Revenue": 517,
        "Gross Profit": 296,
        "Operating Income": 74,
        "EBIT": 74,
        "Net Income": 46
    },
    "2011-06-30": {
        "Diluted EPS": 1.41,
        "Total Revenue": 522,
        "Gross Profit": 293,
        "Operating Income": 68,
        "EBIT": 68,
        "Net Income": 40
    },
    "2011-03-31": {
        "Diluted EPS": 1.16,
        "Total Revenue": 485,
        "Gross Profit": 278,
        "Operating Income": 67,
        "EBIT": 67,
        "Net Income": 33
    },
    "2010-12-31": {
        "Diluted EPS": 2.41,
        "Total Revenue": 534,
        "Gross Profit": 300,
        "Operating Income": 78,
        "EBIT": 78,
        "Net Income": 68
    },
    "2010-09-30": {
        "Diluted EPS": 1.59,
        "Total Revenue": 472,
        "Gross Profit": 266,
        "Operating Income": 75,
        "EBIT": 75,
        "Net Income": 45
    },
    "2010-06-30": {
        "Diluted EPS": 1.35,
        "Total Revenue": 468,
        "Gross Profit": 268,
        "Operating Income": 68,
        "EBIT": 68,
        "Net Income": 38
    },
    "2010-03-31": {
        "Diluted EPS": 1.24,
        "Total Revenue": 454,
        "Gross Profit": 257,
        "Operating Income": 63,
        "EBIT": 63,
        "Net Income": 35
    },
    "2009-12-31": {
        "Diluted EPS": 1.35,
        "Total Revenue": 495,
        "Gross Profit": 268,
        "Operating Income": 56,
        "EBIT": 56,
        "Net Income": 38
    },
    "2009-09-30": {
        "Diluted EPS": 1.38,
        "Total Revenue": 461,
        "Gross Profit": 261,
        "Operating Income": 67,
        "EBIT": 67,
        "Net Income": 39
    },
    "2009-06-30": {
        "Diluted EPS": 1.37,
        "Total Revenue": 427,
        "Gross Profit": 242,
        "Operating Income": 56,
        "EBIT": 56,
        "Net Income": 38
    },
    "2009-03-31": {
        "Diluted EPS": 1.1,
        "Total Revenue": 401,
        "Gross Profit": 229,
        "Operating Income": 51,
        "EBIT": 51,
        "Net Income": 30
    }
}