{
    "2023-03-31": {
        "Tax Effect Of Unusual Items": -530041.622803,
        "Tax Rate For Calcs": 0.032067,
        "Normalized EBITDA": 7889000.0,
        "Total Unusual Items": -16529000.0,
        "Total Unusual Items Excluding Goodwill": -16529000.0,
        "Net Income From Continuing Operation Net Minority Interest": -45585000.0,
        "Reconciled Depreciation": 23085000.0,
        "Reconciled Cost Of Revenue": 1892000.0,
        "EBITDA": -8640000.0,
        "EBIT": -31725000.0,
        "Net Interest Income": -17671000.0,
        "Interest Expense": 17671000.0,
        "Normalized Income": -29586041.622803,
        "Net Income From Continuing And Discontinued Operation": -45585000.0,
        "Total Expenses": 59625000.0,
        "Total Operating Income As Reported": -19461000.0,
        "Diluted Average Shares": 95821985.0,
        "Basic Average Shares": 95821985.0,
        "Diluted EPS": -0.48,
        "Basic EPS": -0.48,
        "Diluted NI Availto Com Stockholders": -45585000.0,
        "Net Income Common Stockholders": -45585000.0,
        "Otherunder Preferred Stock Dividend": NaN,
        "Preferred Stock Dividends": NaN,
        "Net Income": -45585000.0,
        "Minority Interests": 2227000.0,
        "Net Income Including Noncontrolling Interests": -47812000.0,
        "Net Income Continuous Operations": -47812000.0,
        "Tax Provision": -1584000.0,
        "Pretax Income": -49396000.0,
        "Other Income Expense": -13314000.0,
        "Other Non Operating Income Expenses": 3215000.0,
        "Special Income Charges": -1050000.0,
        "Other Special Charges": NaN,
        "Impairment Of Capital Assets": 1050000.0,
        "Gain On Sale Of Security": -15479000.0,
        "Net Non Operating Interest Income Expense": -17671000.0,
        "Interest Expense Non Operating": 17671000.0,
        "Operating Income": -18411000.0,
        "Operating Expense": 57733000.0,
        "Depreciation Amortization Depletion Income Statement": 23085000.0,
        "Depreciation And Amortization In Income Statement": 23085000.0,
        "Selling General And Administration": 34648000.0,
        "General And Administrative Expense": 34648000.0,
        "Other Gand A": 29464000.0,
        "Salaries And Wages": 5184000.0,
        "Gross Profit": 39322000.0,
        "Cost Of Revenue": 1892000.0,
        "Total Revenue": 41214000.0,
        "Operating Revenue": 41214000.0
    },
    "2022-12-31": {
        "Tax Effect Of Unusual Items": -3090372.108571,
        "Tax Rate For Calcs": 0.037839,
        "Normalized EBITDA": 7271000.0,
        "Total Unusual Items": -81671000.0,
        "Total Unusual Items Excluding Goodwill": -81671000.0,
        "Net Income From Continuing Operation Net Minority Interest": -101964000.0,
        "Reconciled Depreciation": 20201000.0,
        "Reconciled Cost Of Revenue": 2368000.0,
        "EBITDA": -74400000.0,
        "EBIT": -94601000.0,
        "Net Interest Income": -17584000.0,
        "Interest Expense": 17584000.0,
        "Normalized Income": -23383372.108571,
        "Net Income From Continuing And Discontinued Operation": -101964000.0,
        "Total Expenses": 55232000.0,
        "Total Operating Income As Reported": -19445000.0,
        "Diluted Average Shares": 94700628.0,
        "Basic Average Shares": 94700628.0,
        "Diluted EPS": -1.084687,
        "Basic EPS": -1.084687,
        "Diluted NI Availto Com Stockholders": -101957000.0,
        "Net Income Common Stockholders": -101957000.0,
        "Otherunder Preferred Stock Dividend": NaN,
        "Preferred Stock Dividends": 0.0,
        "Net Income": -101964000.0,
        "Minority Interests": 5976000.0,
        "Net Income Including Noncontrolling Interests": -107940000.0,
        "Net Income Continuous Operations": -107940000.0,
        "Tax Provision": -4245000.0,
        "Pretax Income": -112185000.0,
        "Other Income Expense": -76363000.0,
        "Other Non Operating Income Expenses": 5308000.0,
        "Special Income Charges": -1218000.0,
        "Other Special Charges": 11000.0,
        "Impairment Of Capital Assets": 1207000.0,
        "Gain On Sale Of Security": -80453000.0,
        "Net Non Operating Interest Income Expense": -17584000.0,
        "Interest Expense Non Operating": 17584000.0,
        "Operating Income": -18238000.0,
        "Operating Expense": 52864000.0,
        "Depreciation Amortization Depletion Income Statement": 20201000.0,
        "Depreciation And Amortization In Income Statement": 20201000.0,
        "Selling General And Administration": 32663000.0,
        "General And Administrative Expense": 32663000.0,
        "Other Gand A": 27137000.0,
        "Salaries And Wages": 5526000.0,
        "Gross Profit": 34626000.0,
        "Cost Of Revenue": 2368000.0,
        "Total Revenue": 36994000.0,
        "Operating Revenue": 36994000.0
    },
    "2022-09-30": {
        "Tax Effect Of Unusual Items": 8761284.902737,
        "Tax Rate For Calcs": 0.139095,
        "Normalized EBITDA": 3873000.0,
        "Total Unusual Items": 62988000.0,
        "Total Unusual Items Excluding Goodwill": 62988000.0,
        "Net Income From Continuing Operation Net Minority Interest": 23547000.0,
        "Reconciled Depreciation": 21045000.0,
        "Reconciled Cost Of Revenue": 1713000.0,
        "EBITDA": 66861000.0,
        "EBIT": 45816000.0,
        "Net Interest Income": -16771000.0,
        "Interest Expense": 16771000.0,
        "Normalized Income": -30679715.097263,
        "Net Income From Continuing And Discontinued Operation": 23547000.0,
        "Total Expenses": 53676000.0,
        "Total Operating Income As Reported": -19087000.0,
        "Diluted Average Shares": 112179224.0,
        "Basic Average Shares": 94687356.0,
        "Diluted EPS": 0.23,
        "Basic EPS": 0.24,
        "Diluted NI Availto Com Stockholders": 23156000.0,
        "Net Income Common Stockholders": 23156000.0,
        "Otherunder Preferred Stock Dividend": 391000.0,
        "Preferred Stock Dividends": NaN,
        "Net Income": 23547000.0,
        "Minority Interests": -1458000.0,
        "Net Income Including Noncontrolling Interests": 25005000.0,
        "Net Income Continuous Operations": 25005000.0,
        "Tax Provision": 4040000.0,
        "Pretax Income": 29045000.0,
        "Other Income Expense": 64197000.0,
        "Other Non Operating Income Expenses": 1209000.0,
        "Special Income Charges": -706000.0,
        "Other Special Charges": NaN,
        "Impairment Of Capital Assets": 706000.0,
        "Gain On Sale Of Security": 63694000.0,
        "Net Non Operating Interest Income Expense": -16771000.0,
        "Interest Expense Non Operating": 16771000.0,
        "Operating Income": -18381000.0,
        "Operating Expense": 51963000.0,
        "Depreciation Amortization Depletion Income Statement": 21045000.0,
        "Depreciation And Amortization In Income Statement": 21045000.0,
        "Selling General And Administration": 30918000.0,
        "General And Administrative Expense": 30918000.0,
        "Other Gand A": 25543000.0,
        "Salaries And Wages": 5375000.0,
        "Gross Profit": 33582000.0,
        "Cost Of Revenue": 1713000.0,
        "Total Revenue": 35295000.0,
        "Operating Revenue": 35295000.0
    },
    "2022-06-30": {
        "Tax Effect Of Unusual Items": 23334800.0,
        "Tax Rate For Calcs": 0.4,
        "Normalized EBITDA": 676000.0,
        "Total Unusual Items": 58337000.0,
        "Total Unusual Items Excluding Goodwill": 58337000.0,
        "Net Income From Continuing Operation Net Minority Interest": 22167000.0,
        "Reconciled Depreciation": 19324000.0,
        "Reconciled Cost Of Revenue": 2027000.0,
        "EBITDA": 59013000.0,
        "EBIT": 39689000.0,
        "Net Interest Income": -16714000.0,
        "Interest Expense": 16714000.0,
        "Normalized Income": -12835200.0,
        "Net Income From Continuing And Discontinued Operation": 22167000.0,
        "Total Expenses": 48052000.0,
        "Total Operating Income As Reported": -16756000.0,
        "Diluted Average Shares": 93506412.0,
        "Basic Average Shares": 93506412.0,
        "Diluted EPS": -0.2,
        "Basic EPS": -0.2,
        "Diluted NI Availto Com Stockholders": -18665000.0,
        "Net Income Common Stockholders": -18665000.0,
        "Otherunder Preferred Stock Dividend": NaN,
        "Preferred Stock Dividends": 40832000.0,
        "Net Income": 22167000.0,
        "Minority Interests": -1385000.0,
        "Net Income Including Noncontrolling Interests": 23552000.0,
        "Net Income Continuous Operations": 23552000.0,
        "Tax Provision": -577000.0,
        "Pretax Income": 22975000.0,
        "Other Income Expense": 55173000.0,
        "Other Non Operating Income Expenses": -3164000.0,
        "Special Income Charges": -330000.0,
        "Other Special Charges": -942000.0,
        "Impairment Of Capital Assets": 1272000.0,
        "Gain On Sale Of Security": 58667000.0,
        "Net Non Operating Interest Income Expense": -16714000.0,
        "Interest Expense Non Operating": 16714000.0,
        "Operating Income": -15484000.0,
        "Operating Expense": 46025000.0,
        "Depreciation Amortization Depletion Income Statement": 19324000.0,
        "Depreciation And Amortization In Income Statement": 19324000.0,
        "Selling General And Administration": 26701000.0,
        "General And Administrative Expense": 26701000.0,
        "Other Gand A": 21205000.0,
        "Salaries And Wages": 5496000.0,
        "Gross Profit": 30541000.0,
        "Cost Of Revenue": 2027000.0,
        "Total Revenue": 32568000.0,
        "Operating Revenue": 32568000.0
    },
    "2022-03-31": {
        "Diluted EPS": -0.05,
        "Total Revenue": 31,
        "Gross Profit": 30,
        "Operating Income": -17,
        "EBIT": 3,
        "Net Income": -4
    },
    "2021-12-31": {
        "Diluted EPS": -0.08,
        "Total Revenue": 29,
        "Gross Profit": 28,
        "Operating Income": -14,
        "EBIT": 5,
        "Net Income": -14
    },
    "2021-09-30": {
        "Diluted EPS": -0.11,
        "Total Revenue": 27,
        "Gross Profit": 27,
        "Operating Income": -13,
        "EBIT": 5,
        "Net Income": -8
    },
    "2021-06-30": {
        "Diluted EPS": -0.5,
        "Total Revenue": 25,
        "Gross Profit": 24,
        "Operating Income": -16,
        "EBIT": 1,
        "Net Income": -35
    },
    "2021-03-31": {
        "Diluted EPS": -0.66,
        "Total Revenue": 22,
        "Gross Profit": 22,
        "Operating Income": -12,
        "EBIT": 2,
        "Net Income": -39
    },
    "2020-12-31": {
        "Diluted EPS": 1.09,
        "Total Revenue": -5,
        "Gross Profit": -5,
        "Operating Income": 84,
        "EBIT": 97,
        "Net Income": 58
    },
    "2020-09-30": {
        "Diluted EPS": -0.66,
        "Total Revenue": 18,
        "Gross Profit": 18,
        "Operating Income": -14,
        "EBIT": -2,
        "Net Income": -39
    },
    "2020-06-30": {
        "Diluted EPS": -2.21,
        "Total Revenue": 41,
        "Gross Profit": 41,
        "Operating Income": -118,
        "EBIT": -106,
        "Net Income": -129
    },
    "2020-03-31": {
        "Diluted EPS": -1.34,
        "Total Revenue": 16,
        "Gross Profit": 15,
        "Operating Income": -80,
        "EBIT": -69,
        "Net Income": -72
    },
    "2019-12-31": {
        "Diluted EPS": 0.0,
        "Total Revenue": NaN,
        "Gross Profit": NaN,
        "Operating Income": NaN,
        "EBIT": NaN,
        "Net Income": NaN
    },
    "2019-09-30": {
        "Diluted EPS": 0.0,
        "Total Revenue": 14,
        "Gross Profit": 14,
        "Operating Income": 1,
        "EBIT": 1,
        "Net Income": 1
    },
    "2023-06-30": {
        "Tax Effect Of Unusual Items": -62354.909225,
        "Tax Rate For Calcs": 0.004625,
        "Normalized EBITDA": 12930000.0,
        "Total Unusual Items": -13482000.0,
        "Total Unusual Items Excluding Goodwill": -13482000.0,
        "Net Income From Continuing Operation Net Minority Interest": -41856000.0,
        "Reconciled Depreciation": 23950000.0,
        "Reconciled Cost Of Revenue": 2421000.0,
        "EBITDA": -552000.0,
        "EBIT": -24502000.0,
        "Net Interest Income": -18957000.0,
        "Interest Expense": 18957000.0,
        "Normalized Income": -28436354.909225,
        "Net Income From Continuing And Discontinued Operation": -41856000.0,
        "Total Expenses": 57246000.0,
        "Total Operating Income As Reported": -16271000.0,
        "Diluted Average Shares": 98315969.0,
        "Basic Average Shares": 98315969.0,
        "Diluted EPS": -0.43,
        "Basic EPS": -0.43,
        "Diluted NI Availto Com Stockholders": -41856000.0,
        "Net Income Common Stockholders": -41856000.0,
        "Otherunder Preferred Stock Dividend": NaN,
        "Preferred Stock Dividends": NaN,
        "Net Income": -41856000.0,
        "Minority Interests": 1402000.0,
        "Net Income Including Noncontrolling Interests": -43258000.0,
        "Net Income Continuous Operations": -43258000.0,
        "Tax Provision": -201000.0,
        "Pretax Income": -43459000.0,
        "Other Income Expense": -9731000.0,
        "Other Non Operating Income Expenses": 3751000.0,
        "Special Income Charges": -1500000.0,
        "Other Special Charges": NaN,
        "Impairment Of Capital Assets": 1500000.0,
        "Gain On Sale Of Security": -11982000.0,
        "Net Non Operating Interest Income Expense": -18957000.0,
        "Interest Expense Non Operating": 18957000.0,
        "Operating Income": -14771000.0,
        "Operating Expense": 54825000.0,
        "Depreciation Amortization Depletion Income Statement": 23950000.0,
        "Depreciation And Amortization In Income Statement": 23950000.0,
        "Selling General And Administration": 30875000.0,
        "General And Administrative Expense": 30875000.0,
        "Other Gand A": 25486000.0,
        "Salaries And Wages": 5389000.0,
        "Gross Profit": 40054000.0,
        "Cost Of Revenue": 2421000.0,
        "Total Revenue": 42475000.0,
        "Operating Revenue": 42475000.0
    }
}