{
    "2023-03-31": {
        "Tax Effect Of Unusual Items": -1481661.162483,
        "Tax Rate For Calcs": 0.152387,
        "Normalized EBITDA": -23455000.0,
        "Total Unusual Items": -9723000.0,
        "Total Unusual Items Excluding Goodwill": -9723000.0,
        "Net Income From Continuing Operation Net Minority Interest": -35932000.0,
        "Reconciled Depreciation": 4226000.0,
        "Reconciled Cost Of Revenue": 43472000.0,
        "EBITDA": -33178000.0,
        "EBIT": -37404000.0,
        "Normalized Income": -27690661.162483,
        "Net Income From Continuing And Discontinued Operation": -31364000.0,
        "Total Expenses": 186030000.0,
        "Total Operating Income As Reported": -47127000.0,
        "Diluted Average Shares": 65126000.0,
        "Basic Average Shares": 65126000.0,
        "Diluted EPS": -0.48,
        "Basic EPS": -0.48,
        "Diluted NI Availto Com Stockholders": -31364000.0,
        "Net Income Common Stockholders": -31364000.0,
        "Net Income": -31364000.0,
        "Net Income Including Noncontrolling Interests": -31364000.0,
        "Net Income Discontinuous Operations": 4568000.0,
        "Net Income Continuous Operations": -35932000.0,
        "Tax Provision": -6460000.0,
        "Pretax Income": -42392000.0,
        "Other Income Expense": -4988000.0,
        "Other Non Operating Income Expenses": 4735000.0,
        "Special Income Charges": -9723000.0,
        "Other Special Charges": NaN,
        "Impairment Of Capital Assets": 9071000.0,
        "Restructuring And Mergern Acquisition": 652000.0,
        "Operating Income": -37404000.0,
        "Operating Expense": 142558000.0,
        "Research And Development": 52220000.0,
        "Selling General And Administration": 90338000.0,
        "Selling And Marketing Expense": 57506000.0,
        "General And Administrative Expense": 32832000.0,
        "Other Gand A": 32832000.0,
        "Gross Profit": 105154000.0,
        "Cost Of Revenue": 43472000.0,
        "Total Revenue": 148626000.0,
        "Operating Revenue": 148626000.0
    },
    "2022-12-31": {
        "Tax Effect Of Unusual Items": -2466030.0,
        "Tax Rate For Calcs": 0.21,
        "Normalized EBITDA": 4668000.0,
        "Total Unusual Items": -11743000.0,
        "Total Unusual Items Excluding Goodwill": -11743000.0,
        "Net Income From Continuing Operation Net Minority Interest": -30520000.0,
        "Reconciled Depreciation": 5131000.0,
        "Reconciled Cost Of Revenue": 43287000.0,
        "EBITDA": -7075000.0,
        "EBIT": -12206000.0,
        "Normalized Income": -21243030.0,
        "Net Income From Continuing And Discontinued Operation": -29684000.0,
        "Total Expenses": 170821000.0,
        "Total Operating Income As Reported": -23949000.0,
        "Diluted Average Shares": 64784000.0,
        "Basic Average Shares": 64784000.0,
        "Diluted EPS": -0.46,
        "Basic EPS": -0.46,
        "Diluted NI Availto Com Stockholders": -29684000.0,
        "Net Income Common Stockholders": -29684000.0,
        "Net Income": -29684000.0,
        "Net Income Including Noncontrolling Interests": -29684000.0,
        "Net Income Discontinuous Operations": 836000.0,
        "Net Income Continuous Operations": -30520000.0,
        "Tax Provision": 5835000.0,
        "Pretax Income": -24685000.0,
        "Other Income Expense": -12479000.0,
        "Other Non Operating Income Expenses": -736000.0,
        "Special Income Charges": -11743000.0,
        "Other Special Charges": NaN,
        "Impairment Of Capital Assets": 5358000.0,
        "Restructuring And Mergern Acquisition": 6385000.0,
        "Operating Income": -12206000.0,
        "Operating Expense": 127534000.0,
        "Research And Development": 43175000.0,
        "Selling General And Administration": 84359000.0,
        "Selling And Marketing Expense": 47702000.0,
        "General And Administrative Expense": 36657000.0,
        "Other Gand A": 36657000.0,
        "Gross Profit": 115328000.0,
        "Cost Of Revenue": 43287000.0,
        "Total Revenue": 158615000.0,
        "Operating Revenue": 158615000.0
    },
    "2022-09-30": {
        "Tax Effect Of Unusual Items": -5252800.0,
        "Tax Rate For Calcs": 0.4,
        "Normalized EBITDA": 2810000.0,
        "Total Unusual Items": -13132000.0,
        "Total Unusual Items Excluding Goodwill": -13132000.0,
        "Net Income From Continuing Operation Net Minority Interest": -30436000.0,
        "Reconciled Depreciation": 5689000.0,
        "Reconciled Cost Of Revenue": 42304000.0,
        "EBITDA": -10322000.0,
        "EBIT": -16011000.0,
        "Normalized Income": -22556800.0,
        "Net Income From Continuing And Discontinued Operation": -30436000.0,
        "Total Expenses": 163110000.0,
        "Total Operating Income As Reported": -29122000.0,
        "Diluted Average Shares": 67096000.0,
        "Basic Average Shares": 67096000.0,
        "Diluted EPS": -0.45,
        "Basic EPS": -0.45,
        "Diluted NI Availto Com Stockholders": -30436000.0,
        "Net Income Common Stockholders": -30436000.0,
        "Net Income": -30436000.0,
        "Net Income Including Noncontrolling Interests": -30436000.0,
        "Net Income Discontinuous Operations": NaN,
        "Net Income Continuous Operations": -30436000.0,
        "Tax Provision": 3562000.0,
        "Pretax Income": -26874000.0,
        "Other Income Expense": -10863000.0,
        "Other Non Operating Income Expenses": 2269000.0,
        "Special Income Charges": -13132000.0,
        "Other Special Charges": NaN,
        "Impairment Of Capital Assets": 10170000.0,
        "Restructuring And Mergern Acquisition": 2962000.0,
        "Operating Income": -16011000.0,
        "Operating Expense": 120806000.0,
        "Research And Development": 46139000.0,
        "Selling General And Administration": 74667000.0,
        "Selling And Marketing Expense": 45949000.0,
        "General And Administrative Expense": 28718000.0,
        "Other Gand A": 28718000.0,
        "Gross Profit": 104795000.0,
        "Cost Of Revenue": 42304000.0,
        "Total Revenue": 147099000.0,
        "Operating Revenue": 147099000.0
    },
    "2022-06-30": {
        "Tax Effect Of Unusual Items": -295600.0,
        "Tax Rate For Calcs": 0.4,
        "Normalized EBITDA": -18383000.0,
        "Total Unusual Items": -739000.0,
        "Total Unusual Items Excluding Goodwill": -739000.0,
        "Net Income From Continuing Operation Net Minority Interest": -27218000.0,
        "Reconciled Depreciation": 5741000.0,
        "Reconciled Cost Of Revenue": 41021000.0,
        "EBITDA": -19122000.0,
        "EBIT": -24863000.0,
        "Normalized Income": -26774600.0,
        "Net Income From Continuing And Discontinued Operation": -27218000.0,
        "Total Expenses": 167106000.0,
        "Total Operating Income As Reported": -25602000.0,
        "Diluted Average Shares": 68403000.0,
        "Basic Average Shares": 68403000.0,
        "Diluted EPS": -0.4,
        "Basic EPS": -0.4,
        "Diluted NI Availto Com Stockholders": -27218000.0,
        "Net Income Common Stockholders": -27218000.0,
        "Net Income": -27218000.0,
        "Net Income Including Noncontrolling Interests": -27218000.0,
        "Net Income Discontinuous Operations": NaN,
        "Net Income Continuous Operations": -27218000.0,
        "Tax Provision": 2315000.0,
        "Pretax Income": -24903000.0,
        "Other Income Expense": -40000.0,
        "Other Non Operating Income Expenses": 699000.0,
        "Special Income Charges": -739000.0,
        "Other Special Charges": NaN,
        "Impairment Of Capital Assets": NaN,
        "Restructuring And Mergern Acquisition": 739000.0,
        "Operating Income": -24863000.0,
        "Operating Expense": 126085000.0,
        "Research And Development": 47661000.0,
        "Selling General And Administration": 78424000.0,
        "Selling And Marketing Expense": 51280000.0,
        "General And Administrative Expense": 27144000.0,
        "Other Gand A": 27144000.0,
        "Gross Profit": 101222000.0,
        "Cost Of Revenue": 41021000.0,
        "Total Revenue": 142243000.0,
        "Operating Revenue": 142243000.0
    },
    "2022-03-31": {
        "Diluted EPS": -0.43,
        "Total Revenue": 142,
        "Gross Profit": 102,
        "Operating Income": -28,
        "EBIT": -22,
        "Net Income": -29
    },
    "2021-12-31": {
        "Diluted EPS": -0.23,
        "Total Revenue": 141,
        "Gross Profit": 102,
        "Operating Income": -14,
        "EBIT": -8,
        "Net Income": -15
    },
    "2021-09-30": {
        "Diluted EPS": -0.09,
        "Total Revenue": 127,
        "Gross Profit": 92,
        "Operating Income": -6,
        "EBIT": 0,
        "Net Income": -6
    },
    "2021-06-30": {
        "Diluted EPS": 0.25,
        "Total Revenue": 119,
        "Gross Profit": 85,
        "Operating Income": -18,
        "EBIT": -11,
        "Net Income": 17
    },
    "2021-03-31": {
        "Diluted EPS": -0.49,
        "Total Revenue": 119,
        "Gross Profit": 82,
        "Operating Income": -52,
        "EBIT": -46,
        "Net Income": -33
    },
    "2020-12-31": {
        "Diluted EPS": -0.18,
        "Total Revenue": 120,
        "Gross Profit": 83,
        "Operating Income": -16,
        "EBIT": -9,
        "Net Income": -12
    },
    "2020-09-30": {
        "Diluted EPS": -0.36,
        "Total Revenue": 105,
        "Gross Profit": 70,
        "Operating Income": -27,
        "EBIT": -20,
        "Net Income": -24
    },
    "2020-06-30": {
        "Diluted EPS": -0.33,
        "Total Revenue": 99,
        "Gross Profit": 65,
        "Operating Income": -26,
        "EBIT": -18,
        "Net Income": -22
    },
    "2020-03-31": {
        "Diluted EPS": -0.08,
        "Total Revenue": 106,
        "Gross Profit": 69,
        "Operating Income": -41,
        "EBIT": -33,
        "Net Income": -4
    },
    "2019-12-31": {
        "Diluted EPS": -0.56,
        "Total Revenue": 102,
        "Gross Profit": 64,
        "Operating Income": -41,
        "EBIT": -33,
        "Net Income": -38
    },
    "2019-09-30": {
        "Diluted EPS": -0.59,
        "Total Revenue": 90,
        "Gross Profit": 49,
        "Operating Income": -50,
        "EBIT": -39,
        "Net Income": -40
    },
    "2019-06-30": {
        "Diluted EPS": -0.61,
        "Total Revenue": 83,
        "Gross Profit": 46,
        "Operating Income": -48,
        "EBIT": -39,
        "Net Income": -42
    },
    "2019-03-31": {
        "Diluted EPS": -0.67,
        "Total Revenue": 78,
        "Gross Profit": 41,
        "Operating Income": -82,
        "EBIT": -74,
        "Net Income": -45
    },
    "2018-12-31": {
        "Diluted EPS": 13.65,
        "Total Revenue": 80,
        "Gross Profit": 45,
        "Operating Income": -48,
        "EBIT": -39,
        "Net Income": NaN
    },
    "2018-09-30": {
        "Diluted EPS": 0.27,
        "Total Revenue": 65,
        "Gross Profit": 40,
        "Operating Income": -38,
        "EBIT": -31,
        "Net Income": 21
    },
    "2018-06-30": {
        "Diluted EPS": -0.04,
        "Total Revenue": 62,
        "Gross Profit": 39,
        "Operating Income": -30,
        "EBIT": -20,
        "Net Income": -3
    },
    "2018-03-31": {
        "Diluted EPS": 0.07,
        "Total Revenue": 60,
        "Gross Profit": 36,
        "Operating Income": -28,
        "EBIT": -18,
        "Net Income": 5
    },
    "2017-12-31": {
        "Diluted EPS": 0.28,
        "Total Revenue": 59,
        "Gross Profit": 35,
        "Operating Income": -28,
        "EBIT": -18,
        "Net Income": 23
    },
    "2017-09-30": {
        "Diluted EPS": -0.04,
        "Total Revenue": 54,
        "Gross Profit": 30,
        "Operating Income": -38,
        "EBIT": -40,
        "Net Income": -3
    },
    "2017-06-30": {
        "Diluted EPS": -0.02,
        "Total Revenue": 213,
        "Gross Profit": 99,
        "Operating Income": -6,
        "EBIT": 15,
        "Net Income": -1
    },
    "2017-03-31": {
        "Diluted EPS": -0.1,
        "Total Revenue": 225,
        "Gross Profit": 107,
        "Operating Income": -9,
        "EBIT": -38,
        "Net Income": -8
    },
    "2016-12-31": {
        "Diluted EPS": 0.01,
        "Total Revenue": 223,
        "Gross Profit": 107,
        "Operating Income": 9,
        "EBIT": 29,
        "Net Income": 1
    },
    "2016-09-30": {
        "Diluted EPS": 0.09,
        "Total Revenue": 217,
        "Gross Profit": 97,
        "Operating Income": 7,
        "EBIT": 27,
        "Net Income": 7
    },
    "2016-06-30": {
        "Diluted EPS": 0.05,
        "Total Revenue": 215,
        "Gross Profit": 92,
        "Operating Income": 8,
        "EBIT": 29,
        "Net Income": 4
    },
    "2016-03-31": {
        "Diluted EPS": -0.02,
        "Total Revenue": 225,
        "Gross Profit": 101,
        "Operating Income": -8,
        "EBIT": 21,
        "Net Income": -2
    },
    "2015-12-31": {
        "Diluted EPS": -0.02,
        "Total Revenue": 221,
        "Gross Profit": 95,
        "Operating Income": 0,
        "EBIT": 20,
        "Net Income": -1
    },
    "2015-09-30": {
        "Diluted EPS": 0.14,
        "Total Revenue": 207,
        "Gross Profit": 86,
        "Operating Income": -2,
        "EBIT": 19,
        "Net Income": 11
    },
    "2015-06-30": {
        "Diluted EPS": -0.01,
        "Total Revenue": 197,
        "Gross Profit": 79,
        "Operating Income": -3,
        "EBIT": 19,
        "Net Income": -1
    },
    "2015-03-31": {
        "Diluted EPS": -0.07,
        "Total Revenue": 206,
        "Gross Profit": 73,
        "Operating Income": -11,
        "EBIT": 15,
        "Net Income": -6
    },
    "2014-12-31": {
        "Diluted EPS": 0.05,
        "Total Revenue": 208,
        "Gross Profit": 82,
        "Operating Income": -2,
        "EBIT": 18,
        "Net Income": 4
    },
    "2014-09-30": {
        "Diluted EPS": -0.02,
        "Total Revenue": 204,
        "Gross Profit": 81,
        "Operating Income": -6,
        "EBIT": 12,
        "Net Income": -2
    },
    "2014-06-30": {
        "Diluted EPS": -0.1,
        "Total Revenue": 187,
        "Gross Profit": 74,
        "Operating Income": -13,
        "EBIT": 3,
        "Net Income": -8
    },
    "2014-03-31": {
        "Diluted EPS": -0.37,
        "Total Revenue": 11,
        "Gross Profit": 103,
        "Operating Income": -60,
        "EBIT": -54,
        "Net Income": -29
    },
    "2013-12-31": {
        "Diluted EPS": 0.19,
        "Total Revenue": 269,
        "Gross Profit": 67,
        "Operating Income": 19,
        "EBIT": 45,
        "Net Income": 15
    },
    "2013-09-30": {
        "Diluted EPS": 0.13,
        "Total Revenue": 268,
        "Gross Profit": 69,
        "Operating Income": 19,
        "EBIT": 44,
        "Net Income": 10
    },
    "2013-06-30": {
        "Diluted EPS": 0.17,
        "Total Revenue": 257,
        "Gross Profit": 61,
        "Operating Income": 23,
        "EBIT": 49,
        "Net Income": 13
    },
    "2013-03-31": {
        "Diluted EPS": 0.18,
        "Total Revenue": 246,
        "Gross Profit": 62,
        "Operating Income": 18,
        "EBIT": 45,
        "Net Income": 13
    },
    "2012-12-31": {
        "Diluted EPS": 0.19,
        "Total Revenue": 273,
        "Gross Profit": 64,
        "Operating Income": 27,
        "EBIT": 56,
        "Net Income": 15
    },
    "2012-09-30": {
        "Diluted EPS": 0.21,
        "Total Revenue": 277,
        "Gross Profit": 68,
        "Operating Income": 30,
        "EBIT": 59,
        "Net Income": 17
    },
    "2012-06-30": {
        "Diluted EPS": 0.17,
        "Total Revenue": 272,
        "Gross Profit": 62,
        "Operating Income": 25,
        "EBIT": 56,
        "Net Income": 13
    },
    "2012-03-31": {
        "Diluted EPS": 0.57,
        "Total Revenue": 287,
        "Gross Profit": 79,
        "Operating Income": 22,
        "EBIT": 54,
        "Net Income": 46
    },
    "2011-12-31": {
        "Diluted EPS": 0.1,
        "Total Revenue": 281,
        "Gross Profit": 67,
        "Operating Income": 16,
        "EBIT": 66,
        "Net Income": 8
    },
    "2011-09-30": {
        "Diluted EPS": 0.16,
        "Total Revenue": 286,
        "Gross Profit": 69,
        "Operating Income": 27,
        "EBIT": 62,
        "Net Income": 12
    },
    "2011-06-30": {
        "Diluted EPS": 0.13,
        "Total Revenue": 276,
        "Gross Profit": 58,
        "Operating Income": 21,
        "EBIT": 56,
        "Net Income": 11
    },
    "2011-03-31": {
        "Diluted EPS": -0.82,
        "Total Revenue": 264,
        "Gross Profit": 68,
        "Operating Income": -58,
        "EBIT": 59,
        "Net Income": -67
    },
    "2010-12-31": {
        "Diluted EPS": 0.25,
        "Total Revenue": 288,
        "Gross Profit": 69,
        "Operating Income": 34,
        "EBIT": 69,
        "Net Income": 21
    },
    "2010-09-30": {
        "Diluted EPS": 0.16,
        "Total Revenue": 292,
        "Gross Profit": 68,
        "Operating Income": 27,
        "EBIT": 65,
        "Net Income": 13
    },
    "2010-06-30": {
        "Diluted EPS": 0.12,
        "Total Revenue": 270,
        "Gross Profit": 60,
        "Operating Income": 22,
        "EBIT": 58,
        "Net Income": 10
    },
    "2010-03-31": {
        "Diluted EPS": 0.2,
        "Total Revenue": 253,
        "Gross Profit": 71,
        "Operating Income": 34,
        "EBIT": 77,
        "Net Income": 17
    },
    "2009-12-31": {
        "Diluted EPS": 0.18,
        "Total Revenue": 284,
        "Gross Profit": 74,
        "Operating Income": 30,
        "EBIT": 73,
        "Net Income": 14
    },
    "2009-09-30": {
        "Diluted EPS": 0.12,
        "Total Revenue": 271,
        "Gross Profit": 59,
        "Operating Income": 21,
        "EBIT": 62,
        "Net Income": 9
    },
    "2009-06-30": {
        "Diluted EPS": 0.05,
        "Total Revenue": 256,
        "Gross Profit": 50,
        "Operating Income": 12,
        "EBIT": 53,
        "Net Income": 4
    },
    "2009-03-31": {
        "Diluted EPS": 0.29,
        "Total Revenue": 296,
        "Gross Profit": 79,
        "Operating Income": 42,
        "EBIT": 86,
        "Net Income": 22
    },
    "2023-06-30": {
        "Tax Effect Of Unusual Items": -24360.0,
        "Tax Rate For Calcs": 0.21,
        "Normalized EBITDA": 6541000.0,
        "Total Unusual Items": -116000.0,
        "Total Unusual Items Excluding Goodwill": -116000.0,
        "Net Income From Continuing Operation Net Minority Interest": -1586000.0,
        "Reconciled Depreciation": 4039000.0,
        "Reconciled Cost Of Revenue": 45621000.0,
        "EBITDA": 6425000.0,
        "EBIT": 2386000.0,
        "Normalized Income": -1494360.0,
        "Net Income From Continuing And Discontinued Operation": -1586000.0,
        "Total Expenses": 151683000.0,
        "Total Operating Income As Reported": 2270000.0,
        "Diluted Average Shares": 66497000.0,
        "Basic Average Shares": 66497000.0,
        "Diluted EPS": -0.02,
        "Basic EPS": -0.02,
        "Diluted NI Availto Com Stockholders": -1586000.0,
        "Net Income Common Stockholders": -1586000.0,
        "Net Income": -1586000.0,
        "Net Income Including Noncontrolling Interests": -1586000.0,
        "Net Income Discontinuous Operations": NaN,
        "Net Income Continuous Operations": -1586000.0,
        "Tax Provision": 8705000.0,
        "Pretax Income": 7119000.0,
        "Other Income Expense": 4733000.0,
        "Other Non Operating Income Expenses": 4849000.0,
        "Special Income Charges": -116000.0,
        "Other Special Charges": 28000.0,
        "Impairment Of Capital Assets": NaN,
        "Restructuring And Mergern Acquisition": 88000.0,
        "Operating Income": 2386000.0,
        "Operating Expense": 106062000.0,
        "Research And Development": 34519000.0,
        "Selling General And Administration": 71543000.0,
        "Selling And Marketing Expense": 44879000.0,
        "General And Administrative Expense": 26664000.0,
        "Other Gand A": 26664000.0,
        "Gross Profit": 108448000.0,
        "Cost Of Revenue": 45621000.0,
        "Total Revenue": 154069000.0,
        "Operating Revenue": 154069000.0
    },
    "2023-09-30": {
        "Tax Effect Of Unusual Items": -1380540.0,
        "Tax Rate For Calcs": 0.21,
        "Normalized EBITDA": 23220000.0,
        "Total Unusual Items": -6574000.0,
        "Total Unusual Items Excluding Goodwill": -6574000.0,
        "Net Income From Continuing Operation Net Minority Interest": 4476000.0,
        "Reconciled Depreciation": 1864000.0,
        "Reconciled Cost Of Revenue": 41212000.0,
        "EBITDA": 16646000.0,
        "EBIT": 14782000.0,
        "Normalized Income": 9669460.0,
        "Net Income From Continuing And Discontinued Operation": 4863000.0,
        "Total Expenses": 145089000.0,
        "Total Operating Income As Reported": 8208000.0,
        "Diluted Average Shares": 67868000.0,
        "Basic Average Shares": 66284000.0,
        "Diluted EPS": 0.07,
        "Basic EPS": 0.07,
        "Diluted NI Availto Com Stockholders": 4863000.0,
        "Net Income Common Stockholders": 4863000.0,
        "Net Income": 4863000.0,
        "Net Income Including Noncontrolling Interests": 4863000.0,
        "Net Income Discontinuous Operations": 387000.0,
        "Net Income Continuous Operations": 4476000.0,
        "Tax Provision": 10163000.0,
        "Pretax Income": 14639000.0,
        "Other Income Expense": -143000.0,
        "Other Non Operating Income Expenses": 6431000.0,
        "Special Income Charges": -6574000.0,
        "Other Special Charges": NaN,
        "Impairment Of Capital Assets": 4793000.0,
        "Restructuring And Mergern Acquisition": 1781000.0,
        "Operating Income": 14782000.0,
        "Operating Expense": 103877000.0,
        "Research And Development": 33733000.0,
        "Selling General And Administration": 70144000.0,
        "Selling And Marketing Expense": 44135000.0,
        "General And Administrative Expense": 26009000.0,
        "Other Gand A": 26009000.0,
        "Gross Profit": 118659000.0,
        "Cost Of Revenue": 41212000.0,
        "Total Revenue": 159871000.0,
        "Operating Revenue": 159871000.0
    }
}