{
    "2023-03-31": {
        "Tax Effect Of Unusual Items": NaN,
        "Tax Rate For Calcs": NaN,
        "Normalized EBITDA": NaN,
        "Total Unusual Items": NaN,
        "Total Unusual Items Excluding Goodwill": NaN,
        "Net Income From Continuing Operation Net Minority Interest": NaN,
        "Reconciled Depreciation": NaN,
        "Reconciled Cost Of Revenue": NaN,
        "EBITDA": NaN,
        "EBIT": NaN,
        "Net Interest Income": NaN,
        "Interest Expense": 0.0,
        "Interest Income": NaN,
        "Normalized Income": NaN,
        "Net Income From Continuing And Discontinued Operation": NaN,
        "Total Expenses": NaN,
        "Diluted Average Shares": NaN,
        "Basic Average Shares": NaN,
        "Diluted EPS": NaN,
        "Basic EPS": NaN,
        "Diluted NI Availto Com Stockholders": NaN,
        "Net Income Common Stockholders": NaN,
        "Net Income": NaN,
        "Net Income Including Noncontrolling Interests": NaN,
        "Net Income Continuous Operations": NaN,
        "Tax Provision": NaN,
        "Pretax Income": NaN,
        "Other Income Expense": -28000.0,
        "Special Income Charges": NaN,
        "Write Off": 28000.0,
        "Impairment Of Capital Assets": NaN,
        "Net Non Operating Interest Income Expense": NaN,
        "Total Other Finance Cost": NaN,
        "Interest Expense Non Operating": 0.0,
        "Interest Income Non Operating": NaN,
        "Operating Income": NaN,
        "Operating Expense": NaN,
        "Provision For Doubtful Accounts": 28000.0,
        "Depreciation Amortization Depletion Income Statement": NaN,
        "Depreciation And Amortization In Income Statement": NaN,
        "Selling General And Administration": NaN,
        "General And Administrative Expense": NaN,
        "Other Gand A": NaN,
        "Gross Profit": NaN,
        "Cost Of Revenue": NaN,
        "Total Revenue": NaN,
        "Operating Revenue": NaN
    },
    "2022-12-31": {
        "Tax Effect Of Unusual Items": NaN,
        "Tax Rate For Calcs": NaN,
        "Normalized EBITDA": NaN,
        "Total Unusual Items": NaN,
        "Total Unusual Items Excluding Goodwill": NaN,
        "Net Income From Continuing Operation Net Minority Interest": NaN,
        "Reconciled Depreciation": NaN,
        "Reconciled Cost Of Revenue": NaN,
        "EBITDA": NaN,
        "EBIT": NaN,
        "Net Interest Income": NaN,
        "Interest Expense": 0.0,
        "Normalized Income": NaN,
        "Net Income From Continuing And Discontinued Operation": NaN,
        "Total Expenses": NaN,
        "Diluted Average Shares": NaN,
        "Basic Average Shares": NaN,
        "Diluted EPS": NaN,
        "Basic EPS": NaN,
        "Diluted NI Availto Com Stockholders": NaN,
        "Net Income Common Stockholders": NaN,
        "Net Income": NaN,
        "Net Income Including Noncontrolling Interests": NaN,
        "Net Income Continuous Operations": NaN,
        "Tax Provision": NaN,
        "Pretax Income": NaN,
        "Other Income Expense": -5000.0,
        "Special Income Charges": NaN,
        "Write Off": 5000.0,
        "Impairment Of Capital Assets": NaN,
        "Net Non Operating Interest Income Expense": NaN,
        "Total Other Finance Cost": NaN,
        "Interest Expense Non Operating": 0.0,
        "Operating Income": NaN,
        "Operating Expense": NaN,
        "Provision For Doubtful Accounts": NaN,
        "Depreciation Amortization Depletion Income Statement": NaN,
        "Depreciation And Amortization In Income Statement": NaN,
        "Selling General And Administration": NaN,
        "General And Administrative Expense": NaN,
        "Other Gand A": NaN,
        "Gross Profit": NaN,
        "Cost Of Revenue": NaN,
        "Total Revenue": NaN,
        "Operating Revenue": NaN
    },
    "2022-09-30": {
        "Tax Effect Of Unusual Items": -2075.18797,
        "Tax Rate For Calcs": 0.230576,
        "Normalized EBITDA": 568000.0,
        "Total Unusual Items": -9000.0,
        "Total Unusual Items Excluding Goodwill": -9000.0,
        "Net Income From Continuing Operation Net Minority Interest": 307000.0,
        "Reconciled Depreciation": 159000.0,
        "Reconciled Cost Of Revenue": 1094000.0,
        "EBITDA": 559000.0,
        "EBIT": 400000.0,
        "Net Interest Income": -1000.0,
        "Interest Expense": 1000.0,
        "Normalized Income": 313924.81203,
        "Net Income From Continuing And Discontinued Operation": 307000.0,
        "Total Expenses": 2596000.0,
        "Diluted Average Shares": 16632000.0,
        "Basic Average Shares": 16632000.0,
        "Diluted EPS": 0.02,
        "Basic EPS": 0.02,
        "Diluted NI Availto Com Stockholders": 307000.0,
        "Net Income Common Stockholders": 307000.0,
        "Net Income": 307000.0,
        "Net Income Including Noncontrolling Interests": 307000.0,
        "Net Income Continuous Operations": 307000.0,
        "Tax Provision": 92000.0,
        "Pretax Income": 399000.0,
        "Other Income Expense": -9000.0,
        "Special Income Charges": -9000.0,
        "Write Off": 4000.0,
        "Impairment Of Capital Assets": 5000.0,
        "Net Non Operating Interest Income Expense": -1000.0,
        "Interest Expense Non Operating": 1000.0,
        "Operating Income": 409000.0,
        "Operating Expense": 1394000.0,
        "Depreciation Amortization Depletion Income Statement": 51000.0,
        "Depreciation And Amortization In Income Statement": 51000.0,
        "Selling General And Administration": 1343000.0,
        "General And Administrative Expense": 1343000.0,
        "Other Gand A": 1343000.0,
        "Gross Profit": 1803000.0,
        "Cost Of Revenue": 1202000.0,
        "Total Revenue": 3005000.0,
        "Operating Revenue": 1244000.0
    },
    "2022-06-30": {
        "Tax Effect Of Unusual Items": -17200.0,
        "Tax Rate For Calcs": 0.4,
        "Normalized EBITDA": 1212000.0,
        "Total Unusual Items": -43000.0,
        "Total Unusual Items Excluding Goodwill": -43000.0,
        "Net Income From Continuing Operation Net Minority Interest": 6787000.0,
        "Reconciled Depreciation": 49000.0,
        "Reconciled Cost Of Revenue": 809000.0,
        "EBITDA": 1169000.0,
        "EBIT": 1120000.0,
        "Net Interest Income": 0.0,
        "Interest Expense": 0.0,
        "Normalized Income": 6812800.0,
        "Net Income From Continuing And Discontinued Operation": 6787000.0,
        "Total Expenses": 1660000.0,
        "Diluted Average Shares": 17957000.0,
        "Basic Average Shares": 17957000.0,
        "Diluted EPS": 0.38,
        "Basic EPS": 0.38,
        "Diluted NI Availto Com Stockholders": 6787000.0,
        "Net Income Common Stockholders": 6787000.0,
        "Net Income": 6787000.0,
        "Net Income Including Noncontrolling Interests": 6787000.0,
        "Net Income Continuous Operations": 6787000.0,
        "Tax Provision": -5667000.0,
        "Pretax Income": 1120000.0,
        "Other Income Expense": -43000.0,
        "Special Income Charges": -43000.0,
        "Gain On Sale Of Ppe": 0.0,
        "Write Off": 37000.0,
        "Impairment Of Capital Assets": 6000.0,
        "Net Non Operating Interest Income Expense": 0.0,
        "Interest Expense Non Operating": 0.0,
        "Operating Income": 1163000.0,
        "Operating Expense": 851000.0,
        "Other Operating Expenses": -704000.0,
        "Depreciation Amortization Depletion Income Statement": 49000.0,
        "Depreciation And Amortization In Income Statement": 49000.0,
        "Selling General And Administration": 1506000.0,
        "General And Administrative Expense": 1506000.0,
        "Other Gand A": 1506000.0,
        "Gross Profit": 2014000.0,
        "Cost Of Revenue": 809000.0,
        "Total Revenue": 2823000.0,
        "Operating Revenue": 2823000.0
    },
    "2022-03-31": {
        "Diluted EPS": 0.03,
        "Total Revenue": 3,
        "Gross Profit": 2,
        "Operating Income": 0,
        "EBIT": 1,
        "Net Income": 0
    },
    "2021-12-31": {
        "Diluted EPS": 0.02,
        "Total Revenue": 3,
        "Gross Profit": 2,
        "Operating Income": 0,
        "EBIT": 1,
        "Net Income": 0
    },
    "2021-09-30": {
        "Diluted EPS": 0.02,
        "Total Revenue": 3,
        "Gross Profit": 2,
        "Operating Income": 0,
        "EBIT": 0,
        "Net Income": 0
    },
    "2021-06-30": {
        "Diluted EPS": 0.06,
        "Total Revenue": 2,
        "Gross Profit": 2,
        "Operating Income": 0,
        "EBIT": 0,
        "Net Income": 1
    },
    "2021-03-31": {
        "Diluted EPS": 0.02,
        "Total Revenue": 2,
        "Gross Profit": 1,
        "Operating Income": 0,
        "EBIT": 1,
        "Net Income": 0
    },
    "2020-12-31": {
        "Diluted EPS": 0.01,
        "Total Revenue": 2,
        "Gross Profit": 1,
        "Operating Income": 0,
        "EBIT": 0,
        "Net Income": 0
    },
    "2020-09-30": {
        "Diluted EPS": 0.0,
        "Total Revenue": 2,
        "Gross Profit": 1,
        "Operating Income": 0,
        "EBIT": 0,
        "Net Income": 0
    },
    "2020-06-30": {
        "Diluted EPS": 0.01,
        "Total Revenue": 2,
        "Gross Profit": 1,
        "Operating Income": 0,
        "EBIT": 1,
        "Net Income": 0
    },
    "2020-03-31": {
        "Diluted EPS": -0.3,
        "Total Revenue": 3,
        "Gross Profit": 2,
        "Operating Income": -1,
        "EBIT": -1,
        "Net Income": -5
    },
    "2019-12-31": {
        "Diluted EPS": 0.0,
        "Total Revenue": 3,
        "Gross Profit": 2,
        "Operating Income": 0,
        "EBIT": 0,
        "Net Income": 0
    },
    "2019-09-30": {
        "Diluted EPS": 0.01,
        "Total Revenue": 3,
        "Gross Profit": 2,
        "Operating Income": 0,
        "EBIT": 1,
        "Net Income": 0
    },
    "2019-06-30": {
        "Diluted EPS": -0.06,
        "Total Revenue": 3,
        "Gross Profit": 2,
        "Operating Income": -1,
        "EBIT": -1,
        "Net Income": -1
    },
    "2019-03-31": {
        "Diluted EPS": -0.02,
        "Total Revenue": 3,
        "Gross Profit": 2,
        "Operating Income": 0,
        "EBIT": 0,
        "Net Income": 0
    },
    "2018-12-31": {
        "Diluted EPS": 0.02,
        "Total Revenue": 3,
        "Gross Profit": 2,
        "Operating Income": 0,
        "EBIT": 1,
        "Net Income": 0
    },
    "2018-09-30": {
        "Diluted EPS": 0.01,
        "Total Revenue": 3,
        "Gross Profit": 2,
        "Operating Income": 0,
        "EBIT": 0,
        "Net Income": 0
    },
    "2018-06-30": {
        "Diluted EPS": 0.23,
        "Total Revenue": 3,
        "Gross Profit": 2,
        "Operating Income": 0,
        "EBIT": 0,
        "Net Income": 3
    },
    "2018-03-31": {
        "Diluted EPS": -0.03,
        "Total Revenue": 3,
        "Gross Profit": 2,
        "Operating Income": 0,
        "EBIT": 0,
        "Net Income": 0
    },
    "2017-12-31": {
        "Diluted EPS": -0.04,
        "Total Revenue": 4,
        "Gross Profit": 2,
        "Operating Income": 0,
        "EBIT": 0,
        "Net Income": -1
    },
    "2017-09-30": {
        "Diluted EPS": -0.03,
        "Total Revenue": 5,
        "Gross Profit": 3,
        "Operating Income": 0,
        "EBIT": 0,
        "Net Income": 0
    },
    "2017-06-30": {
        "Diluted EPS": -0.12,
        "Total Revenue": -2,
        "Gross Profit": 4,
        "Operating Income": -1,
        "EBIT": 0,
        "Net Income": -1
    },
    "2017-03-31": {
        "Diluted EPS": -0.18,
        "Total Revenue": 6,
        "Gross Profit": 2,
        "Operating Income": -2,
        "EBIT": -1,
        "Net Income": -2
    },
    "2016-12-31": {
        "Diluted EPS": -0.74,
        "Total Revenue": 7,
        "Gross Profit": 2,
        "Operating Income": -8,
        "EBIT": -7,
        "Net Income": -8
    },
    "2016-09-30": {
        "Diluted EPS": -0.14,
        "Total Revenue": 15,
        "Gross Profit": 1,
        "Operating Income": -1,
        "EBIT": -1,
        "Net Income": -1
    },
    "2016-06-30": {
        "Diluted EPS": -0.24,
        "Total Revenue": 15,
        "Gross Profit": 1,
        "Operating Income": -2,
        "EBIT": -1,
        "Net Income": -2
    },
    "2016-03-31": {
        "Diluted EPS": -0.12,
        "Total Revenue": 15,
        "Gross Profit": 1,
        "Operating Income": -1,
        "EBIT": 0,
        "Net Income": -1
    },
    "2015-12-31": {
        "Diluted EPS": -0.45,
        "Total Revenue": 15,
        "Gross Profit": 1,
        "Operating Income": -2,
        "EBIT": -1,
        "Net Income": -5
    },
    "2015-09-30": {
        "Diluted EPS": -0.05,
        "Total Revenue": 15,
        "Gross Profit": 1,
        "Operating Income": -1,
        "EBIT": 0,
        "Net Income": -1
    },
    "2015-06-30": {
        "Diluted EPS": -0.06,
        "Total Revenue": 14,
        "Gross Profit": 1,
        "Operating Income": -1,
        "EBIT": 0,
        "Net Income": -1
    },
    "2015-03-31": {
        "Diluted EPS": -0.05,
        "Total Revenue": 12,
        "Gross Profit": 1,
        "Operating Income": -1,
        "EBIT": 0,
        "Net Income": -1
    },
    "2014-12-31": {
        "Diluted EPS": -0.04,
        "Total Revenue": 11,
        "Gross Profit": 1,
        "Operating Income": -1,
        "EBIT": 0,
        "Net Income": 0
    },
    "2014-09-30": {
        "Diluted EPS": -0.03,
        "Total Revenue": 11,
        "Gross Profit": 1,
        "Operating Income": 0,
        "EBIT": 0,
        "Net Income": 0
    },
    "2014-06-30": {
        "Diluted EPS": -0.05,
        "Total Revenue": 11,
        "Gross Profit": 1,
        "Operating Income": -1,
        "EBIT": 0,
        "Net Income": 0
    },
    "2014-03-31": {
        "Diluted EPS": -0.05,
        "Total Revenue": 11,
        "Gross Profit": 1,
        "Operating Income": -1,
        "EBIT": 0,
        "Net Income": 0
    },
    "2013-12-31": {
        "Diluted EPS": -0.04,
        "Total Revenue": 10,
        "Gross Profit": 1,
        "Operating Income": -1,
        "EBIT": 0,
        "Net Income": 0
    },
    "2013-09-30": {
        "Diluted EPS": -0.04,
        "Total Revenue": 10,
        "Gross Profit": 1,
        "Operating Income": 0,
        "EBIT": 0,
        "Net Income": 0
    },
    "2013-06-30": {
        "Diluted EPS": -0.09,
        "Total Revenue": 10,
        "Gross Profit": 1,
        "Operating Income": -1,
        "EBIT": -1,
        "Net Income": -1
    },
    "2013-03-31": {
        "Diluted EPS": -0.05,
        "Total Revenue": 10,
        "Gross Profit": 1,
        "Operating Income": 0,
        "EBIT": 0,
        "Net Income": 0
    },
    "2012-12-31": {
        "Diluted EPS": -0.01,
        "Total Revenue": 11,
        "Gross Profit": 1,
        "Operating Income": 0,
        "EBIT": 0,
        "Net Income": 0
    },
    "2012-09-30": {
        "Diluted EPS": -0.01,
        "Total Revenue": 10,
        "Gross Profit": 1,
        "Operating Income": 0,
        "EBIT": 0,
        "Net Income": 0
    },
    "2012-06-30": {
        "Diluted EPS": -0.02,
        "Total Revenue": 11,
        "Gross Profit": 1,
        "Operating Income": 0,
        "EBIT": 0,
        "Net Income": 0
    },
    "2012-03-31": {
        "Diluted EPS": 0.01,
        "Total Revenue": 11,
        "Gross Profit": 1,
        "Operating Income": 0,
        "EBIT": 0,
        "Net Income": 0
    },
    "2011-12-31": {
        "Diluted EPS": 0.01,
        "Total Revenue": 10,
        "Gross Profit": 1,
        "Operating Income": 0,
        "EBIT": 0,
        "Net Income": 0
    },
    "2011-09-30": {
        "Diluted EPS": 0.04,
        "Total Revenue": 11,
        "Gross Profit": 1,
        "Operating Income": 1,
        "EBIT": 1,
        "Net Income": 0
    },
    "2011-06-30": {
        "Diluted EPS": 0.04,
        "Total Revenue": 11,
        "Gross Profit": 2,
        "Operating Income": 0,
        "EBIT": 0,
        "Net Income": 0
    },
    "2011-03-31": {
        "Diluted EPS": 0.06,
        "Total Revenue": 11,
        "Gross Profit": 2,
        "Operating Income": 1,
        "EBIT": 1,
        "Net Income": 0
    },
    "2010-12-31": {
        "Diluted EPS": 0.05,
        "Total Revenue": 10,
        "Gross Profit": 2,
        "Operating Income": 1,
        "EBIT": 1,
        "Net Income": 0
    },
    "2010-09-30": {
        "Diluted EPS": 0.02,
        "Total Revenue": 11,
        "Gross Profit": 1,
        "Operating Income": 1,
        "EBIT": 1,
        "Net Income": 0
    },
    "2010-06-30": {
        "Diluted EPS": 0.0,
        "Total Revenue": 10,
        "Gross Profit": 1,
        "Operating Income": 0,
        "EBIT": 1,
        "Net Income": 0
    },
    "2010-03-31": {
        "Diluted EPS": 0.04,
        "Total Revenue": 10,
        "Gross Profit": 1,
        "Operating Income": 1,
        "EBIT": 1,
        "Net Income": 0
    },
    "2009-12-31": {
        "Diluted EPS": 0.05,
        "Total Revenue": 10,
        "Gross Profit": 2,
        "Operating Income": 1,
        "EBIT": 1,
        "Net Income": 0
    },
    "2009-09-30": {
        "Diluted EPS": 0.05,
        "Total Revenue": 10,
        "Gross Profit": 1,
        "Operating Income": 1,
        "EBIT": 1,
        "Net Income": 0
    },
    "2009-06-30": {
        "Diluted EPS": 0.0,
        "Total Revenue": 10,
        "Gross Profit": 1,
        "Operating Income": 1,
        "EBIT": 1,
        "Net Income": 0
    },
    "2009-03-31": {
        "Diluted EPS": 0.04,
        "Total Revenue": 11,
        "Gross Profit": 1,
        "Operating Income": 1,
        "EBIT": 1,
        "Net Income": 0
    },
    "2023-06-30": {
        "Tax Effect Of Unusual Items": NaN,
        "Tax Rate For Calcs": NaN,
        "Normalized EBITDA": NaN,
        "Total Unusual Items": -36000.0,
        "Total Unusual Items Excluding Goodwill": -36000.0,
        "Net Income From Continuing Operation Net Minority Interest": NaN,
        "Reconciled Depreciation": NaN,
        "Reconciled Cost Of Revenue": NaN,
        "EBITDA": NaN,
        "EBIT": NaN,
        "Net Interest Income": NaN,
        "Interest Expense": 0.0,
        "Interest Income": NaN,
        "Normalized Income": NaN,
        "Net Income From Continuing And Discontinued Operation": NaN,
        "Total Expenses": NaN,
        "Diluted Average Shares": NaN,
        "Basic Average Shares": NaN,
        "Diluted EPS": NaN,
        "Basic EPS": NaN,
        "Diluted NI Availto Com Stockholders": NaN,
        "Net Income Common Stockholders": NaN,
        "Net Income": NaN,
        "Net Income Including Noncontrolling Interests": NaN,
        "Net Income Continuous Operations": NaN,
        "Tax Provision": NaN,
        "Pretax Income": NaN,
        "Other Income Expense": -36000.0,
        "Special Income Charges": -36000.0,
        "Write Off": 36000.0,
        "Impairment Of Capital Assets": 0.0,
        "Net Non Operating Interest Income Expense": NaN,
        "Total Other Finance Cost": NaN,
        "Interest Expense Non Operating": 0.0,
        "Interest Income Non Operating": NaN,
        "Operating Income": NaN,
        "Operating Expense": NaN,
        "Provision For Doubtful Accounts": NaN,
        "Depreciation Amortization Depletion Income Statement": NaN,
        "Depreciation And Amortization In Income Statement": NaN,
        "Selling General And Administration": NaN,
        "General And Administrative Expense": NaN,
        "Other Gand A": NaN,
        "Gross Profit": NaN,
        "Cost Of Revenue": NaN,
        "Total Revenue": NaN,
        "Operating Revenue": NaN
    },
    "2023-09-30": {
        "Tax Effect Of Unusual Items": NaN,
        "Tax Rate For Calcs": NaN,
        "Normalized EBITDA": NaN,
        "Total Unusual Items": -25000.0,
        "Total Unusual Items Excluding Goodwill": -25000.0,
        "Net Income From Continuing Operation Net Minority Interest": NaN,
        "Reconciled Depreciation": NaN,
        "Reconciled Cost Of Revenue": NaN,
        "EBITDA": NaN,
        "EBIT": NaN,
        "Net Interest Income": NaN,
        "Interest Expense": 0.0,
        "Interest Income": 2000.0,
        "Normalized Income": NaN,
        "Net Income From Continuing And Discontinued Operation": NaN,
        "Total Expenses": NaN,
        "Diluted Average Shares": 14762000.0,
        "Basic Average Shares": 14154000.0,
        "Diluted EPS": 0.03,
        "Basic EPS": 0.03,
        "Diluted NI Availto Com Stockholders": NaN,
        "Net Income Common Stockholders": NaN,
        "Net Income": NaN,
        "Net Income Including Noncontrolling Interests": NaN,
        "Net Income Continuous Operations": NaN,
        "Tax Provision": NaN,
        "Pretax Income": NaN,
        "Other Income Expense": -25000.0,
        "Special Income Charges": -25000.0,
        "Write Off": 25000.0,
        "Impairment Of Capital Assets": 0.0,
        "Net Non Operating Interest Income Expense": NaN,
        "Total Other Finance Cost": NaN,
        "Interest Expense Non Operating": 0.0,
        "Interest Income Non Operating": 2000.0,
        "Operating Income": NaN,
        "Operating Expense": NaN,
        "Provision For Doubtful Accounts": NaN,
        "Depreciation Amortization Depletion Income Statement": NaN,
        "Depreciation And Amortization In Income Statement": NaN,
        "Selling General And Administration": NaN,
        "General And Administrative Expense": NaN,
        "Other Gand A": NaN,
        "Gross Profit": NaN,
        "Cost Of Revenue": NaN,
        "Total Revenue": NaN,
        "Operating Revenue": NaN
    },
    "2023-12-31": {
        "Tax Effect Of Unusual Items": 0.0,
        "Tax Rate For Calcs": 0.21,
        "Normalized EBITDA": 658000.0,
        "Total Unusual Items": -10000.0,
        "Total Unusual Items Excluding Goodwill": -10000.0,
        "Net Income From Continuing Operation Net Minority Interest": 553000.0,
        "Reconciled Depreciation": 164000.0,
        "Reconciled Cost Of Revenue": 737000.0,
        "EBITDA": 658000.0,
        "EBIT": 494000.0,
        "Net Interest Income": 46000.0,
        "Interest Expense": 0.0,
        "Interest Income": 46000.0,
        "Normalized Income": 553000.0,
        "Net Income From Continuing And Discontinued Operation": 553000.0,
        "Total Expenses": 2252000.0,
        "Diluted Average Shares": 14465000.0,
        "Basic Average Shares": 14444000.0,
        "Diluted EPS": 0.04,
        "Basic EPS": 0.04,
        "Diluted NI Availto Com Stockholders": 553000.0,
        "Net Income Common Stockholders": 553000.0,
        "Net Income": 553000.0,
        "Net Income Including Noncontrolling Interests": 553000.0,
        "Net Income Continuous Operations": 553000.0,
        "Tax Provision": -13000.0,
        "Pretax Income": 540000.0,
        "Other Income Expense": -10000.0,
        "Special Income Charges": -10000.0,
        "Write Off": 10000.0,
        "Impairment Of Capital Assets": 0.0,
        "Net Non Operating Interest Income Expense": 46000.0,
        "Total Other Finance Cost": NaN,
        "Interest Expense Non Operating": 0.0,
        "Interest Income Non Operating": 46000.0,
        "Operating Income": 494000.0,
        "Operating Expense": 1408000.0,
        "Provision For Doubtful Accounts": 10000.0,
        "Depreciation Amortization Depletion Income Statement": 57000.0,
        "Depreciation And Amortization In Income Statement": 57000.0,
        "Selling General And Administration": 1341000.0,
        "General And Administrative Expense": 1341000.0,
        "Other Gand A": 1341000.0,
        "Gross Profit": 1902000.0,
        "Cost Of Revenue": 844000.0,
        "Total Revenue": 2746000.0,
        "Operating Revenue": 1221000.0
    },
    "2024-03-31": {
        "Tax Effect Of Unusual Items": 0.0,
        "Tax Rate For Calcs": 0.234192,
        "Normalized EBITDA": 962000.0,
        "Total Unusual Items": 0.0,
        "Total Unusual Items Excluding Goodwill": 0.0,
        "Net Income From Continuing Operation Net Minority Interest": 654000.0,
        "Reconciled Depreciation": 153000.0,
        "Reconciled Cost Of Revenue": 717000.0,
        "EBITDA": 962000.0,
        "EBIT": 809000.0,
        "Net Interest Income": 45000.0,
        "Interest Expense": NaN,
        "Interest Income": NaN,
        "Normalized Income": 654000.0,
        "Net Income From Continuing And Discontinued Operation": 654000.0,
        "Total Expenses": 2153000.0,
        "Diluted Average Shares": 14737000.0,
        "Basic Average Shares": 14587000.0,
        "Diluted EPS": 0.04,
        "Basic EPS": 0.04,
        "Diluted NI Availto Com Stockholders": 654000.0,
        "Net Income Common Stockholders": 654000.0,
        "Net Income": 654000.0,
        "Net Income Including Noncontrolling Interests": 654000.0,
        "Net Income Continuous Operations": 654000.0,
        "Tax Provision": 200000.0,
        "Pretax Income": 854000.0,
        "Other Income Expense": NaN,
        "Special Income Charges": 0.0,
        "Write Off": NaN,
        "Impairment Of Capital Assets": 0.0,
        "Net Non Operating Interest Income Expense": 45000.0,
        "Total Other Finance Cost": -45000.0,
        "Interest Expense Non Operating": NaN,
        "Interest Income Non Operating": NaN,
        "Operating Income": 809000.0,
        "Operating Expense": 1341000.0,
        "Provision For Doubtful Accounts": 11000.0,
        "Depreciation Amortization Depletion Income Statement": 58000.0,
        "Depreciation And Amortization In Income Statement": 58000.0,
        "Selling General And Administration": 1272000.0,
        "General And Administrative Expense": 1272000.0,
        "Other Gand A": 1272000.0,
        "Gross Profit": 2150000.0,
        "Cost Of Revenue": 812000.0,
        "Total Revenue": 2962000.0,
        "Operating Revenue": 1263000.0
    },
    "2024-06-30": {
        "Tax Effect Of Unusual Items": 0.0,
        "Tax Rate For Calcs": 0.254237,
        "Normalized EBITDA": 1265000.0,
        "Total Unusual Items": 0.0,
        "Total Unusual Items Excluding Goodwill": 0.0,
        "Net Income From Continuing Operation Net Minority Interest": 880000.0,
        "Reconciled Depreciation": 145000.0,
        "Reconciled Cost Of Revenue": 732000.0,
        "EBITDA": 1265000.0,
        "EBIT": 1120000.0,
        "Net Interest Income": 60000.0,
        "Interest Expense": NaN,
        "Interest Income": NaN,
        "Normalized Income": 880000.0,
        "Net Income From Continuing And Discontinued Operation": 880000.0,
        "Total Expenses": 2235000.0,
        "Diluted Average Shares": NaN,
        "Basic Average Shares": NaN,
        "Diluted EPS": NaN,
        "Basic EPS": NaN,
        "Diluted NI Availto Com Stockholders": 880000.0,
        "Net Income Common Stockholders": 880000.0,
        "Net Income": 880000.0,
        "Net Income Including Noncontrolling Interests": 880000.0,
        "Net Income Continuous Operations": 880000.0,
        "Tax Provision": 300000.0,
        "Pretax Income": 1180000.0,
        "Other Income Expense": NaN,
        "Special Income Charges": 0.0,
        "Write Off": NaN,
        "Impairment Of Capital Assets": 0.0,
        "Net Non Operating Interest Income Expense": 60000.0,
        "Total Other Finance Cost": -60000.0,
        "Interest Expense Non Operating": NaN,
        "Interest Income Non Operating": NaN,
        "Operating Income": 1120000.0,
        "Operating Expense": 1407000.0,
        "Provision For Doubtful Accounts": 23000.0,
        "Depreciation Amortization Depletion Income Statement": 49000.0,
        "Depreciation And Amortization In Income Statement": 49000.0,
        "Selling General And Administration": 1335000.0,
        "General And Administrative Expense": 1335000.0,
        "Other Gand A": 1335000.0,
        "Gross Profit": 2527000.0,
        "Cost Of Revenue": 828000.0,
        "Total Revenue": 3355000.0,
        "Operating Revenue": 1306000.0
    },
    "2024-09-30": {
        "Tax Effect Of Unusual Items": 0.0,
        "Tax Rate For Calcs": 0.243165,
        "Normalized EBITDA": 753000.0,
        "Total Unusual Items": NaN,
        "Total Unusual Items Excluding Goodwill": NaN,
        "Net Income From Continuing Operation Net Minority Interest": 526000.0,
        "Reconciled Depreciation": 140000.0,
        "Reconciled Cost Of Revenue": 898000.0,
        "EBITDA": 753000.0,
        "EBIT": 613000.0,
        "Net Interest Income": 82000.0,
        "Interest Expense": NaN,
        "Interest Income": 82000.0,
        "Normalized Income": 526000.0,
        "Net Income From Continuing And Discontinued Operation": 526000.0,
        "Total Expenses": 2437000.0,
        "Diluted Average Shares": 14799000.0,
        "Basic Average Shares": 14587000.0,
        "Diluted EPS": 0.04,
        "Basic EPS": 0.04,
        "Diluted NI Availto Com Stockholders": 526000.0,
        "Net Income Common Stockholders": 526000.0,
        "Net Income": 526000.0,
        "Net Income Including Noncontrolling Interests": 526000.0,
        "Net Income Continuous Operations": 526000.0,
        "Tax Provision": 169000.0,
        "Pretax Income": 695000.0,
        "Other Income Expense": NaN,
        "Special Income Charges": NaN,
        "Write Off": NaN,
        "Impairment Of Capital Assets": NaN,
        "Net Non Operating Interest Income Expense": 82000.0,
        "Total Other Finance Cost": NaN,
        "Interest Expense Non Operating": NaN,
        "Interest Income Non Operating": 82000.0,
        "Operating Income": 613000.0,
        "Operating Expense": 1442000.0,
        "Provision For Doubtful Accounts": -17000.0,
        "Depreciation Amortization Depletion Income Statement": 43000.0,
        "Depreciation And Amortization In Income Statement": 43000.0,
        "Selling General And Administration": 1416000.0,
        "General And Administrative Expense": 1416000.0,
        "Other Gand A": 1416000.0,
        "Gross Profit": 2055000.0,
        "Cost Of Revenue": 995000.0,
        "Total Revenue": 3050000.0,
        "Operating Revenue": 1149000.0
    },
    "2024-12-31": {
        "Tax Effect Of Unusual Items": 0.0,
        "Tax Rate For Calcs": 0.191744,
        "Normalized EBITDA": 780000.0,
        "Total Unusual Items": NaN,
        "Total Unusual Items Excluding Goodwill": NaN,
        "Net Income From Continuing Operation Net Minority Interest": 607000.0,
        "Reconciled Depreciation": 116000.0,
        "Reconciled Cost Of Revenue": 766000.0,
        "EBITDA": 780000.0,
        "EBIT": 664000.0,
        "Net Interest Income": 87000.0,
        "Interest Expense": NaN,
        "Interest Income": 87000.0,
        "Normalized Income": 607000.0,
        "Net Income From Continuing And Discontinued Operation": 607000.0,
        "Total Expenses": 2205000.0,
        "Diluted Average Shares": 14716000.0,
        "Basic Average Shares": 14690000.0,
        "Diluted EPS": 0.04,
        "Basic EPS": 0.04,
        "Diluted NI Availto Com Stockholders": 607000.0,
        "Net Income Common Stockholders": 607000.0,
        "Net Income": 607000.0,
        "Net Income Including Noncontrolling Interests": 607000.0,
        "Net Income Continuous Operations": 607000.0,
        "Tax Provision": 144000.0,
        "Pretax Income": 751000.0,
        "Other Income Expense": NaN,
        "Special Income Charges": NaN,
        "Write Off": NaN,
        "Impairment Of Capital Assets": NaN,
        "Net Non Operating Interest Income Expense": 87000.0,
        "Total Other Finance Cost": NaN,
        "Interest Expense Non Operating": NaN,
        "Interest Income Non Operating": 87000.0,
        "Operating Income": 664000.0,
        "Operating Expense": 1376000.0,
        "Provision For Doubtful Accounts": 9000.0,
        "Depreciation Amortization Depletion Income Statement": 53000.0,
        "Depreciation And Amortization In Income Statement": 53000.0,
        "Selling General And Administration": 1314000.0,
        "General And Administrative Expense": 1314000.0,
        "Other Gand A": 1314000.0,
        "Gross Profit": 2040000.0,
        "Cost Of Revenue": 829000.0,
        "Total Revenue": 2869000.0,
        "Operating Revenue": 1180000.0
    }
}