{
    "2023-03-31": {
        "Tax Effect Of Unusual Items": -31099200.0,
        "Tax Rate For Calcs": 0.248,
        "Normalized EBITDA": 150000000.0,
        "Total Unusual Items": -125400000.0,
        "Total Unusual Items Excluding Goodwill": -125400000.0,
        "Net Income From Continuing Operation Net Minority Interest": -28100000.0,
        "Reconciled Depreciation": 41200000.0,
        "Reconciled Cost Of Revenue": 222900000.0,
        "EBITDA": 24600000.0,
        "EBIT": -16600000.0,
        "Net Interest Income": -14600000.0,
        "Interest Expense": 20900000.0,
        "Interest Income": 6300000.0,
        "Normalized Income": 66200800.0,
        "Net Income From Continuing And Discontinued Operation": -28100000.0,
        "Total Expenses": 412300000.0,
        "Total Operating Income As Reported": -24900000.0,
        "Diluted Average Shares": 120487251.0,
        "Basic Average Shares": 120487251.0,
        "Diluted EPS": -0.28,
        "Basic EPS": -0.28,
        "Diluted NI Availto Com Stockholders": -34200000.0,
        "Net Income Common Stockholders": -34200000.0,
        "Otherunder Preferred Stock Dividend": 1800000.0,
        "Preferred Stock Dividends": 4300000.0,
        "Net Income": -28100000.0,
        "Minority Interests": 100000.0,
        "Net Income Including Noncontrolling Interests": -28200000.0,
        "Net Income Continuous Operations": -28200000.0,
        "Tax Provision": -9300000.0,
        "Pretax Income": -37500000.0,
        "Other Income Expense": -123000000.0,
        "Other Non Operating Income Expenses": 2400000.0,
        "Special Income Charges": -125000000.0,
        "Gain On Sale Of Ppe": 1200000.0,
        "Restructuring And Mergern Acquisition": 126200000.0,
        "Gain On Sale Of Security": -400000.0,
        "Net Non Operating Interest Income Expense": -14600000.0,
        "Interest Expense Non Operating": 20900000.0,
        "Interest Income Non Operating": 6300000.0,
        "Operating Income": 100100000.0,
        "Operating Expense": 184400000.0,
        "Depreciation Amortization Depletion Income Statement": 36200000.0,
        "Depreciation And Amortization In Income Statement": 36200000.0,
        "Amortization": 24700000.0,
        "Amortization Of Intangibles Income Statement": 24700000.0,
        "Depreciation Income Statement": 11500000.0,
        "Selling General And Administration": 148200000.0,
        "General And Administrative Expense": NaN,
        "Other Gand A": NaN,
        "Salaries And Wages": NaN,
        "Gross Profit": 284500000.0,
        "Cost Of Revenue": 227900000.0,
        "Total Revenue": 512400000.0,
        "Operating Revenue": 512400000.0
    },
    "2022-12-31": {
        "Tax Effect Of Unusual Items": -5017600.664542,
        "Tax Rate For Calcs": 0.231674,
        "Normalized EBITDA": 119964000.0,
        "Total Unusual Items": -21658000.0,
        "Total Unusual Items Excluding Goodwill": -21658000.0,
        "Net Income From Continuing Operation Net Minority Interest": 45289000.0,
        "Reconciled Depreciation": 29786000.0,
        "Reconciled Cost Of Revenue": 190676000.0,
        "EBITDA": 98306000.0,
        "EBIT": 68520000.0,
        "Net Interest Income": -2561000.0,
        "Interest Expense": 9532000.0,
        "Interest Income": NaN,
        "Normalized Income": 61929399.335458,
        "Net Income From Continuing And Discontinued Operation": 45289000.0,
        "Total Expenses": 356318000.0,
        "Total Operating Income As Reported": 65886000.0,
        "Diluted Average Shares": 111968794.0,
        "Basic Average Shares": 110874044.0,
        "Diluted EPS": 0.4,
        "Basic EPS": 0.41,
        "Diluted NI Availto Com Stockholders": 45289000.0,
        "Net Income Common Stockholders": 45289000.0,
        "Otherunder Preferred Stock Dividend": NaN,
        "Preferred Stock Dividends": NaN,
        "Net Income": 45289000.0,
        "Minority Interests": -33000.0,
        "Net Income Including Noncontrolling Interests": 45322000.0,
        "Net Income Continuous Operations": 45322000.0,
        "Tax Provision": 13666000.0,
        "Pretax Income": 58988000.0,
        "Other Income Expense": -25995000.0,
        "Other Non Operating Income Expenses": -4337000.0,
        "Special Income Charges": -21860000.0,
        "Gain On Sale Of Ppe": 334000.0,
        "Restructuring And Mergern Acquisition": 22194000.0,
        "Gain On Sale Of Security": 202000.0,
        "Net Non Operating Interest Income Expense": -2561000.0,
        "Interest Expense Non Operating": 9532000.0,
        "Interest Income Non Operating": NaN,
        "Operating Income": 87544000.0,
        "Operating Expense": 160198000.0,
        "Depreciation Amortization Depletion Income Statement": 24342000.0,
        "Depreciation And Amortization In Income Statement": 24342000.0,
        "Amortization": 16382000.0,
        "Amortization Of Intangibles Income Statement": 16382000.0,
        "Depreciation Income Statement": 7960000.0,
        "Selling General And Administration": 135856000.0,
        "General And Administrative Expense": 135856000.0,
        "Other Gand A": 45361000.0,
        "Salaries And Wages": 90495000.0,
        "Gross Profit": 247742000.0,
        "Cost Of Revenue": 196120000.0,
        "Total Revenue": 443862000.0,
        "Operating Revenue": 443862000.0
    },
    "2022-09-30": {
        "Tax Effect Of Unusual Items": -323340.0,
        "Tax Rate For Calcs": 0.255,
        "Normalized EBITDA": 97721000.0,
        "Total Unusual Items": -1268000.0,
        "Total Unusual Items Excluding Goodwill": -1268000.0,
        "Net Income From Continuing Operation Net Minority Interest": 42909000.0,
        "Reconciled Depreciation": 29633000.0,
        "Reconciled Cost Of Revenue": 183431000.0,
        "EBITDA": 96453000.0,
        "EBIT": 66820000.0,
        "Net Interest Income": -9199000.0,
        "Interest Expense": 9199000.0,
        "Interest Income": NaN,
        "Normalized Income": 43853660.0,
        "Net Income From Continuing And Discontinued Operation": 42909000.0,
        "Total Expenses": 346257000.0,
        "Total Operating Income As Reported": 63954000.0,
        "Diluted Average Shares": 112209535.0,
        "Basic Average Shares": 110838237.0,
        "Diluted EPS": 0.38,
        "Basic EPS": 0.39,
        "Diluted NI Availto Com Stockholders": 42909000.0,
        "Net Income Common Stockholders": 42909000.0,
        "Otherunder Preferred Stock Dividend": NaN,
        "Preferred Stock Dividends": NaN,
        "Net Income": 42909000.0,
        "Minority Interests": -15000.0,
        "Net Income Including Noncontrolling Interests": 42924000.0,
        "Net Income Continuous Operations": 42924000.0,
        "Tax Provision": 14697000.0,
        "Pretax Income": 57621000.0,
        "Other Income Expense": 1598000.0,
        "Other Non Operating Income Expenses": 2866000.0,
        "Special Income Charges": -1698000.0,
        "Gain On Sale Of Ppe": 333000.0,
        "Restructuring And Mergern Acquisition": 2031000.0,
        "Gain On Sale Of Security": 430000.0,
        "Net Non Operating Interest Income Expense": -9199000.0,
        "Interest Expense Non Operating": 9199000.0,
        "Interest Income Non Operating": NaN,
        "Operating Income": 65222000.0,
        "Operating Expense": 157483000.0,
        "Depreciation Amortization Depletion Income Statement": 24290000.0,
        "Depreciation And Amortization In Income Statement": 24290000.0,
        "Amortization": 16465000.0,
        "Amortization Of Intangibles Income Statement": 16465000.0,
        "Depreciation Income Statement": 7825000.0,
        "Selling General And Administration": 133193000.0,
        "General And Administrative Expense": 133193000.0,
        "Other Gand A": 43855000.0,
        "Salaries And Wages": 89338000.0,
        "Gross Profit": 222705000.0,
        "Cost Of Revenue": 188774000.0,
        "Total Revenue": 411479000.0,
        "Operating Revenue": 411479000.0
    },
    "2022-06-30": {
        "Tax Effect Of Unusual Items": -833472.0,
        "Tax Rate For Calcs": 0.288,
        "Normalized EBITDA": 125829000.0,
        "Total Unusual Items": -2894000.0,
        "Total Unusual Items Excluding Goodwill": -2894000.0,
        "Net Income From Continuing Operation Net Minority Interest": 53365000.0,
        "Reconciled Depreciation": 29429000.0,
        "Reconciled Cost Of Revenue": 216079000.0,
        "EBITDA": 122935000.0,
        "EBIT": 93506000.0,
        "Net Interest Income": -18463000.0,
        "Interest Expense": 18463000.0,
        "Interest Income": NaN,
        "Normalized Income": 55425528.0,
        "Net Income From Continuing And Discontinued Operation": 53365000.0,
        "Total Expenses": 389785000.0,
        "Total Operating Income As Reported": 91867000.0,
        "Diluted Average Shares": 111705102.0,
        "Basic Average Shares": 110760339.0,
        "Diluted EPS": 0.48,
        "Basic EPS": 0.48,
        "Diluted NI Availto Com Stockholders": 53365000.0,
        "Net Income Common Stockholders": 53365000.0,
        "Otherunder Preferred Stock Dividend": NaN,
        "Preferred Stock Dividends": NaN,
        "Net Income": 53365000.0,
        "Minority Interests": -46000.0,
        "Net Income Including Noncontrolling Interests": 53411000.0,
        "Net Income Continuous Operations": 53411000.0,
        "Tax Provision": 21632000.0,
        "Pretax Income": 75043000.0,
        "Other Income Expense": -1255000.0,
        "Other Non Operating Income Expenses": 1639000.0,
        "Special Income Charges": -3052000.0,
        "Gain On Sale Of Ppe": 347000.0,
        "Restructuring And Mergern Acquisition": 3399000.0,
        "Gain On Sale Of Security": 158000.0,
        "Net Non Operating Interest Income Expense": -18463000.0,
        "Interest Expense Non Operating": 18463000.0,
        "Interest Income Non Operating": NaN,
        "Operating Income": 94761000.0,
        "Operating Expense": 168575000.0,
        "Depreciation Amortization Depletion Income Statement": 24298000.0,
        "Depreciation And Amortization In Income Statement": 24298000.0,
        "Amortization": 16409000.0,
        "Amortization Of Intangibles Income Statement": 16409000.0,
        "Depreciation Income Statement": 7889000.0,
        "Selling General And Administration": 144277000.0,
        "General And Administrative Expense": 144277000.0,
        "Other Gand A": 46336000.0,
        "Salaries And Wages": 97941000.0,
        "Gross Profit": 263336000.0,
        "Cost Of Revenue": 221210000.0,
        "Total Revenue": 484546000.0,
        "Operating Revenue": 484546000.0
    },
    "2023-06-30": {
        "Tax Effect Of Unusual Items": -12056000.0,
        "Tax Rate For Calcs": 0.274,
        "Normalized EBITDA": 370900000.0,
        "Total Unusual Items": -44000000.0,
        "Total Unusual Items Excluding Goodwill": -44000000.0,
        "Net Income From Continuing Operation Net Minority Interest": 86900000.0,
        "Reconciled Depreciation": 142500000.0,
        "Reconciled Cost Of Revenue": 546300000.0,
        "EBITDA": 326900000.0,
        "EBIT": 184400000.0,
        "Net Interest Income": -60000000.0,
        "Interest Expense": 65000000.0,
        "Interest Income": 5000000.0,
        "Normalized Income": 118844000.0,
        "Net Income From Continuing And Discontinued Operation": 86900000.0,
        "Total Expenses": 883300000.0,
        "Total Operating Income As Reported": 179600000.0,
        "Diluted Average Shares": 182810399.0,
        "Basic Average Shares": 181860026.0,
        "Diluted EPS": 0.42,
        "Basic EPS": 0.43,
        "Diluted NI Availto Com Stockholders": 77400000.0,
        "Net Income Common Stockholders": 77400000.0,
        "Otherunder Preferred Stock Dividend": 2800000.0,
        "Preferred Stock Dividends": 6700000.0,
        "Net Income": 86900000.0,
        "Minority Interests": -100000.0,
        "Net Income Including Noncontrolling Interests": 86800000.0,
        "Net Income Continuous Operations": 86800000.0,
        "Tax Provision": 32600000.0,
        "Pretax Income": 119400000.0,
        "Other Income Expense": -43800000.0,
        "Other Non Operating Income Expenses": 200000.0,
        "Special Income Charges": -43600000.0,
        "Gain On Sale Of Ppe": 2700000.0,
        "Restructuring And Mergern Acquisition": 46300000.0,
        "Gain On Sale Of Security": -400000.0,
        "Net Non Operating Interest Income Expense": -60000000.0,
        "Interest Expense Non Operating": 65000000.0,
        "Interest Income Non Operating": 5000000.0,
        "Operating Income": 223200000.0,
        "Operating Expense": 304100000.0,
        "Depreciation Amortization Depletion Income Statement": 109600000.0,
        "Depreciation And Amortization In Income Statement": 109600000.0,
        "Amortization": 84100000.0,
        "Amortization Of Intangibles Income Statement": 84100000.0,
        "Depreciation Income Statement": 25500000.0,
        "Selling General And Administration": 194500000.0,
        "General And Administrative Expense": NaN,
        "Other Gand A": NaN,
        "Salaries And Wages": NaN,
        "Gross Profit": 527300000.0,
        "Cost Of Revenue": 579200000.0,
        "Total Revenue": 1106500000.0,
        "Operating Revenue": 1106500000.0
    },
    "2022-03-31": {
        "Diluted EPS": 1.6,
        "Total Revenue": 394,
        "Gross Profit": 223,
        "Operating Income": 233,
        "EBIT": 260,
        "Net Income": 178
    },
    "2021-12-31": {
        "Diluted EPS": 0.27,
        "Total Revenue": 359,
        "Gross Profit": 215,
        "Operating Income": 53,
        "EBIT": 79,
        "Net Income": 31
    },
    "2021-09-30": {
        "Diluted EPS": 0.29,
        "Total Revenue": 330,
        "Gross Profit": 192,
        "Operating Income": 54,
        "EBIT": 79,
        "Net Income": 32
    },
    "2021-06-30": {
        "Diluted EPS": 0.55,
        "Total Revenue": 396,
        "Gross Profit": 224,
        "Operating Income": 90,
        "EBIT": 115,
        "Net Income": 61
    },
    "2021-03-31": {
        "Diluted EPS": 0.25,
        "Total Revenue": 332,
        "Gross Profit": 183,
        "Operating Income": 45,
        "EBIT": 69,
        "Net Income": 28
    },
    "2020-12-31": {
        "Diluted EPS": 0.43,
        "Total Revenue": 383,
        "Gross Profit": 207,
        "Operating Income": 73,
        "EBIT": 95,
        "Net Income": 49
    },
    "2020-09-30": {
        "Diluted EPS": 0.41,
        "Total Revenue": 332,
        "Gross Profit": 196,
        "Operating Income": 67,
        "EBIT": 89,
        "Net Income": 45
    },
    "2020-06-30": {
        "Diluted EPS": 0.49,
        "Total Revenue": 389,
        "Gross Profit": 206,
        "Operating Income": 89,
        "EBIT": 110,
        "Net Income": 53
    },
    "2020-03-31": {
        "Diluted EPS": 0.21,
        "Total Revenue": 273,
        "Gross Profit": 152,
        "Operating Income": 34,
        "EBIT": 57,
        "Net Income": 23
    },
    "2019-12-31": {
        "Diluted EPS": 0.47,
        "Total Revenue": 332,
        "Gross Profit": 182,
        "Operating Income": 71,
        "EBIT": 93,
        "Net Income": 52
    },
    "2019-09-30": {
        "Diluted EPS": 0.23,
        "Total Revenue": 290,
        "Gross Profit": 151,
        "Operating Income": 40,
        "EBIT": 61,
        "Net Income": 25
    },
    "2019-06-30": {
        "Diluted EPS": 0.49,
        "Total Revenue": 393,
        "Gross Profit": 193,
        "Operating Income": 78,
        "EBIT": 98,
        "Net Income": 54
    },
    "2019-03-31": {
        "Diluted EPS": 0.17,
        "Total Revenue": 303,
        "Gross Profit": 147,
        "Operating Income": 34,
        "EBIT": 54,
        "Net Income": 18
    },
    "2018-12-31": {
        "Diluted EPS": 0.32,
        "Total Revenue": 356,
        "Gross Profit": 167,
        "Operating Income": 56,
        "EBIT": 73,
        "Net Income": 35
    },
    "2018-09-30": {
        "Diluted EPS": 0.21,
        "Total Revenue": 245,
        "Gross Profit": 138,
        "Operating Income": 31,
        "EBIT": 48,
        "Net Income": 23
    },
    "2018-06-30": {
        "Diluted EPS": 0.42,
        "Total Revenue": 309,
        "Gross Profit": 184,
        "Operating Income": 65,
        "EBIT": 81,
        "Net Income": 46
    },
    "2018-03-31": {
        "Diluted EPS": 0.16,
        "Total Revenue": 260,
        "Gross Profit": 148,
        "Operating Income": 33,
        "EBIT": 49,
        "Net Income": 17
    },
    "2017-12-31": {
        "Diluted EPS": 0.34,
        "Total Revenue": 292,
        "Gross Profit": 154,
        "Operating Income": 40,
        "EBIT": 56,
        "Net Income": 37
    },
    "2017-09-30": {
        "Diluted EPS": 0.09,
        "Total Revenue": 227,
        "Gross Profit": 121,
        "Operating Income": 17,
        "EBIT": 32,
        "Net Income": 10
    },
    "2017-06-30": {
        "Diluted EPS": 0.16,
        "Total Revenue": 253,
        "Gross Profit": 145,
        "Operating Income": 27,
        "EBIT": 39,
        "Net Income": 18
    },
    "2017-03-31": {
        "Diluted EPS": 0.1,
        "Total Revenue": 199,
        "Gross Profit": 112,
        "Operating Income": 24,
        "EBIT": 34,
        "Net Income": 10
    },
    "2016-12-31": {
        "Diluted EPS": 0.26,
        "Total Revenue": 147,
        "Gross Profit": 131,
        "Operating Income": 41,
        "EBIT": 51,
        "Net Income": 28
    },
    "2016-09-30": {
        "Diluted EPS": -0.05,
        "Total Revenue": 129,
        "Gross Profit": 114,
        "Operating Income": 2,
        "EBIT": 12,
        "Net Income": -5
    },
    "2016-06-30": {
        "Diluted EPS": 0.37,
        "Total Revenue": 159,
        "Gross Profit": 139,
        "Operating Income": 54,
        "EBIT": 64,
        "Net Income": 40
    },
    "2016-03-31": {
        "Diluted EPS": 0.27,
        "Total Revenue": 132,
        "Gross Profit": 117,
        "Operating Income": 39,
        "EBIT": 49,
        "Net Income": 29
    },
    "2015-12-31": {
        "Diluted EPS": 0.43,
        "Total Revenue": 135,
        "Gross Profit": 120,
        "Operating Income": 50,
        "EBIT": 61,
        "Net Income": 47
    },
    "2015-09-30": {
        "Diluted EPS": 0.19,
        "Total Revenue": 109,
        "Gross Profit": 97,
        "Operating Income": 29,
        "EBIT": 39,
        "Net Income": 21
    },
    "2015-06-30": {
        "Diluted EPS": 0.42,
        "Total Revenue": 155,
        "Gross Profit": 138,
        "Operating Income": 63,
        "EBIT": 74,
        "Net Income": 45
    },
    "2015-03-31": {
        "Diluted EPS": 0.22,
        "Total Revenue": 116,
        "Gross Profit": 104,
        "Operating Income": 33,
        "EBIT": 44,
        "Net Income": 24
    },
    "2014-12-31": {
        "Diluted EPS": 0.27,
        "Total Revenue": 138,
        "Gross Profit": 121,
        "Operating Income": 39,
        "EBIT": 50,
        "Net Income": 29
    },
    "2014-09-30": {
        "Diluted EPS": 0.09,
        "Total Revenue": 102,
        "Gross Profit": 90,
        "Operating Income": 20,
        "EBIT": 31,
        "Net Income": 9
    },
    "2014-06-30": {
        "Diluted EPS": 0.36,
        "Total Revenue": 142,
        "Gross Profit": 124,
        "Operating Income": 52,
        "EBIT": 63,
        "Net Income": 39
    },
    "2014-03-31": {
        "Diluted EPS": 0.13,
        "Total Revenue": 99,
        "Gross Profit": 88,
        "Operating Income": 18,
        "EBIT": 28,
        "Net Income": 14
    },
    "2013-12-31": {
        "Diluted EPS": 0.31,
        "Total Revenue": 131,
        "Gross Profit": 114,
        "Operating Income": 48,
        "EBIT": 60,
        "Net Income": 34
    },
    "2013-09-30": {
        "Diluted EPS": 0.15,
        "Total Revenue": 106,
        "Gross Profit": 94,
        "Operating Income": 25,
        "EBIT": 36,
        "Net Income": 16
    },
    "2013-06-30": {
        "Diluted EPS": 0.28,
        "Total Revenue": 128,
        "Gross Profit": 113,
        "Operating Income": 42,
        "EBIT": 52,
        "Net Income": 30
    },
    "2013-03-31": {
        "Diluted EPS": 0.13,
        "Total Revenue": 102,
        "Gross Profit": 93,
        "Operating Income": 22,
        "EBIT": 32,
        "Net Income": 14
    },
    "2012-12-31": {
        "Diluted EPS": 0.21,
        "Total Revenue": 117,
        "Gross Profit": 104,
        "Operating Income": 33,
        "EBIT": 44,
        "Net Income": 22
    },
    "2012-09-30": {
        "Diluted EPS": 0.08,
        "Total Revenue": 92,
        "Gross Profit": 81,
        "Operating Income": 15,
        "EBIT": 26,
        "Net Income": 8
    },
    "2012-06-30": {
        "Diluted EPS": 0.29,
        "Total Revenue": 127,
        "Gross Profit": 112,
        "Operating Income": 44,
        "EBIT": 54,
        "Net Income": 31
    },
    "2012-03-31": {
        "Diluted EPS": 0.17,
        "Total Revenue": 101,
        "Gross Profit": 91,
        "Operating Income": 28,
        "EBIT": 38,
        "Net Income": 18
    },
    "2011-12-31": {
        "Diluted EPS": 0.25,
        "Total Revenue": 113,
        "Gross Profit": 100,
        "Operating Income": 29,
        "EBIT": 40,
        "Net Income": 27
    },
    "2011-09-30": {
        "Diluted EPS": 0.06,
        "Total Revenue": 80,
        "Gross Profit": 69,
        "Operating Income": 9,
        "EBIT": 20,
        "Net Income": 7
    },
    "2011-06-30": {
        "Diluted EPS": 0.25,
        "Total Revenue": 115,
        "Gross Profit": 99,
        "Operating Income": 46,
        "EBIT": 57,
        "Net Income": 27
    },
    "2011-03-31": {
        "Diluted EPS": 0.16,
        "Total Revenue": 88,
        "Gross Profit": 80,
        "Operating Income": 19,
        "EBIT": 30,
        "Net Income": 17
    },
    "2010-12-31": {
        "Diluted EPS": 0.13,
        "Total Revenue": 88,
        "Gross Profit": 76,
        "Operating Income": 19,
        "EBIT": 30,
        "Net Income": 14
    },
    "2010-09-30": {
        "Diluted EPS": 0.13,
        "Total Revenue": 82,
        "Gross Profit": 73,
        "Operating Income": 18,
        "EBIT": 29,
        "Net Income": 13
    },
    "2010-06-30": {
        "Diluted EPS": 0.25,
        "Total Revenue": 103,
        "Gross Profit": 89,
        "Operating Income": 35,
        "EBIT": 44,
        "Net Income": 26
    },
    "2010-03-31": {
        "Diluted EPS": 0.12,
        "Total Revenue": 84,
        "Gross Profit": 73,
        "Operating Income": 20,
        "EBIT": 26,
        "Net Income": 13
    },
    "2009-12-31": {
        "Diluted EPS": 0.21,
        "Total Revenue": 97,
        "Gross Profit": 47,
        "Operating Income": -153,
        "EBIT": -143,
        "Net Income": 22
    },
    "2009-09-30": {
        "Diluted EPS": 0.12,
        "Total Revenue": 76,
        "Gross Profit": 65,
        "Operating Income": 16,
        "EBIT": 23,
        "Net Income": 13
    },
    "2009-06-30": {
        "Diluted EPS": 0.37,
        "Total Revenue": 120,
        "Gross Profit": 104,
        "Operating Income": 55,
        "EBIT": 63,
        "Net Income": 39
    },
    "2009-03-31": {
        "Diluted EPS": 0.19,
        "Total Revenue": 84,
        "Gross Profit": 75,
        "Operating Income": 28,
        "EBIT": 35,
        "Net Income": 20
    },
    "2023-09-30": {
        "Tax Effect Of Unusual Items": -6291000.0,
        "Tax Rate For Calcs": 0.27,
        "Normalized EBITDA": 309400000.0,
        "Total Unusual Items": -23300000.0,
        "Total Unusual Items Excluding Goodwill": -23300000.0,
        "Net Income From Continuing Operation Net Minority Interest": 63400000.0,
        "Reconciled Depreciation": 136100000.0,
        "Reconciled Cost Of Revenue": 511800000.0,
        "EBITDA": 286100000.0,
        "EBIT": 150000000.0,
        "Net Interest Income": -59200000.0,
        "Interest Expense": 63700000.0,
        "Interest Income": 4500000.0,
        "Normalized Income": 80409000.0,
        "Net Income From Continuing And Discontinued Operation": 63400000.0,
        "Total Expenses": 851400000.0,
        "Total Operating Income As Reported": 145800000.0,
        "Diluted Average Shares": 183601601.0,
        "Basic Average Shares": 182148717.0,
        "Diluted EPS": 0.3,
        "Basic EPS": 0.3,
        "Diluted NI Availto Com Stockholders": 54700000.0,
        "Net Income Common Stockholders": 54700000.0,
        "Otherunder Preferred Stock Dividend": 2000000.0,
        "Preferred Stock Dividends": 6700000.0,
        "Net Income": 63400000.0,
        "Minority Interests": 200000.0,
        "Net Income Including Noncontrolling Interests": 63200000.0,
        "Net Income Continuous Operations": 63200000.0,
        "Tax Provision": 23100000.0,
        "Pretax Income": 86300000.0,
        "Other Income Expense": -22900000.0,
        "Other Non Operating Income Expenses": 400000.0,
        "Special Income Charges": -22600000.0,
        "Gain On Sale Of Ppe": 500000.0,
        "Restructuring And Mergern Acquisition": 23100000.0,
        "Gain On Sale Of Security": -700000.0,
        "Net Non Operating Interest Income Expense": -59200000.0,
        "Interest Expense Non Operating": 63700000.0,
        "Interest Income Non Operating": 4500000.0,
        "Operating Income": 168400000.0,
        "Operating Expense": 304600000.0,
        "Depreciation Amortization Depletion Income Statement": 101100000.0,
        "Depreciation And Amortization In Income Statement": 101100000.0,
        "Amortization": 76200000.0,
        "Amortization Of Intangibles Income Statement": 76200000.0,
        "Depreciation Income Statement": 24900000.0,
        "Selling General And Administration": 203500000.0,
        "General And Administrative Expense": NaN,
        "Other Gand A": NaN,
        "Salaries And Wages": NaN,
        "Gross Profit": 473000000.0,
        "Cost Of Revenue": 546800000.0,
        "Total Revenue": 1019800000.0,
        "Operating Revenue": 1019800000.0
    }
}