{
    "2023-06-30": {
        "Tax Effect Of Unusual Items": 0.0,
        "Tax Rate For Calcs": 0.295,
        "Total Unusual Items": 0.0,
        "Total Unusual Items Excluding Goodwill": 0.0,
        "Net Income From Continuing Operation Net Minority Interest": 10949000.0,
        "Reconciled Depreciation": 2486000.0,
        "Net Interest Income": 31667000.0,
        "Interest Expense": 25076000.0,
        "Interest Income": 56743000.0,
        "Normalized Income": 10949000.0,
        "Net Income From Continuing And Discontinued Operation": 10949000.0,
        "Diluted Average Shares": 18995100.0,
        "Basic Average Shares": 18993483.0,
        "Diluted EPS": 0.58,
        "Basic EPS": 0.58,
        "Diluted NI Availto Com Stockholders": 10949000.0,
        "Net Income Common Stockholders": 10949000.0,
        "Otherunder Preferred Stock Dividend": NaN,
        "Net Income": 10949000.0,
        "Net Income Including Noncontrolling Interests": 10949000.0,
        "Net Income Continuous Operations": 10949000.0,
        "Tax Provision": 4573000.0,
        "Pretax Income": 15522000.0,
        "Special Income Charges": 0.0,
        "Other Special Charges": NaN,
        "Restructuring And Mergern Acquisition": NaN,
        "Gain On Sale Of Security": -3000.0,
        "Selling General And Administration": 10623000.0,
        "Selling And Marketing Expense": 252000.0,
        "General And Administrative Expense": 10371000.0,
        "Insurance And Claims": 1044000.0,
        "Salaries And Wages": 9327000.0,
        "Total Revenue": 34419000.0,
        "Operating Revenue": 34419000.0
    },
    "2023-03-31": {
        "Tax Effect Of Unusual Items": 0.0,
        "Tax Rate For Calcs": 0.294,
        "Total Unusual Items": NaN,
        "Total Unusual Items Excluding Goodwill": NaN,
        "Net Income From Continuing Operation Net Minority Interest": 10970000.0,
        "Reconciled Depreciation": 2393000.0,
        "Net Interest Income": 33836000.0,
        "Interest Expense": 19650000.0,
        "Interest Income": 53486000.0,
        "Normalized Income": 10970000.0,
        "Net Income From Continuing And Discontinued Operation": 10970000.0,
        "Diluted Average Shares": 19049685.0,
        "Basic Average Shares": 18985846.0,
        "Diluted EPS": 0.58,
        "Basic EPS": 0.58,
        "Diluted NI Availto Com Stockholders": 10970000.0,
        "Net Income Common Stockholders": 10970000.0,
        "Otherunder Preferred Stock Dividend": NaN,
        "Net Income": 10970000.0,
        "Net Income Including Noncontrolling Interests": 10970000.0,
        "Net Income Continuous Operations": 10970000.0,
        "Tax Provision": 4568000.0,
        "Pretax Income": 15538000.0,
        "Special Income Charges": NaN,
        "Other Special Charges": NaN,
        "Restructuring And Mergern Acquisition": NaN,
        "Gain On Sale Of Security": 10000.0,
        "Selling General And Administration": 10905000.0,
        "Selling And Marketing Expense": 300000.0,
        "General And Administrative Expense": 10605000.0,
        "Insurance And Claims": 741000.0,
        "Salaries And Wages": 9864000.0,
        "Total Revenue": 36463000.0,
        "Operating Revenue": 36463000.0
    },
    "2022-12-31": {
        "Tax Effect Of Unusual Items": -305.153743,
        "Tax Rate For Calcs": 0.305154,
        "Total Unusual Items": -1000.0,
        "Total Unusual Items Excluding Goodwill": -1000.0,
        "Net Income From Continuing Operation Net Minority Interest": 17581000.0,
        "Reconciled Depreciation": 2270000.0,
        "Net Interest Income": 38730000.0,
        "Interest Expense": 13657000.0,
        "Interest Income": 52387000.0,
        "Normalized Income": 17581694.846257,
        "Net Income From Continuing And Discontinued Operation": 17581000.0,
        "Diluted Average Shares": 19086586.0,
        "Basic Average Shares": 18971250.0,
        "Diluted EPS": 0.92,
        "Basic EPS": 0.93,
        "Diluted NI Availto Com Stockholders": 17581000.0,
        "Net Income Common Stockholders": 17581000.0,
        "Otherunder Preferred Stock Dividend": 0.0,
        "Net Income": 17581000.0,
        "Net Income Including Noncontrolling Interests": 17581000.0,
        "Net Income Continuous Operations": 17581000.0,
        "Tax Provision": 7721000.0,
        "Pretax Income": 25302000.0,
        "Special Income Charges": -1000.0,
        "Other Special Charges": 0.0,
        "Restructuring And Mergern Acquisition": 1000.0,
        "Gain On Sale Of Security": 15000.0,
        "Selling General And Administration": 3189000.0,
        "Selling And Marketing Expense": 406000.0,
        "General And Administrative Expense": 2783000.0,
        "Insurance And Claims": 743000.0,
        "Salaries And Wages": 6930000.0,
        "Total Revenue": 41258000.0,
        "Operating Revenue": 41258000.0
    },
    "2022-09-30": {
        "Tax Effect Of Unusual Items": 0.0,
        "Tax Rate For Calcs": 0.278,
        "Total Unusual Items": 0.0,
        "Total Unusual Items Excluding Goodwill": 0.0,
        "Net Income From Continuing Operation Net Minority Interest": 16652000.0,
        "Reconciled Depreciation": 2569000.0,
        "Net Interest Income": 38754000.0,
        "Interest Expense": 7436000.0,
        "Interest Income": 46190000.0,
        "Normalized Income": 16652000.0,
        "Net Income From Continuing And Discontinued Operation": 16652000.0,
        "Diluted Average Shares": 19130447.0,
        "Basic Average Shares": 18988443.0,
        "Diluted EPS": 0.87,
        "Basic EPS": 0.88,
        "Diluted NI Availto Com Stockholders": 16652000.0,
        "Net Income Common Stockholders": 16652000.0,
        "Otherunder Preferred Stock Dividend": NaN,
        "Net Income": 16652000.0,
        "Net Income Including Noncontrolling Interests": 16652000.0,
        "Net Income Continuous Operations": 16652000.0,
        "Tax Provision": 6398000.0,
        "Pretax Income": 23050000.0,
        "Special Income Charges": 0.0,
        "Other Special Charges": NaN,
        "Restructuring And Mergern Acquisition": 0.0,
        "Gain On Sale Of Security": -68000.0,
        "Selling General And Administration": 12331000.0,
        "Selling And Marketing Expense": 364000.0,
        "General And Administrative Expense": 11967000.0,
        "Other Gand A": 1688000.0,
        "Insurance And Claims": 718000.0,
        "Salaries And Wages": 9561000.0,
        "Total Revenue": 41508000.0,
        "Operating Revenue": 41508000.0
    },
    "2022-06-30": {
        "Tax Effect Of Unusual Items": 217264.0,
        "Tax Rate For Calcs": 0.296,
        "Total Unusual Items": 734000.0,
        "Total Unusual Items Excluding Goodwill": 734000.0,
        "Net Income From Continuing Operation Net Minority Interest": 15477000.0,
        "Reconciled Depreciation": 3187000.0,
        "Net Interest Income": 36868000.0,
        "Interest Expense": 5248000.0,
        "Interest Income": 42116000.0,
        "Normalized Income": 14960264.0,
        "Net Income From Continuing And Discontinued Operation": 15477000.0,
        "Diluted Average Shares": 19324253.0,
        "Basic Average Shares": 19066621.0,
        "Diluted EPS": 0.8,
        "Basic EPS": 0.81,
        "Diluted NI Availto Com Stockholders": 15477000.0,
        "Net Income Common Stockholders": 15477000.0,
        "Otherunder Preferred Stock Dividend": 3000.0,
        "Net Income": 15477000.0,
        "Net Income Including Noncontrolling Interests": 15477000.0,
        "Net Income Continuous Operations": 15477000.0,
        "Tax Provision": 6508000.0,
        "Pretax Income": 21985000.0,
        "Special Income Charges": 734000.0,
        "Other Special Charges": -757000.0,
        "Restructuring And Mergern Acquisition": 23000.0,
        "Gain On Sale Of Security": 39000.0,
        "Selling General And Administration": 12535000.0,
        "Selling And Marketing Expense": 501000.0,
        "General And Administrative Expense": 12034000.0,
        "Other Gand A": 1651000.0,
        "Insurance And Claims": 755000.0,
        "Salaries And Wages": 9628000.0,
        "Total Revenue": 39657000.0,
        "Operating Revenue": 39657000.0
    },
    "2022-03-31": {
        "Diluted EPS": 0.74,
        "Total Revenue": 43,
        "Gross Profit": 37,
        "Operating Income": 21,
        "EBIT": NaN,
        "Net Income": 15
    },
    "2021-12-31": {
        "Diluted EPS": 0.79,
        "Total Revenue": 42,
        "Gross Profit": 36,
        "Operating Income": 22,
        "EBIT": NaN,
        "Net Income": 16
    },
    "2021-09-30": {
        "Diluted EPS": 0.77,
        "Total Revenue": 43,
        "Gross Profit": 37,
        "Operating Income": 22,
        "EBIT": NaN,
        "Net Income": 15
    },
    "2021-06-30": {
        "Diluted EPS": 0.67,
        "Total Revenue": 40,
        "Gross Profit": 34,
        "Operating Income": 19,
        "EBIT": NaN,
        "Net Income": 13
    },
    "2021-03-31": {
        "Diluted EPS": 0.63,
        "Total Revenue": 41,
        "Gross Profit": 35,
        "Operating Income": 18,
        "EBIT": NaN,
        "Net Income": 12
    },
    "2020-12-31": {
        "Diluted EPS": 0.56,
        "Total Revenue": 40,
        "Gross Profit": 33,
        "Operating Income": 16,
        "EBIT": NaN,
        "Net Income": 11
    },
    "2020-09-30": {
        "Diluted EPS": 0.43,
        "Total Revenue": 38,
        "Gross Profit": 30,
        "Operating Income": 12,
        "EBIT": NaN,
        "Net Income": 9
    },
    "2020-06-30": {
        "Diluted EPS": 0.33,
        "Total Revenue": 36,
        "Gross Profit": 27,
        "Operating Income": 10,
        "EBIT": NaN,
        "Net Income": 7
    },
    "2020-03-31": {
        "Diluted EPS": 0.33,
        "Total Revenue": 39,
        "Gross Profit": 28,
        "Operating Income": 10,
        "EBIT": NaN,
        "Net Income": 7
    },
    "2019-12-31": {
        "Diluted EPS": 0.52,
        "Total Revenue": 40,
        "Gross Profit": 29,
        "Operating Income": 15,
        "EBIT": NaN,
        "Net Income": 11
    },
    "2019-09-30": {
        "Diluted EPS": 0.39,
        "Total Revenue": 37,
        "Gross Profit": 26,
        "Operating Income": 12,
        "EBIT": NaN,
        "Net Income": 8
    },
    "2019-06-30": {
        "Diluted EPS": 0.5,
        "Total Revenue": 41,
        "Gross Profit": 30,
        "Operating Income": 15,
        "EBIT": NaN,
        "Net Income": 10
    },
    "2019-03-31": {
        "Diluted EPS": 0.51,
        "Total Revenue": 41,
        "Gross Profit": 30,
        "Operating Income": 14,
        "EBIT": NaN,
        "Net Income": 10
    },
    "2018-12-31": {
        "Diluted EPS": 0.47,
        "Total Revenue": 41,
        "Gross Profit": 31,
        "Operating Income": 15,
        "EBIT": NaN,
        "Net Income": 9
    },
    "2018-09-30": {
        "Diluted EPS": 0.48,
        "Total Revenue": 27,
        "Gross Profit": 21,
        "Operating Income": 11,
        "EBIT": NaN,
        "Net Income": 8
    },
    "2018-06-30": {
        "Diluted EPS": 0.54,
        "Total Revenue": 25,
        "Gross Profit": 21,
        "Operating Income": 12,
        "EBIT": NaN,
        "Net Income": 9
    },
    "2018-03-31": {
        "Diluted EPS": 0.52,
        "Total Revenue": 23,
        "Gross Profit": 19,
        "Operating Income": 10,
        "EBIT": NaN,
        "Net Income": 9
    },
    "2017-12-31": {
        "Diluted EPS": 0.24,
        "Total Revenue": 25,
        "Gross Profit": 22,
        "Operating Income": 12,
        "EBIT": NaN,
        "Net Income": 5
    },
    "2017-09-30": {
        "Diluted EPS": 0.42,
        "Total Revenue": 22,
        "Gross Profit": 19,
        "Operating Income": 11,
        "EBIT": NaN,
        "Net Income": 7
    },
    "2017-06-30": {
        "Diluted EPS": 0.62,
        "Total Revenue": 21,
        "Gross Profit": 17,
        "Operating Income": 14,
        "EBIT": NaN,
        "Net Income": 9
    },
    "2017-03-31": {
        "Diluted EPS": 0.4,
        "Total Revenue": 19,
        "Gross Profit": 16,
        "Operating Income": 9,
        "EBIT": NaN,
        "Net Income": 5
    },
    "2016-12-31": {
        "Diluted EPS": 0.0,
        "Total Revenue": NaN,
        "Gross Profit": NaN,
        "Operating Income": NaN,
        "EBIT": NaN,
        "Net Income": NaN
    },
    "2016-09-30": {
        "Diluted EPS": 0.42,
        "Total Revenue": 21,
        "Gross Profit": 18,
        "Operating Income": 10,
        "EBIT": NaN,
        "Net Income": 6
    },
    "2016-06-30": {
        "Diluted EPS": 0.38,
        "Total Revenue": 21,
        "Gross Profit": 18,
        "Operating Income": 9,
        "EBIT": NaN,
        "Net Income": 5
    },
    "2015-12-31": {
        "Diluted EPS": 0.0,
        "Total Revenue": NaN,
        "Gross Profit": NaN,
        "Operating Income": NaN,
        "EBIT": NaN,
        "Net Income": NaN
    },
    "2014-12-31": {
        "Diluted EPS": 0.0,
        "Total Revenue": NaN,
        "Gross Profit": NaN,
        "Operating Income": NaN,
        "EBIT": NaN,
        "Net Income": NaN
    },
    "2023-09-30": {
        "Tax Effect Of Unusual Items": 66378.0,
        "Tax Rate For Calcs": 0.299,
        "Total Unusual Items": 222000.0,
        "Total Unusual Items Excluding Goodwill": 222000.0,
        "Net Income From Continuing Operation Net Minority Interest": 8473000.0,
        "Reconciled Depreciation": 2382000.0,
        "Net Interest Income": 27299000.0,
        "Interest Expense": 27974000.0,
        "Interest Income": 55273000.0,
        "Normalized Income": 8317378.0,
        "Net Income From Continuing And Discontinued Operation": 8473000.0,
        "Diluted Average Shares": 18997304.0,
        "Basic Average Shares": 18995303.0,
        "Diluted EPS": 0.63,
        "Basic EPS": 0.63,
        "Diluted NI Availto Com Stockholders": 8473000.0,
        "Net Income Common Stockholders": 8473000.0,
        "Otherunder Preferred Stock Dividend": NaN,
        "Net Income": 8473000.0,
        "Net Income Including Noncontrolling Interests": 8473000.0,
        "Net Income Continuous Operations": 8473000.0,
        "Tax Provision": 3611000.0,
        "Pretax Income": 12084000.0,
        "Special Income Charges": 32000.0,
        "Other Special Charges": -32000.0,
        "Restructuring And Mergern Acquisition": NaN,
        "Gain On Sale Of Security": 0.0,
        "Selling General And Administration": 11050000.0,
        "Selling And Marketing Expense": 340000.0,
        "General And Administrative Expense": 10710000.0,
        "Insurance And Claims": 966000.0,
        "Salaries And Wages": 9744000.0,
        "Total Revenue": 30327000.0,
        "Operating Revenue": 30327000.0
    },
    "2023-12-31": {
        "Tax Effect Of Unusual Items": NaN,
        "Tax Rate For Calcs": NaN,
        "Total Unusual Items": NaN,
        "Total Unusual Items Excluding Goodwill": NaN,
        "Net Income From Continuing Operation Net Minority Interest": NaN,
        "Reconciled Depreciation": NaN,
        "Net Interest Income": NaN,
        "Interest Expense": NaN,
        "Interest Income": NaN,
        "Normalized Income": NaN,
        "Net Income From Continuing And Discontinued Operation": NaN,
        "Diluted Average Shares": 18948087.0,
        "Basic Average Shares": 18938005.0,
        "Diluted EPS": 0.64,
        "Basic EPS": 0.64,
        "Diluted NI Availto Com Stockholders": NaN,
        "Net Income Common Stockholders": NaN,
        "Otherunder Preferred Stock Dividend": NaN,
        "Net Income": NaN,
        "Net Income Including Noncontrolling Interests": NaN,
        "Net Income Continuous Operations": NaN,
        "Tax Provision": NaN,
        "Pretax Income": NaN,
        "Special Income Charges": NaN,
        "Other Special Charges": NaN,
        "Restructuring And Mergern Acquisition": NaN,
        "Gain On Sale Of Security": NaN,
        "Selling General And Administration": NaN,
        "Selling And Marketing Expense": NaN,
        "General And Administrative Expense": NaN,
        "Insurance And Claims": NaN,
        "Salaries And Wages": NaN,
        "Total Revenue": NaN,
        "Operating Revenue": NaN
    }
}