{
    "2023-06-30": {
        "Tax Effect Of Unusual Items": -1009050.0,
        "Tax Rate For Calcs": 0.21,
        "Normalized EBITDA": 13800000.0,
        "Total Unusual Items": -4805000.0,
        "Total Unusual Items Excluding Goodwill": -4805000.0,
        "Net Income From Continuing Operation Net Minority Interest": -21479000.0,
        "Reconciled Depreciation": 18248000.0,
        "Reconciled Cost Of Revenue": 98160000.0,
        "EBITDA": 8995000.0,
        "EBIT": -9253000.0,
        "Net Interest Income": -6766000.0,
        "Interest Expense": 6823000.0,
        "Interest Income": 57000.0,
        "Normalized Income": -17683050.0,
        "Net Income From Continuing And Discontinued Operation": -21479000.0,
        "Total Expenses": 212435000.0,
        "Total Operating Income As Reported": -6622000.0,
        "Diluted Average Shares": 170103000.0,
        "Basic Average Shares": 170103000.0,
        "Diluted EPS": -0.13,
        "Basic EPS": -0.13,
        "Diluted NI Availto Com Stockholders": -21479000.0,
        "Net Income Common Stockholders": -21479000.0,
        "Net Income": -21479000.0,
        "Net Income Including Noncontrolling Interests": -21479000.0,
        "Net Income Continuous Operations": -21479000.0,
        "Tax Provision": 5403000.0,
        "Pretax Income": -16076000.0,
        "Other Income Expense": -7493000.0,
        "Other Non Operating Income Expenses": -2688000.0,
        "Special Income Charges": -4805000.0,
        "Restructuring And Mergern Acquisition": 4805000.0,
        "Net Non Operating Interest Income Expense": -6766000.0,
        "Interest Expense Non Operating": 6823000.0,
        "Interest Income Non Operating": 57000.0,
        "Operating Income": -1817000.0,
        "Operating Expense": 103287000.0,
        "Depreciation Amortization Depletion Income Statement": 7260000.0,
        "Depreciation And Amortization In Income Statement": 7260000.0,
        "Amortization": 7260000.0,
        "Amortization Of Intangibles Income Statement": 7260000.0,
        "Research And Development": 47776000.0,
        "Selling General And Administration": 48251000.0,
        "Selling And Marketing Expense": 33905000.0,
        "General And Administrative Expense": 14346000.0,
        "Other Gand A": 14346000.0,
        "Gross Profit": 101470000.0,
        "Cost Of Revenue": 109148000.0,
        "Total Revenue": 210618000.0,
        "Operating Revenue": 210618000.0
    },
    "2023-03-31": {
        "Tax Effect Of Unusual Items": -1801590.0,
        "Tax Rate For Calcs": 0.21,
        "Normalized EBITDA": -3616000.0,
        "Total Unusual Items": -8579000.0,
        "Total Unusual Items Excluding Goodwill": -8579000.0,
        "Net Income From Continuing Operation Net Minority Interest": -38305000.0,
        "Reconciled Depreciation": 18163000.0,
        "Reconciled Cost Of Revenue": 93858000.0,
        "EBITDA": -12195000.0,
        "EBIT": -30358000.0,
        "Net Interest Income": -6422000.0,
        "Interest Expense": 6481000.0,
        "Interest Income": 59000.0,
        "Normalized Income": -31527590.0,
        "Net Income From Continuing And Discontinued Operation": -38305000.0,
        "Total Expenses": 212769000.0,
        "Total Operating Income As Reported": -35189000.0,
        "Diluted Average Shares": 168541000.0,
        "Basic Average Shares": 168541000.0,
        "Diluted EPS": -0.23,
        "Basic EPS": -0.23,
        "Diluted NI Availto Com Stockholders": -38305000.0,
        "Net Income Common Stockholders": -38305000.0,
        "Net Income": -38305000.0,
        "Net Income Including Noncontrolling Interests": -38305000.0,
        "Net Income Continuous Operations": -38305000.0,
        "Tax Provision": 1466000.0,
        "Pretax Income": -36839000.0,
        "Other Income Expense": -3807000.0,
        "Other Non Operating Income Expenses": 4772000.0,
        "Special Income Charges": -8579000.0,
        "Restructuring And Mergern Acquisition": 8579000.0,
        "Net Non Operating Interest Income Expense": -6422000.0,
        "Interest Expense Non Operating": 6481000.0,
        "Interest Income Non Operating": 59000.0,
        "Operating Income": -26610000.0,
        "Operating Expense": 108012000.0,
        "Depreciation Amortization Depletion Income Statement": 7264000.0,
        "Depreciation And Amortization In Income Statement": 7264000.0,
        "Amortization": 7264000.0,
        "Amortization Of Intangibles Income Statement": 7264000.0,
        "Research And Development": 51304000.0,
        "Selling General And Administration": 49444000.0,
        "Selling And Marketing Expense": 35399000.0,
        "General And Administrative Expense": 14045000.0,
        "Other Gand A": 14045000.0,
        "Gross Profit": 81402000.0,
        "Cost Of Revenue": 104757000.0,
        "Total Revenue": 186159000.0,
        "Operating Revenue": 186159000.0
    },
    "2022-12-31": {
        "Tax Effect Of Unusual Items": -791700.0,
        "Tax Rate For Calcs": 0.21,
        "Normalized EBITDA": 21944000.0,
        "Total Unusual Items": -3770000.0,
        "Total Unusual Items Excluding Goodwill": -3770000.0,
        "Net Income From Continuing Operation Net Minority Interest": 20488000.0,
        "Reconciled Depreciation": 18576000.0,
        "Reconciled Cost Of Revenue": 108400000.0,
        "EBITDA": 18174000.0,
        "EBIT": -402000.0,
        "Net Interest Income": -5911000.0,
        "Interest Expense": 5979000.0,
        "Interest Income": 68000.0,
        "Normalized Income": 23466300.0,
        "Net Income From Continuing And Discontinued Operation": 20488000.0,
        "Total Expenses": 228604000.0,
        "Total Operating Income As Reported": 1265000.0,
        "Diluted Average Shares": 172213000.0,
        "Basic Average Shares": 168163000.0,
        "Diluted EPS": 0.12,
        "Basic EPS": 0.12,
        "Diluted NI Availto Com Stockholders": 20488000.0,
        "Net Income Common Stockholders": 20488000.0,
        "Net Income": 20488000.0,
        "Net Income Including Noncontrolling Interests": 20488000.0,
        "Net Income Continuous Operations": 20488000.0,
        "Tax Provision": -26869000.0,
        "Pretax Income": -6381000.0,
        "Other Income Expense": -5505000.0,
        "Other Non Operating Income Expenses": -1735000.0,
        "Special Income Charges": -3770000.0,
        "Restructuring And Mergern Acquisition": 3770000.0,
        "Net Non Operating Interest Income Expense": -5911000.0,
        "Interest Expense Non Operating": 5979000.0,
        "Interest Income Non Operating": 68000.0,
        "Operating Income": 5035000.0,
        "Operating Expense": 108978000.0,
        "Depreciation Amortization Depletion Income Statement": 7350000.0,
        "Depreciation And Amortization In Income Statement": 7350000.0,
        "Amortization": 7350000.0,
        "Amortization Of Intangibles Income Statement": 7350000.0,
        "Research And Development": 50517000.0,
        "Selling General And Administration": 51111000.0,
        "Selling And Marketing Expense": 37939000.0,
        "General And Administrative Expense": 13172000.0,
        "Other Gand A": 13172000.0,
        "Gross Profit": 114013000.0,
        "Cost Of Revenue": 119626000.0,
        "Total Revenue": 233639000.0,
        "Operating Revenue": 233639000.0
    },
    "2022-09-30": {
        "Tax Effect Of Unusual Items": -473970.0,
        "Tax Rate For Calcs": 0.21,
        "Normalized EBITDA": 14420000.0,
        "Total Unusual Items": -2257000.0,
        "Total Unusual Items Excluding Goodwill": -2257000.0,
        "Net Income From Continuing Operation Net Minority Interest": -18416000.0,
        "Reconciled Depreciation": 19191000.0,
        "Reconciled Cost Of Revenue": 91126000.0,
        "EBITDA": 12163000.0,
        "EBIT": -7028000.0,
        "Net Interest Income": -5266000.0,
        "Interest Expense": 5266000.0,
        "Interest Income": 66000.0,
        "Normalized Income": -16632970.0,
        "Net Income From Continuing And Discontinued Operation": -18416000.0,
        "Total Expenses": 208166000.0,
        "Total Operating Income As Reported": -3296000.0,
        "Diluted Average Shares": 158921000.0,
        "Basic Average Shares": 158921000.0,
        "Diluted EPS": -0.12,
        "Basic EPS": -0.12,
        "Diluted NI Availto Com Stockholders": -18416000.0,
        "Net Income Common Stockholders": -18416000.0,
        "Net Income": -18416000.0,
        "Net Income Including Noncontrolling Interests": -18416000.0,
        "Net Income Continuous Operations": -18416000.0,
        "Tax Provision": 6122000.0,
        "Pretax Income": -12294000.0,
        "Other Income Expense": -5989000.0,
        "Other Non Operating Income Expenses": -3732000.0,
        "Special Income Charges": -2257000.0,
        "Impairment Of Capital Assets": NaN,
        "Restructuring And Mergern Acquisition": 2257000.0,
        "Net Non Operating Interest Income Expense": -5266000.0,
        "Interest Expense Non Operating": 5266000.0,
        "Interest Income Non Operating": 66000.0,
        "Operating Income": -1039000.0,
        "Operating Expense": 105357000.0,
        "Depreciation Amortization Depletion Income Statement": 7508000.0,
        "Depreciation And Amortization In Income Statement": 7508000.0,
        "Amortization": 7508000.0,
        "Amortization Of Intangibles Income Statement": 7508000.0,
        "Research And Development": 49366000.0,
        "Selling General And Administration": 48483000.0,
        "Selling And Marketing Expense": 36365000.0,
        "General And Administrative Expense": 12118000.0,
        "Other Gand A": 12118000.0,
        "Gross Profit": 104318000.0,
        "Cost Of Revenue": 102809000.0,
        "Total Revenue": 207127000.0,
        "Operating Revenue": 207127000.0
    },
    "2022-06-30": {
        "Tax Effect Of Unusual Items": -1771600.0,
        "Tax Rate For Calcs": 0.4,
        "Normalized EBITDA": 6251000.0,
        "Total Unusual Items": -4429000.0,
        "Total Unusual Items Excluding Goodwill": -4429000.0,
        "Net Income From Continuing Operation Net Minority Interest": -30180000.0,
        "Reconciled Depreciation": 19289000.0,
        "Reconciled Cost Of Revenue": 89470000.0,
        "EBITDA": 1822000.0,
        "EBIT": -17467000.0,
        "Net Interest Income": -4602000.0,
        "Interest Expense": 4602000.0,
        "Interest Income": 59000.0,
        "Normalized Income": -27522600.0,
        "Net Income From Continuing And Discontinued Operation": -30180000.0,
        "Total Expenses": 208606000.0,
        "Total Operating Income As Reported": -7239000.0,
        "Diluted Average Shares": 150190000.0,
        "Basic Average Shares": 150190000.0,
        "Diluted EPS": -0.2,
        "Basic EPS": -0.2,
        "Diluted NI Availto Com Stockholders": -30180000.0,
        "Net Income Common Stockholders": -30180000.0,
        "Net Income": -30180000.0,
        "Net Income Including Noncontrolling Interests": -30180000.0,
        "Net Income Continuous Operations": -30180000.0,
        "Tax Provision": 8111000.0,
        "Pretax Income": -22069000.0,
        "Other Income Expense": -14657000.0,
        "Other Non Operating Income Expenses": -10228000.0,
        "Special Income Charges": -4429000.0,
        "Impairment Of Capital Assets": NaN,
        "Restructuring And Mergern Acquisition": 4429000.0,
        "Net Non Operating Interest Income Expense": -4602000.0,
        "Interest Expense Non Operating": 4602000.0,
        "Interest Income Non Operating": 59000.0,
        "Operating Income": -2810000.0,
        "Operating Expense": 107360000.0,
        "Depreciation Amortization Depletion Income Statement": 7513000.0,
        "Depreciation And Amortization In Income Statement": 7513000.0,
        "Amortization": 7513000.0,
        "Amortization Of Intangibles Income Statement": 7513000.0,
        "Research And Development": 51103000.0,
        "Selling General And Administration": 48744000.0,
        "Selling And Marketing Expense": 35843000.0,
        "General And Administrative Expense": 12901000.0,
        "Other Gand A": 12901000.0,
        "Gross Profit": 104550000.0,
        "Cost Of Revenue": 101246000.0,
        "Total Revenue": 205796000.0,
        "Operating Revenue": 205796000.0
    },
    "2022-03-31": {
        "Diluted EPS": -0.47,
        "Total Revenue": 173,
        "Gross Profit": 78,
        "Operating Income": -39,
        "EBIT": -19,
        "Net Income": -70
    },
    "2021-12-31": {
        "Diluted EPS": -0.64,
        "Total Revenue": 231,
        "Gross Profit": 115,
        "Operating Income": -120,
        "EBIT": 17,
        "Net Income": -96
    },
    "2021-09-30": {
        "Diluted EPS": -0.4,
        "Total Revenue": 210,
        "Gross Profit": 111,
        "Operating Income": 2,
        "EBIT": 24,
        "Net Income": -59
    },
    "2021-06-30": {
        "Diluted EPS": 0.15,
        "Total Revenue": 211,
        "Gross Profit": 119,
        "Operating Income": 13,
        "EBIT": 35,
        "Net Income": 23
    },
    "2021-03-31": {
        "Diluted EPS": -0.31,
        "Total Revenue": 193,
        "Gross Profit": 100,
        "Operating Income": -13,
        "EBIT": 11,
        "Net Income": -45
    },
    "2020-12-31": {
        "Diluted EPS": 0.9,
        "Total Revenue": 244,
        "Gross Profit": 102,
        "Operating Income": 17,
        "EBIT": 38,
        "Net Income": 124
    },
    "2020-09-30": {
        "Diluted EPS": 0.04,
        "Total Revenue": 231,
        "Gross Profit": 135,
        "Operating Income": 12,
        "EBIT": 35,
        "Net Income": 6
    },
    "2020-06-30": {
        "Diluted EPS": -0.06,
        "Total Revenue": 210,
        "Gross Profit": 123,
        "Operating Income": 2,
        "EBIT": 22,
        "Net Income": -8
    },
    "2020-03-31": {
        "Diluted EPS": -0.27,
        "Total Revenue": 158,
        "Gross Profit": 91,
        "Operating Income": -29,
        "EBIT": -9,
        "Net Income": -33
    },
    "2019-12-31": {
        "Diluted EPS": -1.36,
        "Total Revenue": 161,
        "Gross Profit": 101,
        "Operating Income": -149,
        "EBIT": 31,
        "Net Income": -150
    },
    "2019-09-30": {
        "Diluted EPS": 0.01,
        "Total Revenue": 138,
        "Gross Profit": 79,
        "Operating Income": 3,
        "EBIT": 18,
        "Net Income": 2
    },
    "2019-06-30": {
        "Diluted EPS": 0.45,
        "Total Revenue": 145,
        "Gross Profit": 81,
        "Operating Income": -7,
        "EBIT": 9,
        "Net Income": 49
    },
    "2019-03-31": {
        "Diluted EPS": -0.29,
        "Total Revenue": 119,
        "Gross Profit": 57,
        "Operating Income": -36,
        "EBIT": -21,
        "Net Income": -31
    },
    "2018-12-31": {
        "Diluted EPS": 0.0,
        "Total Revenue": 167,
        "Gross Profit": 135,
        "Operating Income": 1,
        "EBIT": 16,
        "Net Income": -2
    },
    "2018-09-30": {
        "Diluted EPS": -0.1,
        "Total Revenue": 152,
        "Gross Profit": 82,
        "Operating Income": -8,
        "EBIT": 9,
        "Net Income": -10
    },
    "2018-06-30": {
        "Diluted EPS": -0.2,
        "Total Revenue": 137,
        "Gross Profit": 75,
        "Operating Income": -17,
        "EBIT": -2,
        "Net Income": -20
    },
    "2018-03-31": {
        "Diluted EPS": -0.44,
        "Total Revenue": 121,
        "Gross Profit": 55,
        "Operating Income": -42,
        "EBIT": -28,
        "Net Income": -45
    },
    "2017-12-31": {
        "Diluted EPS": -0.2,
        "Total Revenue": 146,
        "Gross Profit": 77,
        "Operating Income": -36,
        "EBIT": -17,
        "Net Income": -16
    },
    "2017-09-30": {
        "Diluted EPS": 0.07,
        "Total Revenue": 75,
        "Gross Profit": 55,
        "Operating Income": 4,
        "EBIT": 8,
        "Net Income": 3
    },
    "2017-06-30": {
        "Diluted EPS": -0.25,
        "Total Revenue": 56,
        "Gross Profit": 36,
        "Operating Income": -13,
        "EBIT": -9,
        "Net Income": -12
    },
    "2017-03-31": {
        "Diluted EPS": -0.22,
        "Total Revenue": 53,
        "Gross Profit": 34,
        "Operating Income": -11,
        "EBIT": -7,
        "Net Income": -11
    },
    "2016-12-31": {
        "Diluted EPS": -0.05,
        "Total Revenue": 68,
        "Gross Profit": 45,
        "Operating Income": -3,
        "EBIT": 1,
        "Net Income": -3
    },
    "2016-09-30": {
        "Diluted EPS": -0.08,
        "Total Revenue": 65,
        "Gross Profit": 44,
        "Operating Income": -4,
        "EBIT": -1,
        "Net Income": -4
    },
    "2016-06-30": {
        "Diluted EPS": -0.06,
        "Total Revenue": 61,
        "Gross Profit": 40,
        "Operating Income": -3,
        "EBIT": 1,
        "Net Income": -3
    },
    "2016-03-31": {
        "Diluted EPS": -0.09,
        "Total Revenue": 59,
        "Gross Profit": 38,
        "Operating Income": -4,
        "EBIT": 0,
        "Net Income": -5
    },
    "2015-12-31": {
        "Diluted EPS": 0.1,
        "Total Revenue": 76,
        "Gross Profit": 52,
        "Operating Income": 4,
        "EBIT": 9,
        "Net Income": 5
    },
    "2015-09-30": {
        "Diluted EPS": -0.04,
        "Total Revenue": 68,
        "Gross Profit": 46,
        "Operating Income": -1,
        "EBIT": 3,
        "Net Income": -2
    },
    "2015-06-30": {
        "Diluted EPS": -0.31,
        "Total Revenue": 55,
        "Gross Profit": 34,
        "Operating Income": -15,
        "EBIT": -9,
        "Net Income": -15
    },
    "2015-03-31": {
        "Diluted EPS": -0.39,
        "Total Revenue": 50,
        "Gross Profit": 29,
        "Operating Income": -19,
        "EBIT": -15,
        "Net Income": -19
    },
    "2014-12-31": {
        "Diluted EPS": -0.05,
        "Total Revenue": 77,
        "Gross Profit": 52,
        "Operating Income": -2,
        "EBIT": 2,
        "Net Income": -2
    },
    "2014-09-30": {
        "Diluted EPS": -0.11,
        "Total Revenue": 73,
        "Gross Profit": 48,
        "Operating Income": -5,
        "EBIT": -1,
        "Net Income": -5
    },
    "2014-06-30": {
        "Diluted EPS": -0.11,
        "Total Revenue": 76,
        "Gross Profit": 47,
        "Operating Income": -5,
        "EBIT": -1,
        "Net Income": -5
    },
    "2014-03-31": {
        "Diluted EPS": -0.07,
        "Total Revenue": 71,
        "Gross Profit": 46,
        "Operating Income": -6,
        "EBIT": -2,
        "Net Income": -4
    },
    "2013-12-31": {
        "Diluted EPS": 0.0,
        "Total Revenue": 76,
        "Gross Profit": 48,
        "Operating Income": 0,
        "EBIT": 4,
        "Net Income": 0
    },
    "2013-09-30": {
        "Diluted EPS": -0.05,
        "Total Revenue": 68,
        "Gross Profit": 42,
        "Operating Income": -3,
        "EBIT": 1,
        "Net Income": -4
    },
    "2013-06-30": {
        "Diluted EPS": -0.1,
        "Total Revenue": 69,
        "Gross Profit": 44,
        "Operating Income": -5,
        "EBIT": 0,
        "Net Income": -5
    },
    "2013-03-31": {
        "Diluted EPS": -0.25,
        "Total Revenue": 63,
        "Gross Profit": 38,
        "Operating Income": -13,
        "EBIT": -9,
        "Net Income": -14
    },
    "2012-12-31": {
        "Diluted EPS": -0.3,
        "Total Revenue": 75,
        "Gross Profit": 36,
        "Operating Income": -16,
        "EBIT": -10,
        "Net Income": -16
    },
    "2012-09-30": {
        "Diluted EPS": -0.3,
        "Total Revenue": 57,
        "Gross Profit": 32,
        "Operating Income": -15,
        "EBIT": -11,
        "Net Income": -16
    },
    "2012-06-30": {
        "Diluted EPS": -0.2,
        "Total Revenue": 58,
        "Gross Profit": 33,
        "Operating Income": -12,
        "EBIT": -9,
        "Net Income": -12
    },
    "2012-03-31": {
        "Diluted EPS": -0.1,
        "Total Revenue": 64,
        "Gross Profit": 42,
        "Operating Income": -6,
        "EBIT": -3,
        "Net Income": -6
    },
    "2011-12-31": {
        "Diluted EPS": 0.0,
        "Total Revenue": 74,
        "Gross Profit": 47,
        "Operating Income": 4,
        "EBIT": 8,
        "Net Income": 4
    },
    "2011-09-30": {
        "Diluted EPS": 0.05,
        "Total Revenue": 66,
        "Gross Profit": 42,
        "Operating Income": 1,
        "EBIT": 4,
        "Net Income": 2
    },
    "2011-06-30": {
        "Diluted EPS": -0.1,
        "Total Revenue": 52,
        "Gross Profit": 30,
        "Operating Income": -7,
        "EBIT": -4,
        "Net Income": -6
    },
    "2011-03-31": {
        "Diluted EPS": -0.2,
        "Total Revenue": 67,
        "Gross Profit": 27,
        "Operating Income": -11,
        "EBIT": -9,
        "Net Income": -12
    },
    "2010-12-31": {
        "Diluted EPS": 0.2,
        "Total Revenue": 83,
        "Gross Profit": 53,
        "Operating Income": 11,
        "EBIT": 15,
        "Net Income": 11
    },
    "2010-09-30": {
        "Diluted EPS": -0.4,
        "Total Revenue": 43,
        "Gross Profit": 24,
        "Operating Income": -23,
        "EBIT": -19,
        "Net Income": -22
    },
    "2010-06-30": {
        "Diluted EPS": 0.01,
        "Total Revenue": 61,
        "Gross Profit": 39,
        "Operating Income": 0,
        "EBIT": 3,
        "Net Income": 0
    },
    "2010-03-31": {
        "Diluted EPS": -0.0,
        "Total Revenue": 62,
        "Gross Profit": 38,
        "Operating Income": -1,
        "EBIT": 2,
        "Net Income": 0
    },
    "2009-12-31": {
        "Diluted EPS": 0.15,
        "Total Revenue": 69,
        "Gross Profit": 45,
        "Operating Income": 8,
        "EBIT": 10,
        "Net Income": 10
    },
    "2009-09-30": {
        "Diluted EPS": -0.05,
        "Total Revenue": 56,
        "Gross Profit": 35,
        "Operating Income": -4,
        "EBIT": -1,
        "Net Income": -3
    },
    "2009-06-30": {
        "Diluted EPS": 0.1,
        "Total Revenue": 62,
        "Gross Profit": 40,
        "Operating Income": 2,
        "EBIT": 5,
        "Net Income": 4
    },
    "2009-03-31": {
        "Diluted EPS": -0.3,
        "Total Revenue": 41,
        "Gross Profit": 23,
        "Operating Income": -18,
        "EBIT": -15,
        "Net Income": -16
    },
    "2023-09-30": {
        "Tax Effect Of Unusual Items": -739620.0,
        "Tax Rate For Calcs": 0.21,
        "Normalized EBITDA": 19832000.0,
        "Total Unusual Items": -3522000.0,
        "Total Unusual Items Excluding Goodwill": -3522000.0,
        "Net Income From Continuing Operation Net Minority Interest": -13501000.0,
        "Reconciled Depreciation": 17917000.0,
        "Reconciled Cost Of Revenue": 88957000.0,
        "EBITDA": 16310000.0,
        "EBIT": -1607000.0,
        "Net Interest Income": -7143000.0,
        "Interest Expense": 7300000.0,
        "Interest Income": 157000.0,
        "Normalized Income": -10718620.0,
        "Net Income From Continuing And Discontinued Operation": -13501000.0,
        "Total Expenses": 198783000.0,
        "Total Operating Income As Reported": 856000.0,
        "Diluted Average Shares": 171190000.0,
        "Basic Average Shares": 171190000.0,
        "Diluted EPS": -0.08,
        "Basic EPS": -0.08,
        "Diluted NI Availto Com Stockholders": -13501000.0,
        "Net Income Common Stockholders": -13501000.0,
        "Net Income": -13501000.0,
        "Net Income Including Noncontrolling Interests": -13501000.0,
        "Net Income Continuous Operations": -13501000.0,
        "Tax Provision": 4594000.0,
        "Pretax Income": -8907000.0,
        "Other Income Expense": -6142000.0,
        "Other Non Operating Income Expenses": -2620000.0,
        "Special Income Charges": -3522000.0,
        "Restructuring And Mergern Acquisition": 3522000.0,
        "Net Non Operating Interest Income Expense": -7143000.0,
        "Interest Expense Non Operating": 7300000.0,
        "Interest Income Non Operating": 157000.0,
        "Operating Income": 4378000.0,
        "Operating Expense": 99125000.0,
        "Depreciation Amortization Depletion Income Statement": 7216000.0,
        "Depreciation And Amortization In Income Statement": 7216000.0,
        "Amortization": 7216000.0,
        "Amortization Of Intangibles Income Statement": 7216000.0,
        "Research And Development": 46229000.0,
        "Selling General And Administration": 45680000.0,
        "Selling And Marketing Expense": 32795000.0,
        "General And Administrative Expense": 12885000.0,
        "Other Gand A": 12885000.0,
        "Gross Profit": 103503000.0,
        "Cost Of Revenue": 99658000.0,
        "Total Revenue": 203161000.0,
        "Operating Revenue": 203161000.0
    }
}