{
    "2023-03-31": {
        "Tax Effect Of Unusual Items": NaN,
        "Tax Rate For Calcs": NaN,
        "Normalized EBITDA": NaN,
        "Net Income From Continuing Operation Net Minority Interest": NaN,
        "Reconciled Depreciation": NaN,
        "Reconciled Cost Of Revenue": NaN,
        "EBITDA": NaN,
        "EBIT": NaN,
        "Net Interest Income": NaN,
        "Interest Expense": NaN,
        "Normalized Income": NaN,
        "Net Income From Continuing And Discontinued Operation": NaN,
        "Total Expenses": NaN,
        "Total Operating Income As Reported": NaN,
        "Diluted Average Shares": 29132950.0,
        "Basic Average Shares": 28822172.0,
        "Diluted EPS": 1.49,
        "Basic EPS": 1.51,
        "Diluted NI Availto Com Stockholders": NaN,
        "Net Income Common Stockholders": NaN,
        "Preferred Stock Dividends": NaN,
        "Net Income": NaN,
        "Net Income Including Noncontrolling Interests": NaN,
        "Net Income Continuous Operations": NaN,
        "Tax Provision": NaN,
        "Pretax Income": NaN,
        "Other Income Expense": NaN,
        "Other Non Operating Income Expenses": NaN,
        "Net Non Operating Interest Income Expense": NaN,
        "Interest Expense Non Operating": NaN,
        "Operating Income": NaN,
        "Operating Expense": NaN,
        "Selling General And Administration": NaN,
        "Gross Profit": NaN,
        "Cost Of Revenue": NaN,
        "Total Revenue": NaN,
        "Operating Revenue": NaN
    },
    "2022-12-31": {
        "Tax Effect Of Unusual Items": NaN,
        "Tax Rate For Calcs": NaN,
        "Normalized EBITDA": NaN,
        "Net Income From Continuing Operation Net Minority Interest": NaN,
        "Reconciled Depreciation": NaN,
        "Reconciled Cost Of Revenue": NaN,
        "EBITDA": NaN,
        "EBIT": NaN,
        "Net Interest Income": NaN,
        "Interest Expense": NaN,
        "Normalized Income": NaN,
        "Net Income From Continuing And Discontinued Operation": NaN,
        "Total Expenses": NaN,
        "Total Operating Income As Reported": NaN,
        "Diluted Average Shares": NaN,
        "Basic Average Shares": NaN,
        "Diluted EPS": NaN,
        "Basic EPS": NaN,
        "Diluted NI Availto Com Stockholders": NaN,
        "Net Income Common Stockholders": NaN,
        "Preferred Stock Dividends": NaN,
        "Net Income": NaN,
        "Net Income Including Noncontrolling Interests": NaN,
        "Net Income Continuous Operations": NaN,
        "Tax Provision": NaN,
        "Pretax Income": NaN,
        "Other Income Expense": NaN,
        "Other Non Operating Income Expenses": NaN,
        "Net Non Operating Interest Income Expense": NaN,
        "Interest Expense Non Operating": NaN,
        "Operating Income": NaN,
        "Operating Expense": NaN,
        "Other Operating Expenses": 18866000.0,
        "Selling General And Administration": NaN,
        "Gross Profit": NaN,
        "Cost Of Revenue": NaN,
        "Total Revenue": NaN,
        "Operating Revenue": NaN
    },
    "2022-09-30": {
        "Tax Effect Of Unusual Items": 0.0,
        "Tax Rate For Calcs": 0.181,
        "Normalized EBITDA": 71833000.0,
        "Net Income From Continuing Operation Net Minority Interest": 43802000.0,
        "Reconciled Depreciation": 28426000.0,
        "Reconciled Cost Of Revenue": 218020000.0,
        "EBITDA": 71833000.0,
        "EBIT": 71833000.0,
        "Net Interest Income": -18332000.0,
        "Interest Expense": 18332000.0,
        "Normalized Income": 43802000.0,
        "Net Income From Continuing And Discontinued Operation": 43802000.0,
        "Total Expenses": 275539000.0,
        "Total Operating Income As Reported": 72017000.0,
        "Diluted Average Shares": 29093791.0,
        "Basic Average Shares": 28758403.0,
        "Diluted EPS": 1.31,
        "Basic EPS": 1.32,
        "Diluted NI Availto Com Stockholders": 38052000.0,
        "Net Income Common Stockholders": 38052000.0,
        "Preferred Stock Dividends": 5750000.0,
        "Net Income": 43802000.0,
        "Net Income Including Noncontrolling Interests": 43802000.0,
        "Net Income Continuous Operations": 43802000.0,
        "Tax Provision": 9699000.0,
        "Pretax Income": 53501000.0,
        "Other Income Expense": -21795000.0,
        "Other Non Operating Income Expenses": -21795000.0,
        "Net Non Operating Interest Income Expense": -18332000.0,
        "Interest Expense Non Operating": 18332000.0,
        "Operating Income": 93628000.0,
        "Operating Expense": 57519000.0,
        "Other Operating Expenses": NaN,
        "Selling General And Administration": 57519000.0,
        "Gross Profit": 151147000.0,
        "Cost Of Revenue": 218020000.0,
        "Total Revenue": 369167000.0,
        "Operating Revenue": 369167000.0
    },
    "2022-06-30": {
        "Tax Effect Of Unusual Items": 0.0,
        "Tax Rate For Calcs": 0.218,
        "Normalized EBITDA": 63703000.0,
        "Net Income From Continuing Operation Net Minority Interest": 37438000.0,
        "Reconciled Depreciation": 28642000.0,
        "Reconciled Cost Of Revenue": 212928000.0,
        "EBITDA": 63703000.0,
        "EBIT": 63703000.0,
        "Net Interest Income": -15799000.0,
        "Interest Expense": 15799000.0,
        "Normalized Income": 37438000.0,
        "Net Income From Continuing And Discontinued Operation": 37438000.0,
        "Total Expenses": 268756000.0,
        "Total Operating Income As Reported": 64470000.0,
        "Diluted Average Shares": 28944955.0,
        "Basic Average Shares": 28670488.0,
        "Diluted EPS": 1.09,
        "Basic EPS": 1.11,
        "Diluted NI Availto Com Stockholders": 31688000.0,
        "Net Income Common Stockholders": 31688000.0,
        "Preferred Stock Dividends": 5750000.0,
        "Net Income": 37438000.0,
        "Net Income Including Noncontrolling Interests": 37438000.0,
        "Net Income Continuous Operations": 37438000.0,
        "Tax Provision": 10466000.0,
        "Pretax Income": 47904000.0,
        "Other Income Expense": -21621000.0,
        "Other Non Operating Income Expenses": -21621000.0,
        "Net Non Operating Interest Income Expense": -15799000.0,
        "Interest Expense Non Operating": 15799000.0,
        "Operating Income": 85324000.0,
        "Operating Expense": 55828000.0,
        "Other Operating Expenses": NaN,
        "Selling General And Administration": 55828000.0,
        "Gross Profit": 141152000.0,
        "Cost Of Revenue": 212928000.0,
        "Total Revenue": 354080000.0,
        "Operating Revenue": 354080000.0
    },
    "2022-03-31": {
        "Diluted EPS": 0.86,
        "Total Revenue": 359,
        "Gross Profit": 138,
        "Operating Income": 59,
        "EBIT": 89,
        "Net Income": 26
    },
    "2021-12-31": {
        "Diluted EPS": -0.18,
        "Total Revenue": 267,
        "Gross Profit": 93,
        "Operating Income": 16,
        "EBIT": 38,
        "Net Income": -5
    },
    "2021-09-30": {
        "Diluted EPS": -0.07,
        "Total Revenue": 161,
        "Gross Profit": 62,
        "Operating Income": 17,
        "EBIT": 41,
        "Net Income": -2
    },
    "2021-06-30": {
        "Diluted EPS": 0.95,
        "Total Revenue": 156,
        "Gross Profit": 64,
        "Operating Income": 29,
        "EBIT": 38,
        "Net Income": 24
    },
    "2021-03-31": {
        "Diluted EPS": 0.99,
        "Total Revenue": 160,
        "Gross Profit": 62,
        "Operating Income": 33,
        "EBIT": 41,
        "Net Income": 25
    },
    "2020-12-31": {
        "Diluted EPS": 0.86,
        "Total Revenue": 146,
        "Gross Profit": 56,
        "Operating Income": 27,
        "EBIT": 35,
        "Net Income": 22
    },
    "2020-09-30": {
        "Diluted EPS": 0.82,
        "Total Revenue": 146,
        "Gross Profit": 57,
        "Operating Income": 26,
        "EBIT": 35,
        "Net Income": 20
    },
    "2020-06-30": {
        "Diluted EPS": 0.91,
        "Total Revenue": 156,
        "Gross Profit": 59,
        "Operating Income": 29,
        "EBIT": 37,
        "Net Income": 23
    },
    "2020-03-31": {
        "Diluted EPS": 1.1,
        "Total Revenue": 186,
        "Gross Profit": 77,
        "Operating Income": 36,
        "EBIT": 44,
        "Net Income": 28
    },
    "2019-12-31": {
        "Diluted EPS": 1.22,
        "Total Revenue": 177,
        "Gross Profit": 71,
        "Operating Income": 37,
        "EBIT": 46,
        "Net Income": 31
    },
    "2019-09-30": {
        "Diluted EPS": 1.26,
        "Total Revenue": 182,
        "Gross Profit": 71,
        "Operating Income": 37,
        "EBIT": 45,
        "Net Income": 31
    },
    "2019-06-30": {
        "Diluted EPS": 1.23,
        "Total Revenue": 183,
        "Gross Profit": 71,
        "Operating Income": 38,
        "EBIT": 46,
        "Net Income": 30
    },
    "2019-03-31": {
        "Diluted EPS": 1.27,
        "Total Revenue": 182,
        "Gross Profit": 73,
        "Operating Income": 40,
        "EBIT": 48,
        "Net Income": 31
    },
    "2018-12-31": {
        "Diluted EPS": 0.65,
        "Total Revenue": 171,
        "Gross Profit": 68,
        "Operating Income": 20,
        "EBIT": 27,
        "Net Income": 16
    },
    "2018-09-30": {
        "Diluted EPS": 1.22,
        "Total Revenue": 173,
        "Gross Profit": 68,
        "Operating Income": 36,
        "EBIT": 44,
        "Net Income": 30
    },
    "2018-06-30": {
        "Diluted EPS": 1.12,
        "Total Revenue": 176,
        "Gross Profit": 68,
        "Operating Income": 36,
        "EBIT": 44,
        "Net Income": 27
    },
    "2018-03-31": {
        "Diluted EPS": 1.1,
        "Total Revenue": 180,
        "Gross Profit": 70,
        "Operating Income": 38,
        "EBIT": 46,
        "Net Income": 27
    },
    "2017-12-31": {
        "Diluted EPS": 0.97,
        "Total Revenue": 167,
        "Gross Profit": 65,
        "Operating Income": 33,
        "EBIT": 41,
        "Net Income": 24
    },
    "2017-09-30": {
        "Diluted EPS": 0.61,
        "Total Revenue": 164,
        "Gross Profit": 62,
        "Operating Income": 25,
        "EBIT": 33,
        "Net Income": 15
    },
    "2017-06-30": {
        "Diluted EPS": 0.9,
        "Total Revenue": 164,
        "Gross Profit": 62,
        "Operating Income": 32,
        "EBIT": 39,
        "Net Income": 22
    },
    "2017-03-31": {
        "Diluted EPS": 0.9,
        "Total Revenue": 160,
        "Gross Profit": 64,
        "Operating Income": 35,
        "EBIT": 43,
        "Net Income": 22
    },
    "2016-12-31": {
        "Diluted EPS": 0.54,
        "Total Revenue": 147,
        "Gross Profit": 52,
        "Operating Income": 21,
        "EBIT": 28,
        "Net Income": 13
    },
    "2016-09-30": {
        "Diluted EPS": 0.77,
        "Total Revenue": 154,
        "Gross Profit": 57,
        "Operating Income": 30,
        "EBIT": 37,
        "Net Income": 18
    },
    "2016-06-30": {
        "Diluted EPS": 0.76,
        "Total Revenue": 155,
        "Gross Profit": 57,
        "Operating Income": 29,
        "EBIT": 36,
        "Net Income": 18
    },
    "2016-03-31": {
        "Diluted EPS": 0.8,
        "Total Revenue": 162,
        "Gross Profit": 60,
        "Operating Income": 31,
        "EBIT": 38,
        "Net Income": 19
    },
    "2015-12-31": {
        "Diluted EPS": 0.73,
        "Total Revenue": 144,
        "Gross Profit": 54,
        "Operating Income": 27,
        "EBIT": 34,
        "Net Income": 17
    },
    "2015-09-30": {
        "Diluted EPS": 0.62,
        "Total Revenue": 149,
        "Gross Profit": 52,
        "Operating Income": 24,
        "EBIT": 31,
        "Net Income": 15
    },
    "2015-06-30": {
        "Diluted EPS": 0.57,
        "Total Revenue": 142,
        "Gross Profit": 53,
        "Operating Income": 22,
        "EBIT": 28,
        "Net Income": 13
    },
    "2015-03-31": {
        "Diluted EPS": 0.63,
        "Total Revenue": 113,
        "Gross Profit": 45,
        "Operating Income": 25,
        "EBIT": 29,
        "Net Income": 15
    },
    "2014-12-31": {
        "Diluted EPS": 0.6,
        "Total Revenue": 106,
        "Gross Profit": 42,
        "Operating Income": 21,
        "EBIT": 24,
        "Net Income": 14
    },
    "2014-09-30": {
        "Diluted EPS": 0.57,
        "Total Revenue": 113,
        "Gross Profit": 40,
        "Operating Income": 18,
        "EBIT": 22,
        "Net Income": 13
    },
    "2014-06-30": {
        "Diluted EPS": 0.69,
        "Total Revenue": 113,
        "Gross Profit": 44,
        "Operating Income": 24,
        "EBIT": 28,
        "Net Income": 16
    },
    "2014-03-31": {
        "Diluted EPS": 0.78,
        "Total Revenue": 114,
        "Gross Profit": 45,
        "Operating Income": 25,
        "EBIT": 29,
        "Net Income": 18
    },
    "2013-12-31": {
        "Diluted EPS": 0.55,
        "Total Revenue": 101,
        "Gross Profit": 38,
        "Operating Income": 20,
        "EBIT": 23,
        "Net Income": 13
    },
    "2013-09-30": {
        "Diluted EPS": 0.61,
        "Total Revenue": 102,
        "Gross Profit": 41,
        "Operating Income": 22,
        "EBIT": 25,
        "Net Income": 14
    },
    "2013-06-30": {
        "Diluted EPS": 0.65,
        "Total Revenue": 103,
        "Gross Profit": 40,
        "Operating Income": 22,
        "EBIT": 26,
        "Net Income": 15
    },
    "2013-03-31": {
        "Diluted EPS": 0.45,
        "Total Revenue": 103,
        "Gross Profit": 41,
        "Operating Income": 16,
        "EBIT": 19,
        "Net Income": 11
    },
    "2012-12-31": {
        "Diluted EPS": 0.53,
        "Total Revenue": 96,
        "Gross Profit": 36,
        "Operating Income": 19,
        "EBIT": 23,
        "Net Income": 12
    },
    "2012-09-30": {
        "Diluted EPS": 0.73,
        "Total Revenue": 100,
        "Gross Profit": 38,
        "Operating Income": 21,
        "EBIT": 25,
        "Net Income": 16
    },
    "2012-06-30": {
        "Diluted EPS": 0.76,
        "Total Revenue": 103,
        "Gross Profit": 38,
        "Operating Income": 22,
        "EBIT": 26,
        "Net Income": 17
    },
    "2012-03-31": {
        "Diluted EPS": 0.69,
        "Total Revenue": 111,
        "Gross Profit": 41,
        "Operating Income": 24,
        "EBIT": 28,
        "Net Income": 16
    },
    "2011-12-31": {
        "Diluted EPS": 0.54,
        "Total Revenue": 95,
        "Gross Profit": 34,
        "Operating Income": 18,
        "EBIT": 22,
        "Net Income": 12
    },
    "2011-09-30": {
        "Diluted EPS": 0.52,
        "Total Revenue": 98,
        "Gross Profit": 34,
        "Operating Income": 18,
        "EBIT": 22,
        "Net Income": 12
    },
    "2011-06-30": {
        "Diluted EPS": 0.48,
        "Total Revenue": 93,
        "Gross Profit": 32,
        "Operating Income": 17,
        "EBIT": 21,
        "Net Income": 11
    },
    "2011-03-31": {
        "Diluted EPS": 0.45,
        "Total Revenue": 89,
        "Gross Profit": 30,
        "Operating Income": 16,
        "EBIT": 19,
        "Net Income": 10
    },
    "2010-12-31": {
        "Diluted EPS": 0.33,
        "Total Revenue": 81,
        "Gross Profit": 26,
        "Operating Income": 12,
        "EBIT": 16,
        "Net Income": 7
    },
    "2010-09-30": {
        "Diluted EPS": 0.39,
        "Total Revenue": 83,
        "Gross Profit": 27,
        "Operating Income": 14,
        "EBIT": 17,
        "Net Income": 9
    },
    "2010-06-30": {
        "Diluted EPS": 0.41,
        "Total Revenue": 82,
        "Gross Profit": 26,
        "Operating Income": 14,
        "EBIT": 17,
        "Net Income": 9
    },
    "2010-03-31": {
        "Diluted EPS": 0.45,
        "Total Revenue": 80,
        "Gross Profit": 25,
        "Operating Income": 12,
        "EBIT": 14,
        "Net Income": 10
    },
    "2009-12-31": {
        "Diluted EPS": 0.24,
        "Total Revenue": 67,
        "Gross Profit": 20,
        "Operating Income": 8,
        "EBIT": 11,
        "Net Income": 5
    },
    "2009-09-30": {
        "Diluted EPS": 0.2,
        "Total Revenue": 64,
        "Gross Profit": 19,
        "Operating Income": 7,
        "EBIT": 10,
        "Net Income": 4
    },
    "2009-06-30": {
        "Diluted EPS": 0.23,
        "Total Revenue": 64,
        "Gross Profit": 20,
        "Operating Income": 8,
        "EBIT": 11,
        "Net Income": 5
    },
    "2009-03-31": {
        "Diluted EPS": 0.3,
        "Total Revenue": 84,
        "Gross Profit": 29,
        "Operating Income": 10,
        "EBIT": 13,
        "Net Income": 6
    },
    "2023-06-30": {
        "Tax Effect Of Unusual Items": NaN,
        "Tax Rate For Calcs": NaN,
        "Normalized EBITDA": NaN,
        "Net Income From Continuing Operation Net Minority Interest": NaN,
        "Reconciled Depreciation": NaN,
        "Reconciled Cost Of Revenue": NaN,
        "EBITDA": NaN,
        "EBIT": NaN,
        "Net Interest Income": NaN,
        "Interest Expense": NaN,
        "Normalized Income": NaN,
        "Net Income From Continuing And Discontinued Operation": NaN,
        "Total Expenses": NaN,
        "Total Operating Income As Reported": NaN,
        "Diluted Average Shares": 29114819.0,
        "Basic Average Shares": 28846874.0,
        "Diluted EPS": 0.00152,
        "Basic EPS": 0.00153,
        "Diluted NI Availto Com Stockholders": NaN,
        "Net Income Common Stockholders": NaN,
        "Preferred Stock Dividends": NaN,
        "Net Income": NaN,
        "Net Income Including Noncontrolling Interests": NaN,
        "Net Income Continuous Operations": NaN,
        "Tax Provision": NaN,
        "Pretax Income": NaN,
        "Other Income Expense": NaN,
        "Other Non Operating Income Expenses": NaN,
        "Net Non Operating Interest Income Expense": NaN,
        "Interest Expense Non Operating": NaN,
        "Operating Income": NaN,
        "Operating Expense": NaN,
        "Selling General And Administration": NaN,
        "Gross Profit": NaN,
        "Cost Of Revenue": NaN,
        "Total Revenue": NaN,
        "Operating Revenue": NaN
    },
    "2023-09-30": {
        "Tax Effect Of Unusual Items": 0.0,
        "Tax Rate For Calcs": 0.227,
        "Normalized EBITDA": 117000000.0,
        "Net Income From Continuing Operation Net Minority Interest": 51700000.0,
        "Reconciled Depreciation": 30000000.0,
        "Reconciled Cost Of Revenue": 219300000.0,
        "EBITDA": 117000000.0,
        "EBIT": 87000000.0,
        "Net Interest Income": -20100000.0,
        "Interest Expense": 20100000.0,
        "Normalized Income": 51700000.0,
        "Net Income From Continuing And Discontinued Operation": 51700000.0,
        "Total Expenses": 279800000.0,
        "Total Operating Income As Reported": 87800000.0,
        "Diluted Average Shares": 29138596.0,
        "Basic Average Shares": 28885411.0,
        "Diluted EPS": 1.58,
        "Basic EPS": 1.59,
        "Diluted NI Availto Com Stockholders": 45900000.0,
        "Net Income Common Stockholders": 45900000.0,
        "Preferred Stock Dividends": 5800000.0,
        "Net Income": 51700000.0,
        "Net Income Including Noncontrolling Interests": 51700000.0,
        "Net Income Continuous Operations": 51700000.0,
        "Tax Provision": 15200000.0,
        "Pretax Income": 66900000.0,
        "Other Income Expense": -18800000.0,
        "Other Non Operating Income Expenses": -18800000.0,
        "Net Non Operating Interest Income Expense": -20100000.0,
        "Interest Expense Non Operating": 20100000.0,
        "Operating Income": 105800000.0,
        "Operating Expense": 60500000.0,
        "Selling General And Administration": 60500000.0,
        "Gross Profit": 166300000.0,
        "Cost Of Revenue": 219300000.0,
        "Total Revenue": 385600000.0,
        "Operating Revenue": 385600000.0
    },
    "2023-12-31": {
        "Tax Effect Of Unusual Items": -17957.746479,
        "Tax Rate For Calcs": 0.179577,
        "Normalized EBITDA": 106100000.0,
        "Total Unusual Items": -100000.0,
        "Total Unusual Items Excluding Goodwill": -100000.0,
        "Net Income From Continuing Operation Net Minority Interest": 46600000.0,
        "Reconciled Depreciation": 29900000.0,
        "Reconciled Cost Of Revenue": 203700000.0,
        "EBITDA": 106000000.0,
        "EBIT": 76100000.0,
        "Net Interest Income": -19300000.0,
        "Interest Expense": 19300000.0,
        "Normalized Income": 46682042.253521,
        "Net Income From Continuing And Discontinued Operation": 46600000.0,
        "Total Expenses": 298600000.0,
        "Total Operating Income As Reported": 75200000.0,
        "Diluted Average Shares": 29204570.0,
        "Basic Average Shares": 28924073.0,
        "Diluted EPS": 1.39,
        "Basic EPS": 1.41,
        "Diluted NI Availto Com Stockholders": 40800000.0,
        "Net Income Common Stockholders": 40800000.0,
        "Preferred Stock Dividends": 5800000.0,
        "Net Income": 46600000.0,
        "Net Income Including Noncontrolling Interests": 46600000.0,
        "Net Income Continuous Operations": 46600000.0,
        "Tax Provision": 10200000.0,
        "Pretax Income": 56800000.0,
        "Other Income Expense": 800000.0,
        "Other Non Operating Income Expenses": 900000.0,
        "Special Income Charges": -100000.0,
        "Restructuring And Mergern Acquisition": 100000.0,
        "Net Non Operating Interest Income Expense": -19300000.0,
        "Interest Expense Non Operating": 19300000.0,
        "Operating Income": 75300000.0,
        "Operating Expense": 82700000.0,
        "Other Operating Expenses": 1100000.0,
        "Depreciation Amortization Depletion Income Statement": 17700000.0,
        "Depreciation And Amortization In Income Statement": 17700000.0,
        "Amortization": 17700000.0,
        "Amortization Of Intangibles Income Statement": 17700000.0,
        "Selling General And Administration": 63900000.0,
        "Gross Profit": 158000000.0,
        "Cost Of Revenue": 215900000.0,
        "Total Revenue": 373900000.0,
        "Operating Revenue": 373900000.0
    },
    "2024-03-31": {
        "Tax Effect Of Unusual Items": 0.0,
        "Tax Rate For Calcs": 0.168691,
        "Normalized EBITDA": 122600000.0,
        "Total Unusual Items": NaN,
        "Total Unusual Items Excluding Goodwill": NaN,
        "Net Income From Continuing Operation Net Minority Interest": 61600000.0,
        "Reconciled Depreciation": 29700000.0,
        "Reconciled Cost Of Revenue": 235400000.0,
        "EBITDA": 122600000.0,
        "EBIT": 92900000.0,
        "Net Interest Income": -18800000.0,
        "Interest Expense": 18800000.0,
        "Normalized Income": 61600000.0,
        "Net Income From Continuing And Discontinued Operation": 61600000.0,
        "Total Expenses": 370400000.0,
        "Total Operating Income As Reported": 94200000.0,
        "Diluted Average Shares": 29285853.0,
        "Basic Average Shares": 29011673.0,
        "Diluted EPS": 1.91,
        "Basic EPS": 1.93,
        "Diluted NI Availto Com Stockholders": 55900000.0,
        "Net Income Common Stockholders": 55900000.0,
        "Preferred Stock Dividends": 5700000.0,
        "Net Income": 61600000.0,
        "Net Income Including Noncontrolling Interests": 61600000.0,
        "Net Income Continuous Operations": 61600000.0,
        "Tax Provision": 12500000.0,
        "Pretax Income": 74100000.0,
        "Other Income Expense": 49600000.0,
        "Other Non Operating Income Expenses": 53200000.0,
        "Special Income Charges": NaN,
        "Restructuring And Mergern Acquisition": NaN,
        "Net Non Operating Interest Income Expense": -18800000.0,
        "Interest Expense Non Operating": 18800000.0,
        "Operating Income": 43300000.0,
        "Operating Expense": 135000000.0,
        "Other Operating Expenses": NaN,
        "Depreciation Amortization Depletion Income Statement": NaN,
        "Depreciation And Amortization In Income Statement": NaN,
        "Amortization": NaN,
        "Amortization Of Intangibles Income Statement": NaN,
        "Selling General And Administration": 64400000.0,
        "Gross Profit": 178300000.0,
        "Cost Of Revenue": 235400000.0,
        "Total Revenue": 413700000.0,
        "Operating Revenue": 413700000.0
    },
    "2024-06-30": {
        "Tax Effect Of Unusual Items": 0.0,
        "Tax Rate For Calcs": 0.231,
        "Normalized EBITDA": 127100000.0,
        "Total Unusual Items": NaN,
        "Total Unusual Items Excluding Goodwill": NaN,
        "Net Income From Continuing Operation Net Minority Interest": 61400000.0,
        "Reconciled Depreciation": 30000000.0,
        "Reconciled Cost Of Revenue": 222300000.0,
        "EBITDA": 127100000.0,
        "EBIT": 97100000.0,
        "Net Interest Income": -17200000.0,
        "Interest Expense": 17200000.0,
        "Normalized Income": 61400000.0,
        "Net Income From Continuing And Discontinued Operation": 61400000.0,
        "Total Expenses": 289900000.0,
        "Total Operating Income As Reported": 97500000.0,
        "Diluted Average Shares": 29294998.0,
        "Basic Average Shares": 29054820.0,
        "Diluted EPS": 1.9,
        "Basic EPS": 1.92,
        "Diluted NI Availto Com Stockholders": 55700000.0,
        "Net Income Common Stockholders": 55700000.0,
        "Preferred Stock Dividends": 5700000.0,
        "Net Income": 61400000.0,
        "Net Income Including Noncontrolling Interests": 61400000.0,
        "Net Income Continuous Operations": 61400000.0,
        "Tax Provision": 18500000.0,
        "Pretax Income": 79900000.0,
        "Other Income Expense": -19300000.0,
        "Other Non Operating Income Expenses": -19300000.0,
        "Special Income Charges": NaN,
        "Restructuring And Mergern Acquisition": NaN,
        "Net Non Operating Interest Income Expense": -17200000.0,
        "Interest Expense Non Operating": 17200000.0,
        "Operating Income": 116400000.0,
        "Operating Expense": 67600000.0,
        "Other Operating Expenses": NaN,
        "Depreciation Amortization Depletion Income Statement": NaN,
        "Depreciation And Amortization In Income Statement": NaN,
        "Amortization": NaN,
        "Amortization Of Intangibles Income Statement": NaN,
        "Selling General And Administration": 67600000.0,
        "Gross Profit": 184000000.0,
        "Cost Of Revenue": 222300000.0,
        "Total Revenue": 406300000.0,
        "Operating Revenue": 406300000.0
    },
    "2024-09-30": {
        "Tax Effect Of Unusual Items": 0.0,
        "Tax Rate For Calcs": 0.219,
        "Normalized EBITDA": 115200000.0,
        "Total Unusual Items": NaN,
        "Total Unusual Items Excluding Goodwill": NaN,
        "Net Income From Continuing Operation Net Minority Interest": 54200000.0,
        "Reconciled Depreciation": 30200000.0,
        "Reconciled Cost Of Revenue": 224100000.0,
        "EBITDA": 115200000.0,
        "EBIT": 85000000.0,
        "Net Interest Income": -15600000.0,
        "Interest Expense": 15600000.0,
        "Normalized Income": 54200000.0,
        "Net Income From Continuing And Discontinued Operation": 54200000.0,
        "Total Expenses": 293600000.0,
        "Total Operating Income As Reported": 86100000.0,
        "Diluted Average Shares": 29336466.0,
        "Basic Average Shares": 29124564.0,
        "Diluted EPS": 1.65,
        "Basic EPS": 1.67,
        "Diluted NI Availto Com Stockholders": 48500000.0,
        "Net Income Common Stockholders": 48500000.0,
        "Preferred Stock Dividends": 5700000.0,
        "Net Income": 54200000.0,
        "Net Income Including Noncontrolling Interests": 54200000.0,
        "Net Income Continuous Operations": 54200000.0,
        "Tax Provision": 15200000.0,
        "Pretax Income": 69400000.0,
        "Other Income Expense": -19300000.0,
        "Other Non Operating Income Expenses": -19300000.0,
        "Special Income Charges": NaN,
        "Restructuring And Mergern Acquisition": NaN,
        "Net Non Operating Interest Income Expense": -15600000.0,
        "Interest Expense Non Operating": 15600000.0,
        "Operating Income": 104300000.0,
        "Operating Expense": 69500000.0,
        "Other Operating Expenses": NaN,
        "Depreciation Amortization Depletion Income Statement": NaN,
        "Depreciation And Amortization In Income Statement": NaN,
        "Amortization": NaN,
        "Amortization Of Intangibles Income Statement": NaN,
        "Selling General And Administration": 69500000.0,
        "Gross Profit": 173800000.0,
        "Cost Of Revenue": 224100000.0,
        "Total Revenue": 397900000.0,
        "Operating Revenue": 397900000.0
    },
    "2024-12-31": {
        "Tax Effect Of Unusual Items": 0.0,
        "Tax Rate For Calcs": 0.2249,
        "Normalized EBITDA": 118600000.0,
        "Total Unusual Items": NaN,
        "Total Unusual Items Excluding Goodwill": NaN,
        "Net Income From Continuing Operation Net Minority Interest": 57900000.0,
        "Reconciled Depreciation": 29700000.0,
        "Reconciled Cost Of Revenue": 207700000.0,
        "EBITDA": 118600000.0,
        "EBIT": 88900000.0,
        "Net Interest Income": -14200000.0,
        "Interest Expense": 14200000.0,
        "Normalized Income": 57900000.0,
        "Net Income From Continuing And Discontinued Operation": 57900000.0,
        "Total Expenses": 308800000.0,
        "Total Operating Income As Reported": 85600000.0,
        "Diluted Average Shares": 31222623.0,
        "Basic Average Shares": 31041126.0,
        "Diluted EPS": 1.82,
        "Basic EPS": 1.83,
        "Diluted NI Availto Com Stockholders": 56900000.0,
        "Net Income Common Stockholders": 56900000.0,
        "Preferred Stock Dividends": 1000000.0,
        "Net Income": 57900000.0,
        "Net Income Including Noncontrolling Interests": 57900000.0,
        "Net Income Continuous Operations": 57900000.0,
        "Tax Provision": 16800000.0,
        "Pretax Income": 74700000.0,
        "Other Income Expense": 3300000.0,
        "Other Non Operating Income Expenses": 3300000.0,
        "Special Income Charges": NaN,
        "Restructuring And Mergern Acquisition": NaN,
        "Net Non Operating Interest Income Expense": -14200000.0,
        "Interest Expense Non Operating": 14200000.0,
        "Operating Income": 85600000.0,
        "Operating Expense": 89300000.0,
        "Other Operating Expenses": 1300000.0,
        "Depreciation Amortization Depletion Income Statement": 17900000.0,
        "Depreciation And Amortization In Income Statement": 17900000.0,
        "Amortization": 17900000.0,
        "Amortization Of Intangibles Income Statement": 17900000.0,
        "Selling General And Administration": 70100000.0,
        "Gross Profit": 174900000.0,
        "Cost Of Revenue": 219500000.0,
        "Total Revenue": 394400000.0,
        "Operating Revenue": 394400000.0
    }
}