{
    "2023-06-30": {
        "Tax Effect Of Unusual Items": 4069.8,
        "Tax Rate For Calcs": 0.2142,
        "Total Unusual Items": 19000.0,
        "Total Unusual Items Excluding Goodwill": 19000.0,
        "Net Income From Continuing Operation Net Minority Interest": 1431000.0,
        "Reconciled Depreciation": 358000.0,
        "Net Interest Income": 9300000.0,
        "Interest Expense": 5639000.0,
        "Interest Income": 14939000.0,
        "Normalized Income": 1416069.8,
        "Net Income From Continuing And Discontinued Operation": 1431000.0,
        "Diluted Average Shares": 10882837.0,
        "Basic Average Shares": 10823598.0,
        "Diluted EPS": 0.13,
        "Basic EPS": 0.13,
        "Diluted NI Availto Com Stockholders": 1431000.0,
        "Net Income Common Stockholders": 1431000.0,
        "Net Income": 1431000.0,
        "Net Income Including Noncontrolling Interests": 1431000.0,
        "Net Income Continuous Operations": 1431000.0,
        "Tax Provision": 390000.0,
        "Pretax Income": 1821000.0,
        "Special Income Charges": 19000.0,
        "Other Special Charges": -19000.0,
        "Gain On Sale Of Security": 0.0,
        "Depreciation Amortization Depletion Income Statement": 21000.0,
        "Depreciation And Amortization In Income Statement": 21000.0,
        "Amortization": 21000.0,
        "Amortization Of Intangibles Income Statement": 21000.0,
        "Selling General And Administration": 5449000.0,
        "Selling And Marketing Expense": 143000.0,
        "General And Administrative Expense": 5306000.0,
        "Other Gand A": NaN,
        "Insurance And Claims": 354000.0,
        "Salaries And Wages": 4952000.0,
        "Total Revenue": 10639000.0,
        "Operating Revenue": 10639000.0,
        "Occupancy And Equipment": 1087000.0,
        "Professional Expense And Contract Services Expense": 616000.0,
        "Other Non Interest Expense": 2116000.0
    },
    "2023-03-31": {
        "Tax Effect Of Unusual Items": NaN,
        "Tax Rate For Calcs": NaN,
        "Total Unusual Items": NaN,
        "Total Unusual Items Excluding Goodwill": NaN,
        "Net Income From Continuing Operation Net Minority Interest": NaN,
        "Reconciled Depreciation": NaN,
        "Net Interest Income": NaN,
        "Interest Expense": NaN,
        "Interest Income": NaN,
        "Normalized Income": NaN,
        "Net Income From Continuing And Discontinued Operation": NaN,
        "Diluted Average Shares": NaN,
        "Basic Average Shares": NaN,
        "Diluted EPS": NaN,
        "Basic EPS": NaN,
        "Diluted NI Availto Com Stockholders": NaN,
        "Net Income Common Stockholders": NaN,
        "Net Income": NaN,
        "Net Income Including Noncontrolling Interests": NaN,
        "Net Income Continuous Operations": NaN,
        "Tax Provision": NaN,
        "Pretax Income": NaN,
        "Special Income Charges": NaN,
        "Other Special Charges": -17000.0,
        "Gain On Sale Of Security": NaN,
        "Depreciation Amortization Depletion Income Statement": NaN,
        "Depreciation And Amortization In Income Statement": NaN,
        "Amortization": NaN,
        "Amortization Of Intangibles Income Statement": NaN,
        "Selling General And Administration": NaN,
        "Selling And Marketing Expense": NaN,
        "General And Administrative Expense": NaN,
        "Other Gand A": NaN,
        "Insurance And Claims": NaN,
        "Salaries And Wages": NaN,
        "Total Revenue": NaN,
        "Operating Revenue": NaN,
        "Occupancy And Equipment": NaN,
        "Professional Expense And Contract Services Expense": NaN,
        "Other Non Interest Expense": NaN
    },
    "2022-12-31": {
        "Tax Effect Of Unusual Items": NaN,
        "Tax Rate For Calcs": NaN,
        "Total Unusual Items": NaN,
        "Total Unusual Items Excluding Goodwill": NaN,
        "Net Income From Continuing Operation Net Minority Interest": NaN,
        "Reconciled Depreciation": NaN,
        "Net Interest Income": NaN,
        "Interest Expense": NaN,
        "Interest Income": NaN,
        "Normalized Income": NaN,
        "Net Income From Continuing And Discontinued Operation": NaN,
        "Diluted Average Shares": NaN,
        "Basic Average Shares": NaN,
        "Diluted EPS": NaN,
        "Basic EPS": NaN,
        "Diluted NI Availto Com Stockholders": NaN,
        "Net Income Common Stockholders": NaN,
        "Net Income": NaN,
        "Net Income Including Noncontrolling Interests": NaN,
        "Net Income Continuous Operations": NaN,
        "Tax Provision": NaN,
        "Pretax Income": NaN,
        "Special Income Charges": NaN,
        "Other Special Charges": NaN,
        "Gain On Sale Of Security": 0.0,
        "Depreciation Amortization Depletion Income Statement": NaN,
        "Depreciation And Amortization In Income Statement": NaN,
        "Amortization": NaN,
        "Amortization Of Intangibles Income Statement": NaN,
        "Selling General And Administration": NaN,
        "Selling And Marketing Expense": NaN,
        "General And Administrative Expense": NaN,
        "Other Gand A": 461000.0,
        "Insurance And Claims": NaN,
        "Salaries And Wages": NaN,
        "Total Revenue": NaN,
        "Operating Revenue": NaN,
        "Occupancy And Equipment": NaN,
        "Professional Expense And Contract Services Expense": NaN,
        "Other Non Interest Expense": NaN
    },
    "2022-09-30": {
        "Tax Effect Of Unusual Items": NaN,
        "Tax Rate For Calcs": NaN,
        "Total Unusual Items": NaN,
        "Total Unusual Items Excluding Goodwill": NaN,
        "Net Income From Continuing Operation Net Minority Interest": NaN,
        "Reconciled Depreciation": NaN,
        "Net Interest Income": NaN,
        "Interest Expense": NaN,
        "Interest Income": NaN,
        "Normalized Income": NaN,
        "Net Income From Continuing And Discontinued Operation": NaN,
        "Diluted Average Shares": NaN,
        "Basic Average Shares": NaN,
        "Diluted EPS": NaN,
        "Basic EPS": NaN,
        "Diluted NI Availto Com Stockholders": NaN,
        "Net Income Common Stockholders": NaN,
        "Net Income": NaN,
        "Net Income Including Noncontrolling Interests": NaN,
        "Net Income Continuous Operations": NaN,
        "Tax Provision": NaN,
        "Pretax Income": NaN,
        "Special Income Charges": NaN,
        "Other Special Charges": NaN,
        "Gain On Sale Of Security": -8000.0,
        "Depreciation Amortization Depletion Income Statement": NaN,
        "Depreciation And Amortization In Income Statement": NaN,
        "Amortization": NaN,
        "Amortization Of Intangibles Income Statement": NaN,
        "Selling General And Administration": NaN,
        "Selling And Marketing Expense": NaN,
        "General And Administrative Expense": NaN,
        "Other Gand A": 479000.0,
        "Insurance And Claims": NaN,
        "Salaries And Wages": NaN,
        "Total Revenue": NaN,
        "Operating Revenue": NaN
    },
    "2022-06-30": {
        "Tax Effect Of Unusual Items": 0.0,
        "Tax Rate For Calcs": 0.200866,
        "Total Unusual Items": 0.0,
        "Total Unusual Items Excluding Goodwill": 0.0,
        "Net Income From Continuing Operation Net Minority Interest": 2029000.0,
        "Reconciled Depreciation": 24000.0,
        "Net Interest Income": 10867000.0,
        "Interest Expense": 872000.0,
        "Interest Income": 11739000.0,
        "Normalized Income": 2029000.0,
        "Net Income From Continuing And Discontinued Operation": 2029000.0,
        "Diluted Average Shares": 10992428.0,
        "Basic Average Shares": 10820802.0,
        "Diluted EPS": 0.18,
        "Basic EPS": 0.19,
        "Diluted NI Availto Com Stockholders": 2029000.0,
        "Net Income Common Stockholders": 2029000.0,
        "Net Income": 2029000.0,
        "Net Income Including Noncontrolling Interests": 2029000.0,
        "Net Income Continuous Operations": 2029000.0,
        "Tax Provision": 510000.0,
        "Pretax Income": 2539000.0,
        "Special Income Charges": 0.0,
        "Other Special Charges": NaN,
        "Gain On Sale Of Security": -162000.0,
        "Depreciation Amortization Depletion Income Statement": 24000.0,
        "Depreciation And Amortization In Income Statement": 24000.0,
        "Amortization": 24000.0,
        "Amortization Of Intangibles Income Statement": 24000.0,
        "Selling General And Administration": 6368000.0,
        "Selling And Marketing Expense": 201000.0,
        "General And Administrative Expense": 6167000.0,
        "Other Gand A": 456000.0,
        "Insurance And Claims": 194000.0,
        "Salaries And Wages": 5517000.0,
        "Total Revenue": 12370000.0,
        "Operating Revenue": 12370000.0
    },
    "2022-03-31": {
        "Diluted EPS": 0.19,
        "Total Revenue": 13,
        "Gross Profit": 12,
        "Operating Income": 2,
        "EBIT": NaN,
        "Net Income": 2
    },
    "2021-12-31": {
        "Diluted EPS": 0.27,
        "Total Revenue": 13,
        "Gross Profit": 12,
        "Operating Income": 4,
        "EBIT": NaN,
        "Net Income": 3
    },
    "2021-09-30": {
        "Diluted EPS": 0.25,
        "Total Revenue": 13,
        "Gross Profit": 12,
        "Operating Income": 4,
        "EBIT": NaN,
        "Net Income": 3
    },
    "2021-06-30": {
        "Diluted EPS": 0.23,
        "Total Revenue": 12,
        "Gross Profit": 11,
        "Operating Income": 3,
        "EBIT": NaN,
        "Net Income": 3
    },
    "2021-03-31": {
        "Diluted EPS": 0.31,
        "Total Revenue": 13,
        "Gross Profit": 12,
        "Operating Income": 4,
        "EBIT": NaN,
        "Net Income": 3
    },
    "2020-12-31": {
        "Diluted EPS": 0.22,
        "Total Revenue": 14,
        "Gross Profit": 13,
        "Operating Income": 3,
        "EBIT": NaN,
        "Net Income": 2
    },
    "2020-09-30": {
        "Diluted EPS": 0.1,
        "Total Revenue": 13,
        "Gross Profit": 11,
        "Operating Income": 1,
        "EBIT": NaN,
        "Net Income": 1
    },
    "2020-06-30": {
        "Diluted EPS": 0.13,
        "Total Revenue": 13,
        "Gross Profit": 11,
        "Operating Income": 2,
        "EBIT": NaN,
        "Net Income": 1
    },
    "2020-03-31": {
        "Diluted EPS": 0.1,
        "Total Revenue": 12,
        "Gross Profit": 10,
        "Operating Income": 1,
        "EBIT": NaN,
        "Net Income": 1
    },
    "2019-12-31": {
        "Diluted EPS": 0.16,
        "Total Revenue": 12,
        "Gross Profit": 10,
        "Operating Income": 2,
        "EBIT": NaN,
        "Net Income": 2
    },
    "2019-09-30": {
        "Diluted EPS": 0.2,
        "Total Revenue": 12,
        "Gross Profit": 10,
        "Operating Income": 3,
        "EBIT": NaN,
        "Net Income": 2
    },
    "2019-06-30": {
        "Diluted EPS": 0.11,
        "Total Revenue": 12,
        "Gross Profit": 9,
        "Operating Income": 2,
        "EBIT": NaN,
        "Net Income": 1
    },
    "2019-03-31": {
        "Diluted EPS": 0.09,
        "Total Revenue": 11,
        "Gross Profit": 9,
        "Operating Income": 1,
        "EBIT": NaN,
        "Net Income": 1
    },
    "2018-12-31": {
        "Diluted EPS": 0.0,
        "Total Revenue": 11,
        "Gross Profit": 9,
        "Operating Income": 0,
        "EBIT": NaN,
        "Net Income": 1
    },
    "2018-09-30": {
        "Diluted EPS": 0.0,
        "Total Revenue": 11,
        "Gross Profit": 9,
        "Operating Income": 2,
        "EBIT": NaN,
        "Net Income": 2
    },
    "2018-06-30": {
        "Diluted EPS": 0.0,
        "Total Revenue": 9,
        "Gross Profit": 8,
        "Operating Income": 1,
        "EBIT": NaN,
        "Net Income": 1
    },
    "2018-03-31": {
        "Diluted EPS": 0.0,
        "Total Revenue": 9,
        "Gross Profit": 8,
        "Operating Income": 1,
        "EBIT": NaN,
        "Net Income": 1
    },
    "2017-12-31": {
        "Diluted EPS": 0.0,
        "Total Revenue": NaN,
        "Gross Profit": NaN,
        "Operating Income": NaN,
        "EBIT": NaN,
        "Net Income": NaN
    },
    "2023-09-30": {
        "Tax Effect Of Unusual Items": 0.0,
        "Tax Rate For Calcs": 0.2172,
        "Total Unusual Items": 0.0,
        "Total Unusual Items Excluding Goodwill": 0.0,
        "Net Income From Continuing Operation Net Minority Interest": 1236000.0,
        "Reconciled Depreciation": 402000.0,
        "Net Interest Income": 9658000.0,
        "Interest Expense": 5876000.0,
        "Interest Income": 15534000.0,
        "Normalized Income": 1236000.0,
        "Net Income From Continuing And Discontinued Operation": 1236000.0,
        "Diluted Average Shares": 10760118.0,
        "Basic Average Shares": 10710607.0,
        "Diluted EPS": 0.11,
        "Basic EPS": 0.12,
        "Diluted NI Availto Com Stockholders": 1236000.0,
        "Net Income Common Stockholders": 1236000.0,
        "Net Income": 1236000.0,
        "Net Income Including Noncontrolling Interests": 1236000.0,
        "Net Income Continuous Operations": 1236000.0,
        "Tax Provision": 343000.0,
        "Pretax Income": 1579000.0,
        "Special Income Charges": 0.0,
        "Other Special Charges": NaN,
        "Gain On Sale Of Security": 0.0,
        "Depreciation Amortization Depletion Income Statement": 22000.0,
        "Depreciation And Amortization In Income Statement": 22000.0,
        "Amortization": 22000.0,
        "Amortization Of Intangibles Income Statement": 22000.0,
        "Selling General And Administration": 5092000.0,
        "Selling And Marketing Expense": 131000.0,
        "General And Administrative Expense": 4961000.0,
        "Other Gand A": NaN,
        "Insurance And Claims": 288000.0,
        "Salaries And Wages": 4673000.0,
        "Total Revenue": 11304000.0,
        "Operating Revenue": 11304000.0,
        "Occupancy And Equipment": 1049000.0,
        "Professional Expense And Contract Services Expense": 490000.0,
        "Other Non Interest Expense": 2162000.0
    },
    "2023-12-31": {
        "Tax Effect Of Unusual Items": -79987.405542,
        "Tax Rate For Calcs": 0.219144,
        "Total Unusual Items": -365000.0,
        "Total Unusual Items Excluding Goodwill": -365000.0,
        "Net Income From Continuing Operation Net Minority Interest": 930000.0,
        "Reconciled Depreciation": 350000.0,
        "Net Interest Income": 9143000.0,
        "Interest Expense": 6441000.0,
        "Interest Income": 15584000.0,
        "Normalized Income": 1215012.594458,
        "Net Income From Continuing And Discontinued Operation": 930000.0,
        "Diluted Average Shares": 10746119.0,
        "Basic Average Shares": 10742550.0,
        "Diluted EPS": 0.09,
        "Basic EPS": 0.09,
        "Diluted NI Availto Com Stockholders": 930000.0,
        "Net Income Common Stockholders": 930000.0,
        "Net Income": 930000.0,
        "Net Income Including Noncontrolling Interests": 930000.0,
        "Net Income Continuous Operations": 930000.0,
        "Tax Provision": 261000.0,
        "Pretax Income": 1191000.0,
        "Special Income Charges": -365000.0,
        "Other Special Charges": -10000.0,
        "Gain On Sale Of Security": 0.0,
        "Depreciation Amortization Depletion Income Statement": 21000.0,
        "Depreciation And Amortization In Income Statement": 21000.0,
        "Amortization": 21000.0,
        "Amortization Of Intangibles Income Statement": 21000.0,
        "Selling General And Administration": 5079000.0,
        "Selling And Marketing Expense": 177000.0,
        "General And Administrative Expense": 4902000.0,
        "Other Gand A": NaN,
        "Insurance And Claims": 308000.0,
        "Salaries And Wages": 4594000.0,
        "Total Revenue": 10533000.0,
        "Operating Revenue": 10533000.0,
        "Occupancy And Equipment": 1041000.0,
        "Professional Expense And Contract Services Expense": 447000.0,
        "Other Non Interest Expense": 2159000.0
    },
    "2024-03-31": {
        "Tax Effect Of Unusual Items": -3116.4,
        "Tax Rate For Calcs": 0.2226,
        "Total Unusual Items": -14000.0,
        "Total Unusual Items Excluding Goodwill": -14000.0,
        "Net Income From Continuing Operation Net Minority Interest": 1121000.0,
        "Reconciled Depreciation": 365000.0,
        "Net Interest Income": 8896000.0,
        "Interest Expense": 6739000.0,
        "Interest Income": 15635000.0,
        "Normalized Income": 1131883.6,
        "Net Income From Continuing And Discontinued Operation": 1121000.0,
        "Diluted Average Shares": 10844287.0,
        "Basic Average Shares": 10748006.0,
        "Diluted EPS": 0.1,
        "Basic EPS": 0.1,
        "Diluted NI Availto Com Stockholders": 1121000.0,
        "Net Income Common Stockholders": 1121000.0,
        "Net Income": 1121000.0,
        "Net Income Including Noncontrolling Interests": 1121000.0,
        "Net Income Continuous Operations": 1121000.0,
        "Tax Provision": 321000.0,
        "Pretax Income": 1442000.0,
        "Special Income Charges": -18000.0,
        "Other Special Charges": 18000.0,
        "Gain On Sale Of Security": NaN,
        "Depreciation Amortization Depletion Income Statement": 21000.0,
        "Depreciation And Amortization In Income Statement": 21000.0,
        "Amortization": 21000.0,
        "Amortization Of Intangibles Income Statement": 21000.0,
        "Selling General And Administration": 5366000.0,
        "Selling And Marketing Expense": 121000.0,
        "General And Administrative Expense": 5245000.0,
        "Other Gand A": NaN,
        "Insurance And Claims": 253000.0,
        "Salaries And Wages": 4992000.0,
        "Total Revenue": 10420000.0,
        "Operating Revenue": 10420000.0,
        "Occupancy And Equipment": 1053000.0,
        "Professional Expense And Contract Services Expense": 414000.0,
        "Other Non Interest Expense": 2023000.0
    },
    "2024-06-30": {
        "Tax Effect Of Unusual Items": 0.0,
        "Tax Rate For Calcs": 0.2243,
        "Total Unusual Items": 0.0,
        "Total Unusual Items Excluding Goodwill": 0.0,
        "Net Income From Continuing Operation Net Minority Interest": 975000.0,
        "Reconciled Depreciation": 361000.0,
        "Net Interest Income": 9137000.0,
        "Interest Expense": 6639000.0,
        "Interest Income": 15776000.0,
        "Normalized Income": 975000.0,
        "Net Income From Continuing And Discontinued Operation": 975000.0,
        "Diluted Average Shares": 10819751.0,
        "Basic Average Shares": 10753460.0,
        "Diluted EPS": 0.09,
        "Basic EPS": 0.09,
        "Diluted NI Availto Com Stockholders": 975000.0,
        "Net Income Common Stockholders": 975000.0,
        "Net Income": 975000.0,
        "Net Income Including Noncontrolling Interests": 975000.0,
        "Net Income Continuous Operations": 975000.0,
        "Tax Provision": 282000.0,
        "Pretax Income": 1257000.0,
        "Special Income Charges": 0.0,
        "Other Special Charges": NaN,
        "Gain On Sale Of Security": NaN,
        "Depreciation Amortization Depletion Income Statement": 20000.0,
        "Depreciation And Amortization In Income Statement": 20000.0,
        "Amortization": 20000.0,
        "Amortization Of Intangibles Income Statement": 20000.0,
        "Selling General And Administration": 5288000.0,
        "Selling And Marketing Expense": 115000.0,
        "General And Administrative Expense": 5173000.0,
        "Other Gand A": NaN,
        "Insurance And Claims": 261000.0,
        "Salaries And Wages": 4912000.0,
        "Total Revenue": 10651000.0,
        "Operating Revenue": 10651000.0,
        "Occupancy And Equipment": 1062000.0,
        "Professional Expense And Contract Services Expense": 458000.0,
        "Other Non Interest Expense": 2119000.0
    }
}