{
    "2023-03-31": {
        "Tax Effect Of Unusual Items": 0.0,
        "Tax Rate For Calcs": 0.218075,
        "Normalized EBITDA": 4155000.0,
        "Net Income From Continuing Operation Net Minority Interest": -398000.0,
        "Reconciled Depreciation": 2812000.0,
        "Reconciled Cost Of Revenue": 66686000.0,
        "EBITDA": 4155000.0,
        "EBIT": 4155000.0,
        "Net Interest Income": -4664000.0,
        "Interest Expense": 4664000.0,
        "Normalized Income": -398000.0,
        "Net Income From Continuing And Discontinued Operation": -398000.0,
        "Total Expenses": 106290000.0,
        "Total Operating Income As Reported": 4155000.0,
        "Diluted Average Shares": 7346000.0,
        "Basic Average Shares": 7346000.0,
        "Diluted EPS": -0.05,
        "Basic EPS": -0.05,
        "Diluted NI Availto Com Stockholders": -398000.0,
        "Net Income Common Stockholders": -398000.0,
        "Net Income": -398000.0,
        "Net Income Including Noncontrolling Interests": -398000.0,
        "Net Income Continuous Operations": -398000.0,
        "Tax Provision": -111000.0,
        "Pretax Income": -509000.0,
        "Net Non Operating Interest Income Expense": -4664000.0,
        "Interest Expense Non Operating": 4664000.0,
        "Operating Income": 4155000.0,
        "Operating Expense": 39604000.0,
        "Other Operating Expenses": 39604000.0,
        "Gross Profit": 43759000.0,
        "Cost Of Revenue": 66686000.0,
        "Total Revenue": 110445000.0,
        "Operating Revenue": 110445000.0
    },
    "2022-12-31": {
        "Tax Effect Of Unusual Items": 0.0,
        "Tax Rate For Calcs": 0.160546,
        "Normalized EBITDA": 13620000.0,
        "Net Income From Continuing Operation Net Minority Interest": 6515000.0,
        "Reconciled Depreciation": 3561000.0,
        "Reconciled Cost Of Revenue": 82214000.0,
        "EBITDA": 13620000.0,
        "EBIT": 13620000.0,
        "Net Interest Income": -5859000.0,
        "Interest Expense": 5859000.0,
        "Normalized Income": 6515000.0,
        "Net Income From Continuing And Discontinued Operation": 6515000.0,
        "Total Expenses": 125306000.0,
        "Total Operating Income As Reported": 13620000.0,
        "Diluted Average Shares": 7330000.0,
        "Basic Average Shares": 7329000.0,
        "Diluted EPS": 0.89,
        "Basic EPS": 0.89,
        "Diluted NI Availto Com Stockholders": 6515000.0,
        "Net Income Common Stockholders": 6515000.0,
        "Net Income": 6515000.0,
        "Net Income Including Noncontrolling Interests": 6515000.0,
        "Net Income Continuous Operations": 6515000.0,
        "Tax Provision": 1246000.0,
        "Pretax Income": 7761000.0,
        "Net Non Operating Interest Income Expense": -5859000.0,
        "Interest Expense Non Operating": 5859000.0,
        "Operating Income": 13620000.0,
        "Operating Expense": 43092000.0,
        "Other Operating Expenses": 43092000.0,
        "Gross Profit": 56712000.0,
        "Cost Of Revenue": 82214000.0,
        "Total Revenue": 138926000.0,
        "Operating Revenue": 138926000.0
    },
    "2022-09-30": {
        "Tax Effect Of Unusual Items": 0.0,
        "Tax Rate For Calcs": 0.235492,
        "Normalized EBITDA": 11625000.0,
        "Net Income From Continuing Operation Net Minority Interest": 5691000.0,
        "Reconciled Depreciation": 2912000.0,
        "Reconciled Cost Of Revenue": 95556000.0,
        "EBITDA": 11625000.0,
        "EBIT": 11625000.0,
        "Net Interest Income": -4181000.0,
        "Interest Expense": 4181000.0,
        "Normalized Income": 5691000.0,
        "Net Income From Continuing And Discontinued Operation": 5691000.0,
        "Total Expenses": 135861000.0,
        "Total Operating Income As Reported": 11625000.0,
        "Diluted Average Shares": 7349000.0,
        "Basic Average Shares": 7319000.0,
        "Diluted EPS": 0.77,
        "Basic EPS": 0.78,
        "Diluted NI Availto Com Stockholders": 5691000.0,
        "Net Income Common Stockholders": 5691000.0,
        "Net Income": 5691000.0,
        "Net Income Including Noncontrolling Interests": 5691000.0,
        "Net Income Continuous Operations": 5691000.0,
        "Tax Provision": 1753000.0,
        "Pretax Income": 7444000.0,
        "Net Non Operating Interest Income Expense": -4181000.0,
        "Interest Expense Non Operating": 4181000.0,
        "Operating Income": 11625000.0,
        "Operating Expense": 40305000.0,
        "Other Operating Expenses": 40305000.0,
        "Gross Profit": 51930000.0,
        "Cost Of Revenue": 95556000.0,
        "Total Revenue": 147486000.0,
        "Operating Revenue": 147486000.0
    },
    "2022-06-30": {
        "Tax Effect Of Unusual Items": 0.0,
        "Tax Rate For Calcs": 0.277298,
        "Normalized EBITDA": 5596000.0,
        "Net Income From Continuing Operation Net Minority Interest": 920000.0,
        "Reconciled Depreciation": 2823000.0,
        "Reconciled Cost Of Revenue": 108288000.0,
        "EBITDA": 5596000.0,
        "EBIT": 5596000.0,
        "Net Interest Income": -4323000.0,
        "Interest Expense": 4323000.0,
        "Normalized Income": 920000.0,
        "Net Income From Continuing And Discontinued Operation": 920000.0,
        "Total Expenses": 156443000.0,
        "Total Operating Income As Reported": 5596000.0,
        "Diluted Average Shares": 7389000.0,
        "Basic Average Shares": 7313000.0,
        "Diluted EPS": 0.12,
        "Basic EPS": 0.13,
        "Diluted NI Availto Com Stockholders": 920000.0,
        "Net Income Common Stockholders": 920000.0,
        "Net Income": 920000.0,
        "Net Income Including Noncontrolling Interests": 920000.0,
        "Net Income Continuous Operations": 920000.0,
        "Tax Provision": 353000.0,
        "Pretax Income": 1273000.0,
        "Net Non Operating Interest Income Expense": -4323000.0,
        "Interest Expense Non Operating": 4323000.0,
        "Operating Income": 5596000.0,
        "Operating Expense": 48155000.0,
        "Other Operating Expenses": 48155000.0,
        "Gross Profit": 53751000.0,
        "Cost Of Revenue": 108288000.0,
        "Total Revenue": 162039000.0,
        "Operating Revenue": 162039000.0
    },
    "2023-06-30": {
        "Tax Effect Of Unusual Items": 0.0,
        "Tax Rate For Calcs": 0.207993,
        "Normalized EBITDA": 2202000.0,
        "Net Income From Continuing Operation Net Minority Interest": -2715000.0,
        "Reconciled Depreciation": 2715000.0,
        "Reconciled Cost Of Revenue": 62250000.0,
        "EBITDA": 2202000.0,
        "EBIT": 2202000.0,
        "Net Interest Income": -5630000.0,
        "Interest Expense": 5630000.0,
        "Normalized Income": -2715000.0,
        "Net Income From Continuing And Discontinued Operation": -2715000.0,
        "Total Expenses": 97620000.0,
        "Total Operating Income As Reported": 2202000.0,
        "Diluted Average Shares": 7354000.0,
        "Basic Average Shares": 7354000.0,
        "Diluted EPS": -0.37,
        "Basic EPS": -0.37,
        "Diluted NI Availto Com Stockholders": -2715000.0,
        "Net Income Common Stockholders": -2715000.0,
        "Net Income": -2715000.0,
        "Net Income Including Noncontrolling Interests": -2715000.0,
        "Net Income Continuous Operations": -2715000.0,
        "Tax Provision": -713000.0,
        "Pretax Income": -3428000.0,
        "Net Non Operating Interest Income Expense": -5630000.0,
        "Interest Expense Non Operating": 5630000.0,
        "Operating Income": 2202000.0,
        "Operating Expense": 35370000.0,
        "Other Operating Expenses": 35370000.0,
        "Gross Profit": 37572000.0,
        "Cost Of Revenue": 62250000.0,
        "Total Revenue": 99822000.0,
        "Operating Revenue": 99822000.0
    },
    "2022-03-31": {
        "Diluted EPS": 0.99,
        "Total Revenue": 167,
        "Gross Profit": 63,
        "Operating Income": 13,
        "EBIT": 16,
        "Net Income": 7
    },
    "2021-12-31": {
        "Diluted EPS": 1.69,
        "Total Revenue": 169,
        "Gross Profit": 63,
        "Operating Income": 18,
        "EBIT": 22,
        "Net Income": 13
    },
    "2021-09-30": {
        "Diluted EPS": -0.05,
        "Total Revenue": 126,
        "Gross Profit": 47,
        "Operating Income": 3,
        "EBIT": 6,
        "Net Income": 0
    },
    "2021-06-30": {
        "Diluted EPS": 0.52,
        "Total Revenue": 132,
        "Gross Profit": 49,
        "Operating Income": 8,
        "EBIT": 13,
        "Net Income": 4
    },
    "2021-03-31": {
        "Diluted EPS": 0.61,
        "Total Revenue": 88,
        "Gross Profit": 35,
        "Operating Income": 7,
        "EBIT": 8,
        "Net Income": 4
    },
    "2020-12-31": {
        "Diluted EPS": 1.33,
        "Total Revenue": 88,
        "Gross Profit": 36,
        "Operating Income": 13,
        "EBIT": 14,
        "Net Income": 10
    },
    "2020-09-30": {
        "Diluted EPS": 1.04,
        "Total Revenue": 78,
        "Gross Profit": 30,
        "Operating Income": 10,
        "EBIT": 11,
        "Net Income": 8
    },
    "2020-06-30": {
        "Diluted EPS": 0.33,
        "Total Revenue": 56,
        "Gross Profit": 19,
        "Operating Income": 3,
        "EBIT": 4,
        "Net Income": 2
    },
    "2020-03-31": {
        "Diluted EPS": 0.16,
        "Total Revenue": 56,
        "Gross Profit": 19,
        "Operating Income": 2,
        "EBIT": 3,
        "Net Income": 1
    },
    "2019-12-31": {
        "Diluted EPS": 0.7,
        "Total Revenue": 75,
        "Gross Profit": 28,
        "Operating Income": 7,
        "EBIT": 8,
        "Net Income": 5
    },
    "2019-09-30": {
        "Diluted EPS": 0.75,
        "Total Revenue": 67,
        "Gross Profit": 25,
        "Operating Income": 7,
        "EBIT": 8,
        "Net Income": 6
    },
    "2019-06-30": {
        "Diluted EPS": 0.42,
        "Total Revenue": 62,
        "Gross Profit": 21,
        "Operating Income": 4,
        "EBIT": 5,
        "Net Income": 3
    },
    "2019-03-31": {
        "Diluted EPS": 0.48,
        "Total Revenue": 66,
        "Gross Profit": 23,
        "Operating Income": 4,
        "EBIT": 6,
        "Net Income": 4
    },
    "2018-12-31": {
        "Diluted EPS": 0.49,
        "Total Revenue": 67,
        "Gross Profit": 24,
        "Operating Income": 5,
        "EBIT": 6,
        "Net Income": 4
    },
    "2018-09-30": {
        "Diluted EPS": 0.67,
        "Total Revenue": 66,
        "Gross Profit": 22,
        "Operating Income": 6,
        "EBIT": 7,
        "Net Income": 5
    },
    "2018-06-30": {
        "Diluted EPS": 0.35,
        "Total Revenue": 58,
        "Gross Profit": 20,
        "Operating Income": 3,
        "EBIT": 5,
        "Net Income": 3
    },
    "2018-03-31": {
        "Diluted EPS": 0.44,
        "Total Revenue": 61,
        "Gross Profit": 21,
        "Operating Income": 4,
        "EBIT": 6,
        "Net Income": 3
    },
    "2017-12-31": {
        "Diluted EPS": 0.59,
        "Total Revenue": 67,
        "Gross Profit": 23,
        "Operating Income": 4,
        "EBIT": 5,
        "Net Income": 4
    },
    "2017-09-30": {
        "Diluted EPS": 0.3,
        "Total Revenue": 65,
        "Gross Profit": 20,
        "Operating Income": 3,
        "EBIT": 5,
        "Net Income": 2
    },
    "2017-06-30": {
        "Diluted EPS": 0.2,
        "Total Revenue": 58,
        "Gross Profit": 18,
        "Operating Income": 2,
        "EBIT": 4,
        "Net Income": 1
    },
    "2017-03-31": {
        "Diluted EPS": 0.2,
        "Total Revenue": 63,
        "Gross Profit": 20,
        "Operating Income": 2,
        "EBIT": 4,
        "Net Income": 1
    },
    "2016-12-31": {
        "Diluted EPS": -0.09,
        "Total Revenue": 67,
        "Gross Profit": 22,
        "Operating Income": -1,
        "EBIT": 1,
        "Net Income": -1
    },
    "2016-09-30": {
        "Diluted EPS": 0.06,
        "Total Revenue": 73,
        "Gross Profit": 20,
        "Operating Income": 1,
        "EBIT": 3,
        "Net Income": 0
    },
    "2016-06-30": {
        "Diluted EPS": -0.23,
        "Total Revenue": 63,
        "Gross Profit": 16,
        "Operating Income": -3,
        "EBIT": -1,
        "Net Income": -2
    },
    "2016-03-31": {
        "Diluted EPS": -0.03,
        "Total Revenue": 58,
        "Gross Profit": 19,
        "Operating Income": 0,
        "EBIT": 2,
        "Net Income": 0
    },
    "2015-12-31": {
        "Diluted EPS": 0.18,
        "Total Revenue": 65,
        "Gross Profit": 22,
        "Operating Income": 2,
        "EBIT": 4,
        "Net Income": 1
    },
    "2015-09-30": {
        "Diluted EPS": 0.24,
        "Total Revenue": 70,
        "Gross Profit": 22,
        "Operating Income": 3,
        "EBIT": 5,
        "Net Income": 2
    },
    "2015-06-30": {
        "Diluted EPS": 0.26,
        "Total Revenue": 69,
        "Gross Profit": 23,
        "Operating Income": 3,
        "EBIT": 5,
        "Net Income": 2
    },
    "2015-03-31": {
        "Diluted EPS": 0.19,
        "Total Revenue": 65,
        "Gross Profit": 22,
        "Operating Income": 2,
        "EBIT": 4,
        "Net Income": 1
    },
    "2014-12-31": {
        "Diluted EPS": 0.58,
        "Total Revenue": 79,
        "Gross Profit": 28,
        "Operating Income": 7,
        "EBIT": 9,
        "Net Income": 4
    },
    "2014-09-30": {
        "Diluted EPS": 0.42,
        "Total Revenue": 73,
        "Gross Profit": 24,
        "Operating Income": 5,
        "EBIT": 7,
        "Net Income": 3
    },
    "2014-06-30": {
        "Diluted EPS": 0.2,
        "Total Revenue": 69,
        "Gross Profit": 23,
        "Operating Income": 3,
        "EBIT": 4,
        "Net Income": 2
    },
    "2014-03-31": {
        "Diluted EPS": 0.1,
        "Total Revenue": 66,
        "Gross Profit": 22,
        "Operating Income": 1,
        "EBIT": 3,
        "Net Income": 1
    },
    "2013-12-31": {
        "Diluted EPS": 0.23,
        "Total Revenue": 62,
        "Gross Profit": 22,
        "Operating Income": 2,
        "EBIT": 4,
        "Net Income": 2
    },
    "2013-09-30": {
        "Diluted EPS": 0.39,
        "Total Revenue": 70,
        "Gross Profit": 23,
        "Operating Income": 4,
        "EBIT": 6,
        "Net Income": 3
    },
    "2013-06-30": {
        "Diluted EPS": 0.24,
        "Total Revenue": 59,
        "Gross Profit": 20,
        "Operating Income": 3,
        "EBIT": 4,
        "Net Income": 2
    },
    "2013-03-31": {
        "Diluted EPS": 0.12,
        "Total Revenue": 54,
        "Gross Profit": 19,
        "Operating Income": 2,
        "EBIT": 3,
        "Net Income": 1
    },
    "2012-12-31": {
        "Diluted EPS": 0.33,
        "Total Revenue": 58,
        "Gross Profit": 21,
        "Operating Income": 4,
        "EBIT": 6,
        "Net Income": 3
    },
    "2012-09-30": {
        "Diluted EPS": 0.72,
        "Total Revenue": 73,
        "Gross Profit": 26,
        "Operating Income": 8,
        "EBIT": 9,
        "Net Income": 5
    },
    "2012-06-30": {
        "Diluted EPS": 0.03,
        "Total Revenue": 44,
        "Gross Profit": 15,
        "Operating Income": 0,
        "EBIT": 2,
        "Net Income": 0
    },
    "2012-03-31": {
        "Diluted EPS": 0.1,
        "Total Revenue": 53,
        "Gross Profit": 18,
        "Operating Income": 1,
        "EBIT": 3,
        "Net Income": 1
    },
    "2011-12-31": {
        "Diluted EPS": 0.04,
        "Total Revenue": 64,
        "Gross Profit": 23,
        "Operating Income": 1,
        "EBIT": 2,
        "Net Income": 0
    },
    "2011-09-30": {
        "Diluted EPS": 0.7,
        "Total Revenue": 71,
        "Gross Profit": 26,
        "Operating Income": 8,
        "EBIT": 9,
        "Net Income": 5
    },
    "2011-06-30": {
        "Diluted EPS": 0.3,
        "Total Revenue": 52,
        "Gross Profit": 21,
        "Operating Income": 4,
        "EBIT": 5,
        "Net Income": 2
    },
    "2011-03-31": {
        "Diluted EPS": 0.07,
        "Total Revenue": 52,
        "Gross Profit": 19,
        "Operating Income": 1,
        "EBIT": 2,
        "Net Income": 1
    },
    "2010-12-31": {
        "Diluted EPS": 0.53,
        "Total Revenue": 67,
        "Gross Profit": 24,
        "Operating Income": 5,
        "EBIT": 7,
        "Net Income": 3
    },
    "2010-09-30": {
        "Diluted EPS": 0.63,
        "Total Revenue": 75,
        "Gross Profit": 27,
        "Operating Income": 8,
        "EBIT": 9,
        "Net Income": 5
    },
    "2010-06-30": {
        "Diluted EPS": 0.08,
        "Total Revenue": 55,
        "Gross Profit": 19,
        "Operating Income": 3,
        "EBIT": 4,
        "Net Income": 1
    },
    "2010-03-31": {
        "Diluted EPS": -0.1,
        "Total Revenue": 56,
        "Gross Profit": 19,
        "Operating Income": 1,
        "EBIT": 2,
        "Net Income": -1
    },
    "2009-12-31": {
        "Diluted EPS": 0.16,
        "Total Revenue": 62,
        "Gross Profit": 22,
        "Operating Income": 3,
        "EBIT": 4,
        "Net Income": 1
    },
    "2009-09-30": {
        "Diluted EPS": 0.5,
        "Total Revenue": 67,
        "Gross Profit": 25,
        "Operating Income": 6,
        "EBIT": 8,
        "Net Income": 3
    },
    "2009-06-30": {
        "Diluted EPS": -0.25,
        "Total Revenue": 51,
        "Gross Profit": 18,
        "Operating Income": 0,
        "EBIT": 1,
        "Net Income": -1
    },
    "2009-03-31": {
        "Diluted EPS": -0.2,
        "Total Revenue": 50,
        "Gross Profit": 20,
        "Operating Income": 0,
        "EBIT": 2,
        "Net Income": -1
    }
}