{
    "2023-12-31": {
        "Tax Effect Of Unusual Items": 0.0,
        "Tax Rate For Calcs": 0.048367,
        "Normalized EBITDA": 6770000.0,
        "Net Income From Continuing Operation Net Minority Interest": 18534000.0,
        "Reconciled Depreciation": 3755000.0,
        "Reconciled Cost Of Revenue": 28917000.0,
        "EBITDA": 6770000.0,
        "EBIT": 3015000.0,
        "Normalized Income": 18534000.0,
        "Net Income From Continuing And Discontinued Operation": 18534000.0,
        "Total Expenses": 246735000.0,
        "Total Operating Income As Reported": 3015000.0,
        "Diluted Average Shares": NaN,
        "Basic Average Shares": NaN,
        "Diluted EPS": NaN,
        "Basic EPS": NaN,
        "Diluted NI Availto Com Stockholders": 18534000.0,
        "Net Income Common Stockholders": 18534000.0,
        "Net Income": 18534000.0,
        "Net Income Including Noncontrolling Interests": 18534000.0,
        "Net Income Continuous Operations": 18534000.0,
        "Tax Provision": 942000.0,
        "Pretax Income": 19476000.0,
        "Other Income Expense": 16461000.0,
        "Other Non Operating Income Expenses": 16461000.0,
        "Operating Income": 3015000.0,
        "Operating Expense": 217818000.0,
        "Research And Development": 111568000.0,
        "Selling General And Administration": 106250000.0,
        "Selling And Marketing Expense": 57925000.0,
        "General And Administrative Expense": 48325000.0,
        "Other Gand A": 48325000.0,
        "Gross Profit": 220833000.0,
        "Cost Of Revenue": 28917000.0,
        "Total Revenue": 249750000.0,
        "Operating Revenue": 246848000.0
    },
    "2023-09-30": {
        "Tax Effect Of Unusual Items": 0.0,
        "Tax Rate For Calcs": 0.21,
        "Normalized EBITDA": -16297000.0,
        "Net Income From Continuing Operation Net Minority Interest": -7383000.0,
        "Reconciled Depreciation": 3288000.0,
        "Reconciled Cost Of Revenue": 26395000.0,
        "EBITDA": -16297000.0,
        "EBIT": -19585000.0,
        "Normalized Income": -7383000.0,
        "Net Income From Continuing And Discontinued Operation": -7383000.0,
        "Total Expenses": 227093000.0,
        "Total Operating Income As Reported": -19585000.0,
        "Diluted Average Shares": 158993090.0,
        "Basic Average Shares": 158993090.0,
        "Diluted EPS": -0.046436,
        "Basic EPS": -0.046436,
        "Diluted NI Availto Com Stockholders": -7383000.0,
        "Net Income Common Stockholders": -7383000.0,
        "Net Income": -7383000.0,
        "Net Income Including Noncontrolling Interests": -7383000.0,
        "Net Income Continuous Operations": -7383000.0,
        "Tax Provision": 445000.0,
        "Pretax Income": -6938000.0,
        "Other Income Expense": 12647000.0,
        "Other Non Operating Income Expenses": 12647000.0,
        "Operating Income": -19585000.0,
        "Operating Expense": 200698000.0,
        "Research And Development": 108285000.0,
        "Selling General And Administration": 92413000.0,
        "Selling And Marketing Expense": 55114000.0,
        "General And Administrative Expense": 37299000.0,
        "Other Gand A": 37299000.0,
        "Gross Profit": 181113000.0,
        "Cost Of Revenue": 26395000.0,
        "Total Revenue": 207508000.0,
        "Operating Revenue": 202372000.0
    },
    "2024-03-31": {
        "Tax Effect Of Unusual Items": 0.0,
        "Tax Rate For Calcs": 0.21,
        "Normalized EBITDA": -585512000.0,
        "Net Income From Continuing Operation Net Minority Interest": -575066000.0,
        "Reconciled Depreciation": 3743000.0,
        "Reconciled Cost Of Revenue": 27616000.0,
        "EBITDA": -585512000.0,
        "EBIT": -589255000.0,
        "Normalized Income": -575066000.0,
        "Net Income From Continuing And Discontinued Operation": -575066000.0,
        "Total Expenses": 832218000.0,
        "Total Operating Income As Reported": -589255000.0,
        "Diluted Average Shares": 70240492.0,
        "Basic Average Shares": 70240492.0,
        "Diluted EPS": -8.19,
        "Basic EPS": -8.19,
        "Diluted NI Availto Com Stockholders": -575066000.0,
        "Net Income Common Stockholders": -575066000.0,
        "Net Income": -575066000.0,
        "Net Income Including Noncontrolling Interests": -575066000.0,
        "Net Income Continuous Operations": -575066000.0,
        "Tax Provision": 365000.0,
        "Pretax Income": -574701000.0,
        "Other Income Expense": 14554000.0,
        "Other Non Operating Income Expenses": 14554000.0,
        "Operating Income": -589255000.0,
        "Operating Expense": 804602000.0,
        "Research And Development": 437030000.0,
        "Selling General And Administration": 367572000.0,
        "Selling And Marketing Expense": 124095000.0,
        "General And Administrative Expense": 243477000.0,
        "Other Gand A": 243477000.0,
        "Gross Profit": 215347000.0,
        "Cost Of Revenue": 27616000.0,
        "Total Revenue": 242963000.0,
        "Operating Revenue": 222682000.0
    },
    "2023-03-31": {
        "Tax Effect Of Unusual Items": NaN,
        "Tax Rate For Calcs": NaN,
        "Normalized EBITDA": NaN,
        "Net Income From Continuing Operation Net Minority Interest": NaN,
        "Reconciled Depreciation": NaN,
        "Reconciled Cost Of Revenue": NaN,
        "EBITDA": NaN,
        "EBIT": NaN,
        "Normalized Income": NaN,
        "Net Income From Continuing And Discontinued Operation": NaN,
        "Total Expenses": NaN,
        "Total Operating Income As Reported": NaN,
        "Diluted Average Shares": 147792102.0,
        "Basic Average Shares": 147792102.0,
        "Diluted EPS": -0.411835,
        "Basic EPS": -0.411835,
        "Diluted NI Availto Com Stockholders": NaN,
        "Net Income Common Stockholders": NaN,
        "Net Income": NaN,
        "Net Income Including Noncontrolling Interests": NaN,
        "Net Income Continuous Operations": NaN,
        "Tax Provision": NaN,
        "Pretax Income": NaN,
        "Other Income Expense": NaN,
        "Other Non Operating Income Expenses": NaN,
        "Operating Income": NaN,
        "Operating Expense": NaN,
        "Research And Development": NaN,
        "Selling General And Administration": NaN,
        "Selling And Marketing Expense": NaN,
        "General And Administrative Expense": NaN,
        "Other Gand A": NaN,
        "Gross Profit": NaN,
        "Cost Of Revenue": NaN,
        "Total Revenue": NaN,
        "Operating Revenue": NaN
    },
    "2022-12-31": {
        "Tax Effect Of Unusual Items": 0.0,
        "Tax Rate For Calcs": 0.21,
        "Normalized EBITDA": -26308000.0,
        "Net Income From Continuing Operation Net Minority Interest": -22227000.0,
        "Reconciled Depreciation": 3373000.0,
        "Reconciled Cost Of Revenue": 28414000.0,
        "EBITDA": -26308000.0,
        "EBIT": -29681000.0,
        "Normalized Income": -22227000.0,
        "Net Income From Continuing And Discontinued Operation": -22227000.0,
        "Total Expenses": 230109000.0,
        "Total Operating Income As Reported": -29681000.0,
        "Diluted Average Shares": NaN,
        "Basic Average Shares": NaN,
        "Diluted EPS": NaN,
        "Basic EPS": NaN,
        "Diluted NI Availto Com Stockholders": -22227000.0,
        "Net Income Common Stockholders": -22227000.0,
        "Net Income": -22227000.0,
        "Net Income Including Noncontrolling Interests": -22227000.0,
        "Net Income Continuous Operations": -22227000.0,
        "Tax Provision": 1630000.0,
        "Pretax Income": -20597000.0,
        "Other Income Expense": 9084000.0,
        "Other Non Operating Income Expenses": 9084000.0,
        "Operating Income": -29681000.0,
        "Operating Expense": 201695000.0,
        "Research And Development": 106225000.0,
        "Selling General And Administration": 95470000.0,
        "Selling And Marketing Expense": 57894000.0,
        "General And Administrative Expense": 37576000.0,
        "Other Gand A": 37576000.0,
        "Gross Profit": 172014000.0,
        "Cost Of Revenue": 28414000.0,
        "Total Revenue": 200428000.0,
        "Operating Revenue": 196399000.0
    },
    "2022-09-30": {
        "Tax Effect Of Unusual Items": 0.0,
        "Tax Rate For Calcs": 0.034153,
        "Normalized EBITDA": -48177000.0,
        "Net Income From Continuing Operation Net Minority Interest": -45305000.0,
        "Reconciled Depreciation": 2773000.0,
        "Reconciled Cost Of Revenue": 28182000.0,
        "EBITDA": -48177000.0,
        "EBIT": -50950000.0,
        "Normalized Income": -45305000.0,
        "Net Income From Continuing And Discontinued Operation": -45305000.0,
        "Total Expenses": 222485000.0,
        "Total Operating Income As Reported": -50950000.0,
        "Diluted Average Shares": NaN,
        "Basic Average Shares": NaN,
        "Diluted EPS": NaN,
        "Basic EPS": NaN,
        "Diluted NI Availto Com Stockholders": -45305000.0,
        "Net Income Common Stockholders": -45305000.0,
        "Net Income": -45305000.0,
        "Net Income Including Noncontrolling Interests": -45305000.0,
        "Net Income Continuous Operations": -45305000.0,
        "Tax Provision": -1602000.0,
        "Pretax Income": -46907000.0,
        "Other Income Expense": 4043000.0,
        "Other Non Operating Income Expenses": 4043000.0,
        "Operating Income": -50950000.0,
        "Operating Expense": 194303000.0,
        "Research And Development": 95134000.0,
        "Selling General And Administration": 99169000.0,
        "Selling And Marketing Expense": 59919000.0,
        "General And Administrative Expense": 39250000.0,
        "Other Gand A": 39250000.0,
        "Gross Profit": 143353000.0,
        "Cost Of Revenue": 28182000.0,
        "Total Revenue": 171535000.0,
        "Operating Revenue": 168138000.0
    },
    "2024-06-30": {
        "Tax Effect Of Unusual Items": 0.0,
        "Tax Rate For Calcs": 0.02094,
        "Normalized EBITDA": -27269000.0,
        "Net Income From Continuing Operation Net Minority Interest": -10099000.0,
        "Reconciled Depreciation": 3770000.0,
        "Reconciled Cost Of Revenue": 29501000.0,
        "EBITDA": -27269000.0,
        "EBIT": -31039000.0,
        "Normalized Income": -10099000.0,
        "Net Income From Continuing And Discontinued Operation": -10099000.0,
        "Total Expenses": 312223000.0,
        "Total Operating Income As Reported": -31039000.0,
        "Diluted Average Shares": 164382736.0,
        "Basic Average Shares": 164382736.0,
        "Diluted EPS": -0.06,
        "Basic EPS": -0.06,
        "Diluted NI Availto Com Stockholders": -10099000.0,
        "Net Income Common Stockholders": -10099000.0,
        "Net Income": -10099000.0,
        "Net Income Including Noncontrolling Interests": -10099000.0,
        "Net Income Continuous Operations": -10099000.0,
        "Tax Provision": -216000.0,
        "Pretax Income": -10315000.0,
        "Other Income Expense": 20724000.0,
        "Other Non Operating Income Expenses": 20724000.0,
        "Operating Income": -31039000.0,
        "Operating Expense": 282722000.0,
        "Research And Development": 142777000.0,
        "Selling General And Administration": 139945000.0,
        "Selling And Marketing Expense": 71458000.0,
        "General And Administrative Expense": 68487000.0,
        "Other Gand A": 68487000.0,
        "Gross Profit": 251683000.0,
        "Cost Of Revenue": 29501000.0,
        "Total Revenue": 281184000.0,
        "Operating Revenue": 253125000.0
    },
    "2023-06-30": {
        "Tax Effect Of Unusual Items": NaN,
        "Tax Rate For Calcs": NaN,
        "Normalized EBITDA": NaN,
        "Net Income From Continuing Operation Net Minority Interest": NaN,
        "Reconciled Depreciation": NaN,
        "Reconciled Cost Of Revenue": NaN,
        "EBITDA": NaN,
        "EBIT": NaN,
        "Normalized Income": NaN,
        "Net Income From Continuing And Discontinued Operation": NaN,
        "Total Expenses": NaN,
        "Total Operating Income As Reported": NaN,
        "Diluted Average Shares": 147792102.0,
        "Basic Average Shares": 147792102.0,
        "Diluted EPS": -0.278154,
        "Basic EPS": -0.278154,
        "Diluted NI Availto Com Stockholders": NaN,
        "Net Income Common Stockholders": NaN,
        "Net Income": NaN,
        "Net Income Including Noncontrolling Interests": NaN,
        "Net Income Continuous Operations": NaN,
        "Tax Provision": NaN,
        "Pretax Income": NaN,
        "Other Income Expense": NaN,
        "Other Non Operating Income Expenses": NaN,
        "Operating Income": NaN,
        "Operating Expense": NaN,
        "Research And Development": NaN,
        "Selling General And Administration": NaN,
        "Selling And Marketing Expense": NaN,
        "General And Administrative Expense": NaN,
        "Other Gand A": NaN,
        "Gross Profit": NaN,
        "Cost Of Revenue": NaN,
        "Total Revenue": NaN,
        "Operating Revenue": NaN
    },
    "2024-09-30": {
        "Tax Effect Of Unusual Items": 0.0,
        "Tax Rate For Calcs": 0.21,
        "Normalized EBITDA": 10823000.0,
        "Net Income From Continuing Operation Net Minority Interest": 29853000.0,
        "Reconciled Depreciation": 3969000.0,
        "Reconciled Cost Of Revenue": 34633000.0,
        "EBITDA": 10823000.0,
        "EBIT": 6854000.0,
        "Normalized Income": 29853000.0,
        "Net Income From Continuing And Discontinued Operation": 29853000.0,
        "Total Expenses": 341497000.0,
        "Total Operating Income As Reported": 6854000.0,
        "Diluted Average Shares": 192322916.0,
        "Basic Average Shares": 169169922.0,
        "Diluted EPS": 0.16,
        "Basic EPS": 0.18,
        "Diluted NI Availto Com Stockholders": 29853000.0,
        "Net Income Common Stockholders": 29853000.0,
        "Net Income": 29853000.0,
        "Net Income Including Noncontrolling Interests": 29853000.0,
        "Net Income Continuous Operations": 29853000.0,
        "Tax Provision": -31000.0,
        "Pretax Income": 29822000.0,
        "Other Income Expense": 22968000.0,
        "Other Non Operating Income Expenses": 22968000.0,
        "Operating Income": 6854000.0,
        "Operating Expense": 306864000.0,
        "Research And Development": 166701000.0,
        "Selling General And Administration": 140163000.0,
        "Selling And Marketing Expense": 74510000.0,
        "General And Administrative Expense": 65653000.0,
        "Other Gand A": 65653000.0,
        "Gross Profit": 313718000.0,
        "Cost Of Revenue": 34633000.0,
        "Total Revenue": 348351000.0,
        "Operating Revenue": 315104000.0
    }
}