{
    "2023-03-31": {
        "Tax Effect Of Unusual Items": 8655570.0,
        "Tax Rate For Calcs": 0.21,
        "Normalized EBITDA": -79182000.0,
        "Total Unusual Items": 41217000.0,
        "Total Unusual Items Excluding Goodwill": 41217000.0,
        "Net Income From Continuing Operation Net Minority Interest": -57310000.0,
        "Reconciled Depreciation": 17013000.0,
        "Reconciled Cost Of Revenue": 155945000.0,
        "EBITDA": -37965000.0,
        "EBIT": -54978000.0,
        "Net Interest Income": 1484000.0,
        "Interest Expense": 1922000.0,
        "Interest Income": 3406000.0,
        "Normalized Income": -89871430.0,
        "Net Income From Continuing And Discontinued Operation": -60798000.0,
        "Total Expenses": 313450000.0,
        "Total Operating Income As Reported": -100420000.0,
        "Diluted Average Shares": 110103598.0,
        "Basic Average Shares": 110103598.0,
        "Diluted EPS": -0.55,
        "Basic EPS": -0.55,
        "Diluted NI Availto Com Stockholders": -61024000.0,
        "Net Income Common Stockholders": -61024000.0,
        "Preferred Stock Dividends": 226000.0,
        "Net Income": -60798000.0,
        "Net Income Including Noncontrolling Interests": -60798000.0,
        "Net Income Discontinuous Operations": -3488000.0,
        "Net Income Continuous Operations": -57310000.0,
        "Tax Provision": 410000.0,
        "Pretax Income": -56900000.0,
        "Other Income Expense": 40983000.0,
        "Other Non Operating Income Expenses": -234000.0,
        "Special Income Charges": 41217000.0,
        "Other Special Charges": -42270000.0,
        "Restructuring And Mergern Acquisition": 1053000.0,
        "Net Non Operating Interest Income Expense": 1484000.0,
        "Interest Expense Non Operating": 1922000.0,
        "Interest Income Non Operating": 3406000.0,
        "Operating Income": -99367000.0,
        "Operating Expense": 157505000.0,
        "Research And Development": 47663000.0,
        "Selling General And Administration": 109842000.0,
        "Selling And Marketing Expense": 40403000.0,
        "General And Administrative Expense": 69439000.0,
        "Other Gand A": 69439000.0,
        "Gross Profit": 58138000.0,
        "Cost Of Revenue": 155945000.0,
        "Total Revenue": 214083000.0,
        "Operating Revenue": 214083000.0
    },
    "2022-12-31": {
        "Tax Effect Of Unusual Items": NaN,
        "Tax Rate For Calcs": NaN,
        "Normalized EBITDA": NaN,
        "Total Unusual Items": NaN,
        "Total Unusual Items Excluding Goodwill": NaN,
        "Net Income From Continuing Operation Net Minority Interest": NaN,
        "Reconciled Depreciation": NaN,
        "Reconciled Cost Of Revenue": NaN,
        "EBITDA": NaN,
        "EBIT": NaN,
        "Net Interest Income": NaN,
        "Interest Expense": NaN,
        "Interest Income": NaN,
        "Normalized Income": NaN,
        "Net Income From Continuing And Discontinued Operation": NaN,
        "Total Expenses": NaN,
        "Total Operating Income As Reported": NaN,
        "Diluted Average Shares": 108997415.0,
        "Basic Average Shares": 108997415.0,
        "Diluted EPS": -0.57,
        "Basic EPS": -0.57,
        "Diluted NI Availto Com Stockholders": NaN,
        "Net Income Common Stockholders": NaN,
        "Preferred Stock Dividends": NaN,
        "Net Income": NaN,
        "Net Income Including Noncontrolling Interests": NaN,
        "Net Income Discontinuous Operations": NaN,
        "Net Income Continuous Operations": NaN,
        "Tax Provision": NaN,
        "Pretax Income": NaN,
        "Other Income Expense": NaN,
        "Other Non Operating Income Expenses": NaN,
        "Special Income Charges": NaN,
        "Other Special Charges": NaN,
        "Restructuring And Mergern Acquisition": NaN,
        "Net Non Operating Interest Income Expense": NaN,
        "Interest Expense Non Operating": NaN,
        "Interest Income Non Operating": NaN,
        "Operating Income": NaN,
        "Operating Expense": NaN,
        "Research And Development": NaN,
        "Selling General And Administration": NaN,
        "Selling And Marketing Expense": NaN,
        "General And Administrative Expense": NaN,
        "Other Gand A": NaN,
        "Gross Profit": NaN,
        "Cost Of Revenue": NaN,
        "Total Revenue": NaN,
        "Operating Revenue": NaN
    },
    "2022-09-30": {
        "Tax Effect Of Unusual Items": -113600.0,
        "Tax Rate For Calcs": 0.4,
        "Normalized EBITDA": -68172000.0,
        "Total Unusual Items": -284000.0,
        "Total Unusual Items Excluding Goodwill": -284000.0,
        "Net Income From Continuing Operation Net Minority Interest": -90245000.0,
        "Reconciled Depreciation": 16298000.0,
        "Reconciled Cost Of Revenue": 542440000.0,
        "EBITDA": -68456000.0,
        "EBIT": -84754000.0,
        "Net Interest Income": -4185000.0,
        "Interest Expense": 5359000.0,
        "Interest Income": 1174000.0,
        "Normalized Income": -90074600.0,
        "Net Income From Continuing And Discontinued Operation": -90245000.0,
        "Total Expenses": 685256000.0,
        "Total Operating Income As Reported": -85023000.0,
        "Diluted Average Shares": 108618491.0,
        "Basic Average Shares": 108618491.0,
        "Diluted EPS": -0.83,
        "Basic EPS": -0.83,
        "Diluted NI Availto Com Stockholders": -90517000.0,
        "Net Income Common Stockholders": -90517000.0,
        "Preferred Stock Dividends": 272000.0,
        "Net Income": -90245000.0,
        "Net Income Including Noncontrolling Interests": -90245000.0,
        "Net Income Discontinuous Operations": NaN,
        "Net Income Continuous Operations": -90245000.0,
        "Tax Provision": 132000.0,
        "Pretax Income": -90113000.0,
        "Other Income Expense": -1189000.0,
        "Other Non Operating Income Expenses": -905000.0,
        "Special Income Charges": -284000.0,
        "Other Special Charges": NaN,
        "Restructuring And Mergern Acquisition": 284000.0,
        "Net Non Operating Interest Income Expense": -4185000.0,
        "Interest Expense Non Operating": 5359000.0,
        "Interest Income Non Operating": 1174000.0,
        "Operating Income": -84739000.0,
        "Operating Expense": 142816000.0,
        "Research And Development": 48063000.0,
        "Selling General And Administration": 94753000.0,
        "Selling And Marketing Expense": 33748000.0,
        "General And Administrative Expense": 61005000.0,
        "Other Gand A": 61005000.0,
        "Gross Profit": 58077000.0,
        "Cost Of Revenue": 542440000.0,
        "Total Revenue": 600517000.0,
        "Operating Revenue": 600517000.0
    },
    "2022-06-30": {
        "Tax Effect Of Unusual Items": -5070800.0,
        "Tax Rate For Calcs": 0.4,
        "Normalized EBITDA": -45363000.0,
        "Total Unusual Items": -12677000.0,
        "Total Unusual Items Excluding Goodwill": -12677000.0,
        "Net Income From Continuing Operation Net Minority Interest": -78146000.0,
        "Reconciled Depreciation": 16327000.0,
        "Reconciled Cost Of Revenue": 488912000.0,
        "EBITDA": -58040000.0,
        "EBIT": -74367000.0,
        "Net Interest Income": -3066000.0,
        "Interest Expense": 3620000.0,
        "Interest Income": 554000.0,
        "Normalized Income": -70539800.0,
        "Net Income From Continuing And Discontinued Operation": -78146000.0,
        "Total Expenses": 668894000.0,
        "Total Operating Income As Reported": -74656000.0,
        "Diluted Average Shares": 107396575.0,
        "Basic Average Shares": 107396575.0,
        "Diluted EPS": -0.73,
        "Basic EPS": -0.73,
        "Diluted NI Availto Com Stockholders": -78496000.0,
        "Net Income Common Stockholders": -78496000.0,
        "Preferred Stock Dividends": 350000.0,
        "Net Income": -78146000.0,
        "Net Income Including Noncontrolling Interests": -78146000.0,
        "Net Income Discontinuous Operations": NaN,
        "Net Income Continuous Operations": -78146000.0,
        "Tax Provision": 159000.0,
        "Pretax Income": -77987000.0,
        "Other Income Expense": -12942000.0,
        "Other Non Operating Income Expenses": -265000.0,
        "Special Income Charges": -12677000.0,
        "Other Special Charges": NaN,
        "Restructuring And Mergern Acquisition": 12677000.0,
        "Net Non Operating Interest Income Expense": -3066000.0,
        "Interest Expense Non Operating": 3620000.0,
        "Interest Income Non Operating": 554000.0,
        "Operating Income": -61979000.0,
        "Operating Expense": 179982000.0,
        "Research And Development": 51506000.0,
        "Selling General And Administration": 128476000.0,
        "Selling And Marketing Expense": 56743000.0,
        "General And Administrative Expense": 71733000.0,
        "Other Gand A": 71733000.0,
        "Gross Profit": 118003000.0,
        "Cost Of Revenue": 488912000.0,
        "Total Revenue": 606915000.0,
        "Operating Revenue": 606915000.0
    },
    "2023-06-30": {
        "Tax Effect Of Unusual Items": 2935170.0,
        "Tax Rate For Calcs": 0.21,
        "Normalized EBITDA": -22057000.0,
        "Total Unusual Items": 13977000.0,
        "Total Unusual Items Excluding Goodwill": 13977000.0,
        "Net Income From Continuing Operation Net Minority Interest": -27212000.0,
        "Reconciled Depreciation": 17133000.0,
        "Reconciled Cost Of Revenue": 175366000.0,
        "EBITDA": -8080000.0,
        "EBIT": -25213000.0,
        "Net Interest Income": 938000.0,
        "Interest Expense": 1766000.0,
        "Interest Income": 2704000.0,
        "Normalized Income": -38253830.0,
        "Net Income From Continuing And Discontinued Operation": -27358000.0,
        "Total Expenses": 317305000.0,
        "Total Operating Income As Reported": -47855000.0,
        "Diluted Average Shares": 111678417.0,
        "Basic Average Shares": 111678417.0,
        "Diluted EPS": -0.25,
        "Basic EPS": -0.25,
        "Diluted NI Availto Com Stockholders": -27655000.0,
        "Net Income Common Stockholders": -27655000.0,
        "Preferred Stock Dividends": 297000.0,
        "Net Income": -27358000.0,
        "Net Income Including Noncontrolling Interests": -27358000.0,
        "Net Income Discontinuous Operations": -146000.0,
        "Net Income Continuous Operations": -27212000.0,
        "Tax Provision": 233000.0,
        "Pretax Income": -26979000.0,
        "Other Income Expense": 13832000.0,
        "Other Non Operating Income Expenses": -145000.0,
        "Special Income Charges": 13977000.0,
        "Other Special Charges": -20083000.0,
        "Restructuring And Mergern Acquisition": 6106000.0,
        "Net Non Operating Interest Income Expense": 938000.0,
        "Interest Expense Non Operating": 1766000.0,
        "Interest Income Non Operating": 2704000.0,
        "Operating Income": -41749000.0,
        "Operating Expense": 141939000.0,
        "Research And Development": 47141000.0,
        "Selling General And Administration": 94798000.0,
        "Selling And Marketing Expense": 33033000.0,
        "General And Administrative Expense": 61765000.0,
        "Other Gand A": 61765000.0,
        "Gross Profit": 100190000.0,
        "Cost Of Revenue": 175366000.0,
        "Total Revenue": 275556000.0,
        "Operating Revenue": 275556000.0
    },
    "2022-03-31": {
        "Diluted EPS": -0.86,
        "Total Revenue": 597,
        "Gross Profit": 73,
        "Operating Income": -85,
        "EBIT": -69,
        "Net Income": -92
    },
    "2021-12-31": {
        "Diluted EPS": -0.26,
        "Total Revenue": 643,
        "Gross Profit": 108,
        "Operating Income": -25,
        "EBIT": -9,
        "Net Income": -28
    },
    "2021-09-30": {
        "Diluted EPS": -0.2,
        "Total Revenue": 540,
        "Gross Profit": 127,
        "Operating Income": -20,
        "EBIT": -4,
        "Net Income": -21
    },
    "2021-06-30": {
        "Diluted EPS": -0.29,
        "Total Revenue": 471,
        "Gross Profit": 126,
        "Operating Income": -30,
        "EBIT": -15,
        "Net Income": -30
    },
    "2021-03-31": {
        "Diluted EPS": -0.37,
        "Total Revenue": 268,
        "Gross Profit": 42,
        "Operating Income": -35,
        "EBIT": -29,
        "Net Income": -38
    },
    "2020-12-31": {
        "Diluted EPS": 0.19,
        "Total Revenue": 245,
        "Gross Profit": 80,
        "Operating Income": 26,
        "EBIT": 36,
        "Net Income": 13
    },
    "2020-09-30": {
        "Diluted EPS": 0.3,
        "Total Revenue": 237,
        "Gross Profit": 93,
        "Operating Income": 37,
        "EBIT": 43,
        "Net Income": 32
    },
    "2020-06-30": {
        "Diluted EPS": -0.08,
        "Total Revenue": 214,
        "Gross Profit": 46,
        "Operating Income": -4,
        "EBIT": 1,
        "Net Income": -8
    },
    "2020-03-31": {
        "Diluted EPS": -0.64,
        "Total Revenue": 191,
        "Gross Profit": 13,
        "Operating Income": -57,
        "EBIT": -52,
        "Net Income": -60
    },
    "2019-12-31": {
        "Diluted EPS": -0.07,
        "Total Revenue": 233,
        "Gross Profit": 40,
        "Operating Income": -7,
        "EBIT": -2,
        "Net Income": -8
    },
    "2019-09-30": {
        "Diluted EPS": 0.07,
        "Total Revenue": 239,
        "Gross Profit": 53,
        "Operating Income": 7,
        "EBIT": 12,
        "Net Income": 7
    },
    "2019-06-30": {
        "Diluted EPS": -0.14,
        "Total Revenue": 198,
        "Gross Profit": 48,
        "Operating Income": -12,
        "EBIT": -9,
        "Net Income": -13
    },
    "2019-03-31": {
        "Diluted EPS": -0.74,
        "Total Revenue": 110,
        "Gross Profit": 3,
        "Operating Income": -67,
        "EBIT": -64,
        "Net Income": -67
    },
    "2018-12-31": {
        "Diluted EPS": -0.13,
        "Total Revenue": 124,
        "Gross Profit": 26,
        "Operating Income": -13,
        "EBIT": -9,
        "Net Income": -12
    },
    "2018-09-30": {
        "Diluted EPS": 0.04,
        "Total Revenue": 140,
        "Gross Profit": 42,
        "Operating Income": 3,
        "EBIT": 7,
        "Net Income": 3
    },
    "2018-06-30": {
        "Diluted EPS": 0.04,
        "Total Revenue": 143,
        "Gross Profit": 45,
        "Operating Income": 2,
        "EBIT": 4,
        "Net Income": 3
    },
    "2018-03-31": {
        "Diluted EPS": -0.44,
        "Total Revenue": 80,
        "Gross Profit": 6,
        "Operating Income": -37,
        "EBIT": -35,
        "Net Income": -36
    },
    "2017-12-31": {
        "Diluted EPS": 6.76,
        "Total Revenue": 96,
        "Gross Profit": 29,
        "Operating Income": -2,
        "EBIT": -1,
        "Net Income": -2
    },
    "2017-09-30": {
        "Diluted EPS": -0.5,
        "Total Revenue": 109,
        "Gross Profit": 39,
        "Operating Income": 10,
        "EBIT": 12,
        "Net Income": -30
    },
    "2017-06-30": {
        "Diluted EPS": -7.15,
        "Total Revenue": 105,
        "Gross Profit": 37,
        "Operating Income": 4,
        "EBIT": 6,
        "Net Income": -107
    },
    "2017-03-31": {
        "Diluted EPS": -3.58,
        "Total Revenue": 60,
        "Gross Profit": 6,
        "Operating Income": -28,
        "EBIT": -26,
        "Net Income": -53
    },
    "2016-12-31": {
        "Diluted EPS": 0.0,
        "Total Revenue": NaN,
        "Gross Profit": NaN,
        "Operating Income": NaN,
        "EBIT": NaN,
        "Net Income": NaN
    },
    "2016-09-30": {
        "Diluted EPS": 0.03,
        "Total Revenue": 81,
        "Gross Profit": 31,
        "Operating Income": 6,
        "EBIT": 7,
        "Net Income": 1
    },
    "2016-06-30": {
        "Diluted EPS": 0.02,
        "Total Revenue": 78,
        "Gross Profit": 27,
        "Operating Income": 1,
        "EBIT": 1,
        "Net Income": 14
    },
    "2015-12-31": {
        "Diluted EPS": 0.0,
        "Total Revenue": NaN,
        "Gross Profit": NaN,
        "Operating Income": NaN,
        "EBIT": NaN,
        "Net Income": NaN
    },
    "2014-12-31": {
        "Diluted EPS": 0.0,
        "Total Revenue": NaN,
        "Gross Profit": NaN,
        "Operating Income": NaN,
        "EBIT": NaN,
        "Net Income": NaN
    },
    "2023-09-30": {
        "Tax Effect Of Unusual Items": 1363950.0,
        "Tax Rate For Calcs": 0.21,
        "Normalized EBITDA": -9328000.0,
        "Total Unusual Items": 6495000.0,
        "Total Unusual Items Excluding Goodwill": 6495000.0,
        "Net Income From Continuing Operation Net Minority Interest": -18972000.0,
        "Reconciled Depreciation": 14297000.0,
        "Reconciled Cost Of Revenue": 170616000.0,
        "EBITDA": -2833000.0,
        "EBIT": -17130000.0,
        "Net Interest Income": 457000.0,
        "Interest Expense": 1603000.0,
        "Interest Income": 2060000.0,
        "Normalized Income": -24103050.0,
        "Net Income From Continuing And Discontinued Operation": -18972000.0,
        "Total Expenses": 294483000.0,
        "Total Operating Income As Reported": -25527000.0,
        "Diluted Average Shares": 114592679.0,
        "Basic Average Shares": 114592679.0,
        "Diluted EPS": -0.17,
        "Basic EPS": -0.17,
        "Diluted NI Availto Com Stockholders": -19307000.0,
        "Net Income Common Stockholders": -19307000.0,
        "Preferred Stock Dividends": 335000.0,
        "Net Income": -18972000.0,
        "Net Income Including Noncontrolling Interests": -18972000.0,
        "Net Income Discontinuous Operations": 0.0,
        "Net Income Continuous Operations": -18972000.0,
        "Tax Provision": 239000.0,
        "Pretax Income": -18733000.0,
        "Other Income Expense": 6337000.0,
        "Other Non Operating Income Expenses": -158000.0,
        "Special Income Charges": 6495000.0,
        "Other Special Charges": -6495000.0,
        "Restructuring And Mergern Acquisition": 0.0,
        "Net Non Operating Interest Income Expense": 457000.0,
        "Interest Expense Non Operating": 1603000.0,
        "Interest Income Non Operating": 2060000.0,
        "Operating Income": -25527000.0,
        "Operating Expense": 123867000.0,
        "Research And Development": 44392000.0,
        "Selling General And Administration": 79475000.0,
        "Selling And Marketing Expense": 24095000.0,
        "General And Administrative Expense": 55380000.0,
        "Other Gand A": 55380000.0,
        "Gross Profit": 98340000.0,
        "Cost Of Revenue": 170616000.0,
        "Total Revenue": 268956000.0,
        "Operating Revenue": 268956000.0
    },
    "2023-12-31": {
        "Tax Effect Of Unusual Items": 5124630.0,
        "Tax Rate For Calcs": 0.21,
        "Normalized EBITDA": -28563000.0,
        "Total Unusual Items": 24403000.0,
        "Total Unusual Items Excluding Goodwill": 24403000.0,
        "Net Income From Continuing Operation Net Minority Interest": -22898000.0,
        "Reconciled Depreciation": 14408000.0,
        "Reconciled Cost Of Revenue": 144926000.0,
        "EBITDA": -4160000.0,
        "EBIT": -18568000.0,
        "Net Interest Income": -1871000.0,
        "Interest Expense": 4233000.0,
        "Interest Income": 2362000.0,
        "Normalized Income": -42176370.0,
        "Net Income From Continuing And Discontinued Operation": -22898000.0,
        "Total Expenses": 261562000.0,
        "Total Operating Income As Reported": -44253000.0,
        "Diluted Average Shares": NaN,
        "Basic Average Shares": NaN,
        "Diluted EPS": NaN,
        "Basic EPS": NaN,
        "Diluted NI Availto Com Stockholders": -23114000.0,
        "Net Income Common Stockholders": -23114000.0,
        "Preferred Stock Dividends": 216000.0,
        "Net Income": -22898000.0,
        "Net Income Including Noncontrolling Interests": -22898000.0,
        "Net Income Discontinuous Operations": 0.0,
        "Net Income Continuous Operations": -22898000.0,
        "Tax Provision": 97000.0,
        "Pretax Income": -22801000.0,
        "Other Income Expense": 22555000.0,
        "Other Non Operating Income Expenses": -1848000.0,
        "Special Income Charges": 24403000.0,
        "Other Special Charges": -25171000.0,
        "Restructuring And Mergern Acquisition": 768000.0,
        "Net Non Operating Interest Income Expense": -1871000.0,
        "Interest Expense Non Operating": 4233000.0,
        "Interest Income Non Operating": 2362000.0,
        "Operating Income": -43485000.0,
        "Operating Expense": 116636000.0,
        "Research And Development": 44098000.0,
        "Selling General And Administration": 72538000.0,
        "Selling And Marketing Expense": 20332000.0,
        "General And Administrative Expense": 52206000.0,
        "Other Gand A": 52206000.0,
        "Gross Profit": 73151000.0,
        "Cost Of Revenue": 144926000.0,
        "Total Revenue": 218077000.0,
        "Operating Revenue": 178902000.0
    },
    "2024-03-31": {
        "Tax Effect Of Unusual Items": 12472.2,
        "Tax Rate For Calcs": 0.0026,
        "Normalized EBITDA": -52471000.0,
        "Total Unusual Items": 4797000.0,
        "Total Unusual Items Excluding Goodwill": 4797000.0,
        "Net Income From Continuing Operation Net Minority Interest": -66774000.0,
        "Reconciled Depreciation": 14398000.0,
        "Reconciled Cost Of Revenue": 154667000.0,
        "EBITDA": -47674000.0,
        "EBIT": -62072000.0,
        "Net Interest Income": -3042000.0,
        "Interest Expense": 4874000.0,
        "Interest Income": 1832000.0,
        "Normalized Income": -71558527.8,
        "Net Income From Continuing And Discontinued Operation": -66774000.0,
        "Total Expenses": 293847000.0,
        "Total Operating Income As Reported": -69257000.0,
        "Diluted Average Shares": 118364267.0,
        "Basic Average Shares": 118364267.0,
        "Diluted EPS": -0.57,
        "Basic EPS": -0.57,
        "Diluted NI Availto Com Stockholders": -67007000.0,
        "Net Income Common Stockholders": -67007000.0,
        "Preferred Stock Dividends": 233000.0,
        "Net Income": -66774000.0,
        "Net Income Including Noncontrolling Interests": -66774000.0,
        "Net Income Discontinuous Operations": 0.0,
        "Net Income Continuous Operations": -66774000.0,
        "Tax Provision": -172000.0,
        "Pretax Income": -66946000.0,
        "Other Income Expense": 4464000.0,
        "Other Non Operating Income Expenses": -333000.0,
        "Special Income Charges": 4797000.0,
        "Other Special Charges": -5686000.0,
        "Restructuring And Mergern Acquisition": 889000.0,
        "Net Non Operating Interest Income Expense": -3042000.0,
        "Interest Expense Non Operating": 4874000.0,
        "Interest Income Non Operating": 1832000.0,
        "Operating Income": -68368000.0,
        "Operating Expense": 139180000.0,
        "Research And Development": 46429000.0,
        "Selling General And Administration": 92751000.0,
        "Selling And Marketing Expense": 24878000.0,
        "General And Administrative Expense": 67873000.0,
        "Other Gand A": 67873000.0,
        "Gross Profit": 70812000.0,
        "Cost Of Revenue": 154667000.0,
        "Total Revenue": 225479000.0,
        "Operating Revenue": 225479000.0
    }
}