{
    "2023-03-31": {
        "Tax Effect Of Unusual Items": NaN,
        "Tax Rate For Calcs": NaN,
        "Normalized EBITDA": NaN,
        "Total Unusual Items": NaN,
        "Total Unusual Items Excluding Goodwill": NaN,
        "Net Income From Continuing Operation Net Minority Interest": NaN,
        "Reconciled Depreciation": NaN,
        "Reconciled Cost Of Revenue": NaN,
        "EBITDA": NaN,
        "EBIT": NaN,
        "Net Interest Income": NaN,
        "Interest Expense": NaN,
        "Normalized Income": NaN,
        "Net Income From Continuing And Discontinued Operation": NaN,
        "Total Expenses": NaN,
        "Total Operating Income As Reported": NaN,
        "Diluted Average Shares": 22114927.0,
        "Basic Average Shares": 22114927.0,
        "Diluted EPS": -0.5,
        "Basic EPS": -0.5,
        "Diluted NI Availto Com Stockholders": NaN,
        "Net Income Common Stockholders": NaN,
        "Net Income": NaN,
        "Minority Interests": NaN,
        "Net Income Including Noncontrolling Interests": NaN,
        "Net Income Continuous Operations": NaN,
        "Tax Provision": NaN,
        "Pretax Income": NaN,
        "Other Income Expense": NaN,
        "Other Non Operating Income Expenses": NaN,
        "Special Income Charges": NaN,
        "Gain On Sale Of Ppe": NaN,
        "Write Off": NaN,
        "Earnings From Equity Interest": NaN,
        "Net Non Operating Interest Income Expense": NaN,
        "Interest Expense Non Operating": NaN,
        "Operating Income": NaN,
        "Operating Expense": NaN,
        "Depreciation Amortization Depletion Income Statement": NaN,
        "Depreciation And Amortization In Income Statement": NaN,
        "Selling General And Administration": NaN,
        "General And Administrative Expense": NaN,
        "Other Gand A": NaN,
        "Gross Profit": NaN,
        "Cost Of Revenue": NaN,
        "Total Revenue": NaN,
        "Operating Revenue": NaN
    },
    "2022-12-31": {
        "Tax Effect Of Unusual Items": NaN,
        "Tax Rate For Calcs": NaN,
        "Normalized EBITDA": NaN,
        "Total Unusual Items": NaN,
        "Total Unusual Items Excluding Goodwill": NaN,
        "Net Income From Continuing Operation Net Minority Interest": NaN,
        "Reconciled Depreciation": NaN,
        "Reconciled Cost Of Revenue": NaN,
        "EBITDA": NaN,
        "EBIT": NaN,
        "Net Interest Income": NaN,
        "Interest Expense": NaN,
        "Normalized Income": NaN,
        "Net Income From Continuing And Discontinued Operation": NaN,
        "Total Expenses": NaN,
        "Total Operating Income As Reported": NaN,
        "Diluted Average Shares": NaN,
        "Basic Average Shares": NaN,
        "Diluted EPS": NaN,
        "Basic EPS": NaN,
        "Diluted NI Availto Com Stockholders": NaN,
        "Net Income Common Stockholders": NaN,
        "Net Income": NaN,
        "Minority Interests": NaN,
        "Net Income Including Noncontrolling Interests": NaN,
        "Net Income Continuous Operations": NaN,
        "Tax Provision": NaN,
        "Pretax Income": NaN,
        "Other Income Expense": NaN,
        "Other Non Operating Income Expenses": NaN,
        "Special Income Charges": NaN,
        "Gain On Sale Of Ppe": NaN,
        "Write Off": NaN,
        "Impairment Of Capital Assets": 0.0,
        "Earnings From Equity Interest": NaN,
        "Net Non Operating Interest Income Expense": NaN,
        "Interest Expense Non Operating": NaN,
        "Operating Income": NaN,
        "Operating Expense": NaN,
        "Depreciation Amortization Depletion Income Statement": NaN,
        "Depreciation And Amortization In Income Statement": NaN,
        "Selling General And Administration": NaN,
        "General And Administrative Expense": NaN,
        "Other Gand A": NaN,
        "Gross Profit": NaN,
        "Cost Of Revenue": NaN,
        "Total Revenue": NaN,
        "Operating Revenue": NaN
    },
    "2022-09-30": {
        "Tax Effect Of Unusual Items": NaN,
        "Tax Rate For Calcs": NaN,
        "Normalized EBITDA": NaN,
        "Total Unusual Items": NaN,
        "Total Unusual Items Excluding Goodwill": NaN,
        "Net Income From Continuing Operation Net Minority Interest": NaN,
        "Reconciled Depreciation": NaN,
        "Reconciled Cost Of Revenue": NaN,
        "EBITDA": NaN,
        "EBIT": NaN,
        "Net Interest Income": NaN,
        "Interest Expense": NaN,
        "Normalized Income": NaN,
        "Net Income From Continuing And Discontinued Operation": NaN,
        "Total Expenses": NaN,
        "Total Operating Income As Reported": NaN,
        "Diluted Average Shares": 22043823.0,
        "Basic Average Shares": 22043823.0,
        "Diluted EPS": -0.23,
        "Basic EPS": -0.23,
        "Diluted NI Availto Com Stockholders": NaN,
        "Net Income Common Stockholders": NaN,
        "Net Income": NaN,
        "Minority Interests": NaN,
        "Net Income Including Noncontrolling Interests": NaN,
        "Net Income Continuous Operations": NaN,
        "Tax Provision": NaN,
        "Pretax Income": NaN,
        "Other Income Expense": NaN,
        "Other Non Operating Income Expenses": NaN,
        "Special Income Charges": NaN,
        "Gain On Sale Of Ppe": NaN,
        "Write Off": 0.0,
        "Impairment Of Capital Assets": 0.0,
        "Earnings From Equity Interest": NaN,
        "Net Non Operating Interest Income Expense": NaN,
        "Interest Expense Non Operating": NaN,
        "Operating Income": NaN,
        "Operating Expense": NaN,
        "Depreciation Amortization Depletion Income Statement": NaN,
        "Depreciation And Amortization In Income Statement": NaN,
        "Selling General And Administration": NaN,
        "General And Administrative Expense": NaN,
        "Other Gand A": NaN,
        "Gross Profit": NaN,
        "Cost Of Revenue": NaN,
        "Total Revenue": NaN,
        "Operating Revenue": NaN
    },
    "2022-06-30": {
        "Tax Effect Of Unusual Items": -619600.0,
        "Tax Rate For Calcs": 0.4,
        "Normalized EBITDA": 9605000.0,
        "Total Unusual Items": -1549000.0,
        "Total Unusual Items Excluding Goodwill": -1549000.0,
        "Net Income From Continuing Operation Net Minority Interest": -2436000.0,
        "Reconciled Depreciation": 5618000.0,
        "Reconciled Cost Of Revenue": 52604000.0,
        "EBITDA": 8056000.0,
        "EBIT": 2438000.0,
        "Net Interest Income": -3343000.0,
        "Interest Expense": 3343000.0,
        "Normalized Income": -1506600.0,
        "Net Income From Continuing And Discontinued Operation": -2436000.0,
        "Total Expenses": 64534000.0,
        "Total Operating Income As Reported": -1572000.0,
        "Diluted Average Shares": 22952960.0,
        "Basic Average Shares": 22040512.0,
        "Diluted EPS": -0.11,
        "Basic EPS": -0.11,
        "Diluted NI Availto Com Stockholders": -2436000.0,
        "Net Income Common Stockholders": -2436000.0,
        "Net Income": -2436000.0,
        "Minority Interests": 7000.0,
        "Net Income Including Noncontrolling Interests": -2443000.0,
        "Net Income Continuous Operations": -2443000.0,
        "Tax Provision": 1538000.0,
        "Pretax Income": -905000.0,
        "Other Income Expense": 2461000.0,
        "Other Non Operating Income Expenses": 3773000.0,
        "Special Income Charges": -1549000.0,
        "Gain On Sale Of Ppe": 0.0,
        "Write Off": NaN,
        "Impairment Of Capital Assets": 1549000.0,
        "Earnings From Equity Interest": 237000.0,
        "Net Non Operating Interest Income Expense": -3343000.0,
        "Interest Expense Non Operating": 3343000.0,
        "Operating Income": -23000.0,
        "Operating Expense": 11559000.0,
        "Depreciation Amortization Depletion Income Statement": 5247000.0,
        "Depreciation And Amortization In Income Statement": 5247000.0,
        "Selling General And Administration": 6312000.0,
        "General And Administrative Expense": 6312000.0,
        "Other Gand A": 6312000.0,
        "Gross Profit": 11536000.0,
        "Cost Of Revenue": 52975000.0,
        "Total Revenue": 64511000.0,
        "Operating Revenue": 64511000.0
    },
    "2022-03-31": {
        "Diluted EPS": -0.7,
        "Total Revenue": 40,
        "Gross Profit": 0,
        "Operating Income": -12,
        "EBIT": 0,
        "Net Income": -15
    },
    "2021-12-31": {
        "Diluted EPS": 0.01,
        "Total Revenue": 50,
        "Gross Profit": 7,
        "Operating Income": -4,
        "EBIT": 8,
        "Net Income": 0
    },
    "2021-09-30": {
        "Diluted EPS": -0.46,
        "Total Revenue": 32,
        "Gross Profit": 0,
        "Operating Income": -11,
        "EBIT": 1,
        "Net Income": -10
    },
    "2021-06-30": {
        "Diluted EPS": 1.01,
        "Total Revenue": 36,
        "Gross Profit": 2,
        "Operating Income": -13,
        "EBIT": -1,
        "Net Income": 23
    },
    "2021-03-31": {
        "Diluted EPS": 0.86,
        "Total Revenue": 21,
        "Gross Profit": -3,
        "Operating Income": -14,
        "EBIT": -2,
        "Net Income": 19
    },
    "2020-12-31": {
        "Diluted EPS": -0.81,
        "Total Revenue": 15,
        "Gross Profit": -7,
        "Operating Income": -15,
        "EBIT": -2,
        "Net Income": -17
    },
    "2020-09-30": {
        "Diluted EPS": -0.88,
        "Total Revenue": 10,
        "Gross Profit": -8,
        "Operating Income": -17,
        "EBIT": -6,
        "Net Income": -19
    },
    "2020-06-30": {
        "Diluted EPS": -1.04,
        "Total Revenue": 3,
        "Gross Profit": -12,
        "Operating Income": -22,
        "EBIT": -12,
        "Net Income": -23
    },
    "2020-03-31": {
        "Diluted EPS": -0.27,
        "Total Revenue": 49,
        "Gross Profit": 4,
        "Operating Income": -7,
        "EBIT": 4,
        "Net Income": -6
    },
    "2019-12-31": {
        "Diluted EPS": -1.22,
        "Total Revenue": 69,
        "Gross Profit": 15,
        "Operating Income": 2,
        "EBIT": 13,
        "Net Income": -27
    },
    "2019-09-30": {
        "Diluted EPS": 0.04,
        "Total Revenue": 70,
        "Gross Profit": 14,
        "Operating Income": 3,
        "EBIT": 14,
        "Net Income": 1
    },
    "2019-06-30": {
        "Diluted EPS": 0.1,
        "Total Revenue": 76,
        "Gross Profit": 17,
        "Operating Income": 6,
        "EBIT": 17,
        "Net Income": 2
    },
    "2019-03-31": {
        "Diluted EPS": -0.09,
        "Total Revenue": 61,
        "Gross Profit": 11,
        "Operating Income": -1,
        "EBIT": 11,
        "Net Income": -2
    },
    "2018-12-31": {
        "Diluted EPS": 0.19,
        "Total Revenue": 75,
        "Gross Profit": 16,
        "Operating Income": 5,
        "EBIT": 12,
        "Net Income": 5
    },
    "2018-09-30": {
        "Diluted EPS": 0.06,
        "Total Revenue": 74,
        "Gross Profit": 17,
        "Operating Income": 5,
        "EBIT": 10,
        "Net Income": 1
    },
    "2018-06-30": {
        "Diluted EPS": 0.22,
        "Total Revenue": 84,
        "Gross Profit": 21,
        "Operating Income": 9,
        "EBIT": 14,
        "Net Income": 5
    },
    "2018-03-31": {
        "Diluted EPS": 0.13,
        "Total Revenue": 76,
        "Gross Profit": 19,
        "Operating Income": 6,
        "EBIT": 11,
        "Net Income": 3
    },
    "2017-12-31": {
        "Diluted EPS": 0.32,
        "Total Revenue": 72,
        "Gross Profit": 15,
        "Operating Income": 3,
        "EBIT": 8,
        "Net Income": 7
    },
    "2017-09-30": {
        "Diluted EPS": 0.07,
        "Total Revenue": 66,
        "Gross Profit": 14,
        "Operating Income": 4,
        "EBIT": 8,
        "Net Income": 2
    },
    "2017-06-30": {
        "Diluted EPS": 0.81,
        "Total Revenue": 72,
        "Gross Profit": 18,
        "Operating Income": 8,
        "EBIT": 13,
        "Net Income": 19
    },
    "2017-03-31": {
        "Diluted EPS": 0.13,
        "Total Revenue": 69,
        "Gross Profit": 16,
        "Operating Income": 6,
        "EBIT": 10,
        "Net Income": 3
    },
    "2016-12-31": {
        "Diluted EPS": 0.03,
        "Total Revenue": 68,
        "Gross Profit": 16,
        "Operating Income": 3,
        "EBIT": 8,
        "Net Income": 1
    },
    "2016-09-30": {
        "Diluted EPS": 0.16,
        "Total Revenue": 71,
        "Gross Profit": 17,
        "Operating Income": 7,
        "EBIT": 11,
        "Net Income": 4
    },
    "2016-06-30": {
        "Diluted EPS": 0.13,
        "Total Revenue": 67,
        "Gross Profit": 16,
        "Operating Income": 6,
        "EBIT": 10,
        "Net Income": 3
    },
    "2016-03-31": {
        "Diluted EPS": 0.09,
        "Total Revenue": 65,
        "Gross Profit": 15,
        "Operating Income": 5,
        "EBIT": 9,
        "Net Income": 2
    },
    "2015-12-31": {
        "Diluted EPS": 0.15,
        "Total Revenue": 67,
        "Gross Profit": 14,
        "Operating Income": 5,
        "EBIT": 9,
        "Net Income": 4
    },
    "2015-09-30": {
        "Diluted EPS": 0.02,
        "Total Revenue": 58,
        "Gross Profit": 11,
        "Operating Income": 3,
        "EBIT": 7,
        "Net Income": 0
    },
    "2015-06-30": {
        "Diluted EPS": 0.68,
        "Total Revenue": 73,
        "Gross Profit": 19,
        "Operating Income": 10,
        "EBIT": 15,
        "Net Income": 16
    },
    "2015-03-31": {
        "Diluted EPS": 0.13,
        "Total Revenue": 61,
        "Gross Profit": 13,
        "Operating Income": 5,
        "EBIT": 9,
        "Net Income": 3
    },
    "2014-12-31": {
        "Diluted EPS": 0.71,
        "Total Revenue": 62,
        "Gross Profit": 14,
        "Operating Income": 5,
        "EBIT": 10,
        "Net Income": 17
    },
    "2014-09-30": {
        "Diluted EPS": 0.17,
        "Total Revenue": 65,
        "Gross Profit": 14,
        "Operating Income": 6,
        "EBIT": 11,
        "Net Income": 4
    },
    "2014-06-30": {
        "Diluted EPS": 0.2,
        "Total Revenue": 70,
        "Gross Profit": 18,
        "Operating Income": 8,
        "EBIT": 12,
        "Net Income": 5
    },
    "2014-03-31": {
        "Diluted EPS": -0.01,
        "Total Revenue": 58,
        "Gross Profit": 11,
        "Operating Income": 3,
        "EBIT": 7,
        "Net Income": 0
    },
    "2013-12-31": {
        "Diluted EPS": 0.13,
        "Total Revenue": 64,
        "Gross Profit": 13,
        "Operating Income": 5,
        "EBIT": 9,
        "Net Income": 3
    },
    "2013-09-30": {
        "Diluted EPS": 0.1,
        "Total Revenue": 65,
        "Gross Profit": 14,
        "Operating Income": 6,
        "EBIT": 10,
        "Net Income": 2
    },
    "2013-06-30": {
        "Diluted EPS": 0.18,
        "Total Revenue": 70,
        "Gross Profit": 16,
        "Operating Income": 8,
        "EBIT": 12,
        "Net Income": 4
    },
    "2013-03-31": {
        "Diluted EPS": -0.03,
        "Total Revenue": 60,
        "Gross Profit": 11,
        "Operating Income": 3,
        "EBIT": 7,
        "Net Income": -1
    },
    "2012-12-31": {
        "Diluted EPS": -0.06,
        "Total Revenue": 65,
        "Gross Profit": 13,
        "Operating Income": 4,
        "EBIT": 10,
        "Net Income": -1
    },
    "2012-09-30": {
        "Diluted EPS": 0.02,
        "Total Revenue": 64,
        "Gross Profit": 12,
        "Operating Income": 4,
        "EBIT": 9,
        "Net Income": 0
    },
    "2012-06-30": {
        "Diluted EPS": 0.01,
        "Total Revenue": 63,
        "Gross Profit": 14,
        "Operating Income": 6,
        "EBIT": 10,
        "Net Income": 0
    },
    "2012-03-31": {
        "Diluted EPS": -0.01,
        "Total Revenue": 62,
        "Gross Profit": 13,
        "Operating Income": 5,
        "EBIT": 10,
        "Net Income": 0
    },
    "2011-12-31": {
        "Diluted EPS": -0.22,
        "Total Revenue": 57,
        "Gross Profit": 10,
        "Operating Income": 2,
        "EBIT": 7,
        "Net Income": -5
    },
    "2011-09-30": {
        "Diluted EPS": 0.0,
        "Total Revenue": 67,
        "Gross Profit": 15,
        "Operating Income": 7,
        "EBIT": 12,
        "Net Income": 0
    },
    "2011-06-30": {
        "Diluted EPS": 0.76,
        "Total Revenue": 67,
        "Gross Profit": 16,
        "Operating Income": 7,
        "EBIT": 12,
        "Net Income": 17
    },
    "2011-03-31": {
        "Diluted EPS": -0.11,
        "Total Revenue": 54,
        "Gross Profit": 10,
        "Operating Income": 2,
        "EBIT": 7,
        "Net Income": -2
    },
    "2010-12-31": {
        "Diluted EPS": -0.03,
        "Total Revenue": 54,
        "Gross Profit": 9,
        "Operating Income": 1,
        "EBIT": 6,
        "Net Income": -1
    },
    "2010-09-30": {
        "Diluted EPS": 0.05,
        "Total Revenue": 61,
        "Gross Profit": 14,
        "Operating Income": 6,
        "EBIT": 10,
        "Net Income": 1
    },
    "2010-06-30": {
        "Diluted EPS": -0.6,
        "Total Revenue": 57,
        "Gross Profit": 13,
        "Operating Income": 2,
        "EBIT": 7,
        "Net Income": -14
    },
    "2010-03-31": {
        "Diluted EPS": 0.02,
        "Total Revenue": 58,
        "Gross Profit": 13,
        "Operating Income": 4,
        "EBIT": 9,
        "Net Income": 0
    },
    "2009-12-31": {
        "Diluted EPS": -0.16,
        "Total Revenue": 59,
        "Gross Profit": 14,
        "Operating Income": 1,
        "EBIT": 5,
        "Net Income": -4
    },
    "2009-09-30": {
        "Diluted EPS": 0.14,
        "Total Revenue": 56,
        "Gross Profit": 12,
        "Operating Income": 7,
        "EBIT": 11,
        "Net Income": 3
    },
    "2009-06-30": {
        "Diluted EPS": 0.44,
        "Total Revenue": 54,
        "Gross Profit": 13,
        "Operating Income": 5,
        "EBIT": 8,
        "Net Income": 10
    },
    "2009-03-31": {
        "Diluted EPS": -0.15,
        "Total Revenue": 47,
        "Gross Profit": 10,
        "Operating Income": 2,
        "EBIT": 7,
        "Net Income": -3
    },
    "2023-06-30": {
        "Tax Effect Of Unusual Items": NaN,
        "Tax Rate For Calcs": NaN,
        "Normalized EBITDA": NaN,
        "Total Unusual Items": NaN,
        "Total Unusual Items Excluding Goodwill": NaN,
        "Net Income From Continuing Operation Net Minority Interest": NaN,
        "Reconciled Depreciation": NaN,
        "Reconciled Cost Of Revenue": NaN,
        "EBITDA": NaN,
        "EBIT": NaN,
        "Net Interest Income": NaN,
        "Interest Expense": NaN,
        "Normalized Income": NaN,
        "Net Income From Continuing And Discontinued Operation": NaN,
        "Total Expenses": NaN,
        "Total Operating Income As Reported": NaN,
        "Diluted Average Shares": 23502506.0,
        "Basic Average Shares": 22262214.0,
        "Diluted EPS": -0.12,
        "Basic EPS": -0.12,
        "Diluted NI Availto Com Stockholders": NaN,
        "Net Income Common Stockholders": NaN,
        "Net Income": NaN,
        "Minority Interests": NaN,
        "Net Income Including Noncontrolling Interests": NaN,
        "Net Income Continuous Operations": NaN,
        "Tax Provision": NaN,
        "Pretax Income": NaN,
        "Other Income Expense": NaN,
        "Other Non Operating Income Expenses": NaN,
        "Special Income Charges": NaN,
        "Gain On Sale Of Ppe": NaN,
        "Write Off": 0.0,
        "Earnings From Equity Interest": NaN,
        "Net Non Operating Interest Income Expense": NaN,
        "Interest Expense Non Operating": NaN,
        "Operating Income": NaN,
        "Operating Expense": NaN,
        "Depreciation Amortization Depletion Income Statement": NaN,
        "Depreciation And Amortization In Income Statement": NaN,
        "Selling General And Administration": NaN,
        "General And Administrative Expense": NaN,
        "Other Gand A": NaN,
        "Gross Profit": NaN,
        "Cost Of Revenue": NaN,
        "Total Revenue": NaN,
        "Operating Revenue": NaN
    },
    "2023-09-30": {
        "Tax Effect Of Unusual Items": 0.0,
        "Tax Rate For Calcs": 0.21,
        "Normalized EBITDA": 6486000.0,
        "Total Unusual Items": 0.0,
        "Total Unusual Items Excluding Goodwill": 0.0,
        "Net Income From Continuing Operation Net Minority Interest": -4400000.0,
        "Reconciled Depreciation": 4983000.0,
        "Reconciled Cost Of Revenue": 55156000.0,
        "EBITDA": 6486000.0,
        "EBIT": 1503000.0,
        "Net Interest Income": -5072000.0,
        "Interest Expense": 5072000.0,
        "Normalized Income": -4400000.0,
        "Net Income From Continuing And Discontinued Operation": -4400000.0,
        "Total Expenses": 65544000.0,
        "Total Operating Income As Reported": 1019000.0,
        "Diluted Average Shares": 23513715.0,
        "Basic Average Shares": 22273423.0,
        "Diluted EPS": -0.2,
        "Basic EPS": -0.2,
        "Diluted NI Availto Com Stockholders": -4400000.0,
        "Net Income Common Stockholders": -4400000.0,
        "Net Income": -4400000.0,
        "Minority Interests": 65000.0,
        "Net Income Including Noncontrolling Interests": -4465000.0,
        "Net Income Continuous Operations": -4465000.0,
        "Tax Provision": 896000.0,
        "Pretax Income": -3569000.0,
        "Other Income Expense": 484000.0,
        "Other Non Operating Income Expenses": 267000.0,
        "Special Income Charges": 0.0,
        "Gain On Sale Of Ppe": 0.0,
        "Write Off": 0.0,
        "Earnings From Equity Interest": 217000.0,
        "Net Non Operating Interest Income Expense": -5072000.0,
        "Interest Expense Non Operating": 5072000.0,
        "Operating Income": 1019000.0,
        "Operating Expense": 9985000.0,
        "Depreciation Amortization Depletion Income Statement": 4580000.0,
        "Depreciation And Amortization In Income Statement": 4580000.0,
        "Selling General And Administration": 5405000.0,
        "General And Administrative Expense": 5405000.0,
        "Other Gand A": 5405000.0,
        "Gross Profit": 11004000.0,
        "Cost Of Revenue": 55559000.0,
        "Total Revenue": 66563000.0,
        "Operating Revenue": 66563000.0
    },
    "2023-12-31": {
        "Tax Effect Of Unusual Items": 118020.0,
        "Tax Rate For Calcs": 0.21,
        "Normalized EBITDA": -2234000.0,
        "Total Unusual Items": 562000.0,
        "Total Unusual Items Excluding Goodwill": 562000.0,
        "Net Income From Continuing Operation Net Minority Interest": -12384000.0,
        "Reconciled Depreciation": 5231000.0,
        "Reconciled Cost Of Revenue": 42567000.0,
        "EBITDA": -1672000.0,
        "EBIT": -6903000.0,
        "Net Interest Income": -5355000.0,
        "Interest Expense": 5355000.0,
        "Normalized Income": -12827980.0,
        "Net Income From Continuing And Discontinued Operation": -12384000.0,
        "Total Expenses": 52277000.0,
        "Total Operating Income As Reported": -6958000.0,
        "Diluted Average Shares": NaN,
        "Basic Average Shares": NaN,
        "Diluted EPS": NaN,
        "Basic EPS": NaN,
        "Diluted NI Availto Com Stockholders": -12384000.0,
        "Net Income Common Stockholders": -12384000.0,
        "Net Income": -12384000.0,
        "Minority Interests": 151000.0,
        "Net Income Including Noncontrolling Interests": -12535000.0,
        "Net Income Continuous Operations": -12535000.0,
        "Tax Provision": 277000.0,
        "Pretax Income": -12258000.0,
        "Other Income Expense": 55000.0,
        "Other Non Operating Income Expenses": -520000.0,
        "Special Income Charges": 562000.0,
        "Gain On Sale Of Ppe": 562000.0,
        "Write Off": NaN,
        "Earnings From Equity Interest": 13000.0,
        "Net Non Operating Interest Income Expense": -5355000.0,
        "Interest Expense Non Operating": 5355000.0,
        "Operating Income": -6958000.0,
        "Operating Expense": 8993000.0,
        "Depreciation Amortization Depletion Income Statement": 4514000.0,
        "Depreciation And Amortization In Income Statement": 4514000.0,
        "Selling General And Administration": 4479000.0,
        "General And Administrative Expense": 4479000.0,
        "Other Gand A": 4479000.0,
        "Gross Profit": 2035000.0,
        "Cost Of Revenue": 43284000.0,
        "Total Revenue": 45319000.0,
        "Operating Revenue": 45319000.0
    },
    "2024-03-31": {
        "Tax Effect Of Unusual Items": -18000.0,
        "Tax Rate For Calcs": 0.016,
        "Normalized EBITDA": -2505000.0,
        "Total Unusual Items": -1125000.0,
        "Total Unusual Items Excluding Goodwill": -1125000.0,
        "Net Income From Continuing Operation Net Minority Interest": -13228000.0,
        "Reconciled Depreciation": 4710000.0,
        "Reconciled Cost Of Revenue": 42450000.0,
        "EBITDA": -3630000.0,
        "EBIT": -8340000.0,
        "Net Interest Income": -5286000.0,
        "Interest Expense": 5286000.0,
        "Normalized Income": -12121000.0,
        "Net Income From Continuing And Discontinued Operation": -13228000.0,
        "Total Expenses": 52583000.0,
        "Total Operating Income As Reported": -7531000.0,
        "Diluted Average Shares": 22348994.0,
        "Basic Average Shares": 22348994.0,
        "Diluted EPS": -0.59,
        "Basic EPS": -0.59,
        "Diluted NI Availto Com Stockholders": -13228000.0,
        "Net Income Common Stockholders": -13228000.0,
        "Net Income": -13228000.0,
        "Minority Interests": 175000.0,
        "Net Income Including Noncontrolling Interests": -13403000.0,
        "Net Income Continuous Operations": -13403000.0,
        "Tax Provision": -223000.0,
        "Pretax Income": -13626000.0,
        "Other Income Expense": -809000.0,
        "Other Non Operating Income Expenses": 341000.0,
        "Special Income Charges": -1125000.0,
        "Gain On Sale Of Ppe": -1125000.0,
        "Write Off": NaN,
        "Earnings From Equity Interest": -25000.0,
        "Net Non Operating Interest Income Expense": -5286000.0,
        "Interest Expense Non Operating": 5286000.0,
        "Operating Income": -7531000.0,
        "Operating Expense": 9628000.0,
        "Depreciation Amortization Depletion Income Statement": 4205000.0,
        "Depreciation And Amortization In Income Statement": 4205000.0,
        "Selling General And Administration": 5423000.0,
        "General And Administrative Expense": 5423000.0,
        "Other Gand A": 5423000.0,
        "Gross Profit": 2097000.0,
        "Cost Of Revenue": 42955000.0,
        "Total Revenue": 45052000.0,
        "Operating Revenue": 45052000.0
    },
    "2024-06-30": {
        "Tax Effect Of Unusual Items": 144.861742,
        "Tax Rate For Calcs": 0.016096,
        "Normalized EBITDA": -114000.0,
        "Total Unusual Items": 9000.0,
        "Total Unusual Items Excluding Goodwill": 9000.0,
        "Net Income From Continuing Operation Net Minority Interest": -9341000.0,
        "Reconciled Depreciation": 4335000.0,
        "Reconciled Cost Of Revenue": 41555000.0,
        "EBITDA": -105000.0,
        "EBIT": -4440000.0,
        "Net Interest Income": -5252000.0,
        "Interest Expense": 5252000.0,
        "Normalized Income": -9349855.138258,
        "Net Income From Continuing And Discontinued Operation": -9341000.0,
        "Total Expenses": 51161000.0,
        "Total Operating Income As Reported": -4352000.0,
        "Diluted Average Shares": 23246591.0,
        "Basic Average Shares": 22413617.0,
        "Diluted EPS": -0.42,
        "Basic EPS": -0.42,
        "Diluted NI Availto Com Stockholders": -9341000.0,
        "Net Income Common Stockholders": -9341000.0,
        "Net Income": -9341000.0,
        "Minority Interests": 195000.0,
        "Net Income Including Noncontrolling Interests": -9536000.0,
        "Net Income Continuous Operations": -9536000.0,
        "Tax Provision": -156000.0,
        "Pretax Income": -9692000.0,
        "Other Income Expense": -88000.0,
        "Other Non Operating Income Expenses": -216000.0,
        "Special Income Charges": 9000.0,
        "Gain On Sale Of Ppe": 9000.0,
        "Write Off": NaN,
        "Earnings From Equity Interest": 119000.0,
        "Net Non Operating Interest Income Expense": -5252000.0,
        "Interest Expense Non Operating": 5252000.0,
        "Operating Income": -4352000.0,
        "Operating Expense": 9282000.0,
        "Depreciation Amortization Depletion Income Statement": 4011000.0,
        "Depreciation And Amortization In Income Statement": 4011000.0,
        "Selling General And Administration": 5271000.0,
        "General And Administrative Expense": 5271000.0,
        "Other Gand A": 5271000.0,
        "Gross Profit": 4930000.0,
        "Cost Of Revenue": 41879000.0,
        "Total Revenue": 46809000.0,
        "Operating Revenue": 46809000.0
    },
    "2024-09-30": {
        "Tax Effect Of Unusual Items": -43680.0,
        "Tax Rate For Calcs": 0.21,
        "Normalized EBITDA": 3314000.0,
        "Total Unusual Items": -208000.0,
        "Total Unusual Items Excluding Goodwill": -208000.0,
        "Net Income From Continuing Operation Net Minority Interest": -6916000.0,
        "Reconciled Depreciation": 4204000.0,
        "Reconciled Cost Of Revenue": 51199000.0,
        "EBITDA": 3106000.0,
        "EBIT": -1098000.0,
        "Net Interest Income": -5229000.0,
        "Interest Expense": 5229000.0,
        "Normalized Income": -6751680.0,
        "Net Income From Continuing And Discontinued Operation": -6916000.0,
        "Total Expenses": 60336000.0,
        "Total Operating Income As Reported": -246000.0,
        "Diluted Average Shares": 23202192.0,
        "Basic Average Shares": 22426184.0,
        "Diluted EPS": -0.31,
        "Basic EPS": -0.31,
        "Diluted NI Availto Com Stockholders": -6916000.0,
        "Net Income Common Stockholders": -6916000.0,
        "Net Income": -6916000.0,
        "Minority Interests": 111000.0,
        "Net Income Including Noncontrolling Interests": -7027000.0,
        "Net Income Continuous Operations": -7027000.0,
        "Tax Provision": 700000.0,
        "Pretax Income": -6327000.0,
        "Other Income Expense": -852000.0,
        "Other Non Operating Income Expenses": -715000.0,
        "Special Income Charges": -208000.0,
        "Gain On Sale Of Ppe": -208000.0,
        "Write Off": NaN,
        "Earnings From Equity Interest": 71000.0,
        "Net Non Operating Interest Income Expense": -5229000.0,
        "Interest Expense Non Operating": 5229000.0,
        "Operating Income": -246000.0,
        "Operating Expense": 8859000.0,
        "Depreciation Amortization Depletion Income Statement": 3926000.0,
        "Depreciation And Amortization In Income Statement": 3926000.0,
        "Selling General And Administration": 4933000.0,
        "General And Administrative Expense": 4933000.0,
        "Other Gand A": 4933000.0,
        "Gross Profit": 8613000.0,
        "Cost Of Revenue": 51477000.0,
        "Total Revenue": 60090000.0,
        "Operating Revenue": 60090000.0
    }
}