{
    "2023-03-31": {
        "Tax Effect Of Unusual Items": NaN,
        "Tax Rate For Calcs": NaN,
        "Normalized EBITDA": NaN,
        "Total Unusual Items": NaN,
        "Total Unusual Items Excluding Goodwill": NaN,
        "Net Income From Continuing Operation Net Minority Interest": NaN,
        "Reconciled Depreciation": NaN,
        "Reconciled Cost Of Revenue": NaN,
        "EBITDA": NaN,
        "EBIT": NaN,
        "Net Interest Income": NaN,
        "Interest Expense": NaN,
        "Normalized Income": NaN,
        "Net Income From Continuing And Discontinued Operation": NaN,
        "Total Expenses": NaN,
        "Total Operating Income As Reported": NaN,
        "Diluted Average Shares": 57701439.0,
        "Basic Average Shares": 57701439.0,
        "Diluted EPS": -0.36,
        "Basic EPS": -0.36,
        "Diluted NI Availto Com Stockholders": NaN,
        "Average Dilution Earnings": NaN,
        "Net Income Common Stockholders": NaN,
        "Net Income": NaN,
        "Minority Interests": NaN,
        "Net Income Including Noncontrolling Interests": NaN,
        "Net Income Continuous Operations": NaN,
        "Tax Provision": NaN,
        "Pretax Income": NaN,
        "Other Income Expense": NaN,
        "Other Non Operating Income Expenses": NaN,
        "Special Income Charges": NaN,
        "Gain On Sale Of Ppe": NaN,
        "Other Special Charges": NaN,
        "Restructuring And Mergern Acquisition": NaN,
        "Earnings From Equity Interest": NaN,
        "Gain On Sale Of Security": NaN,
        "Net Non Operating Interest Income Expense": NaN,
        "Interest Expense Non Operating": NaN,
        "Operating Income": NaN,
        "Operating Expense": NaN,
        "Depreciation Amortization Depletion Income Statement": NaN,
        "Depreciation And Amortization In Income Statement": NaN,
        "Gross Profit": NaN,
        "Cost Of Revenue": NaN,
        "Total Revenue": NaN,
        "Operating Revenue": NaN
    },
    "2022-12-31": {
        "Tax Effect Of Unusual Items": NaN,
        "Tax Rate For Calcs": NaN,
        "Normalized EBITDA": NaN,
        "Total Unusual Items": NaN,
        "Total Unusual Items Excluding Goodwill": NaN,
        "Net Income From Continuing Operation Net Minority Interest": NaN,
        "Reconciled Depreciation": NaN,
        "Reconciled Cost Of Revenue": NaN,
        "EBITDA": NaN,
        "EBIT": NaN,
        "Net Interest Income": NaN,
        "Interest Expense": NaN,
        "Normalized Income": NaN,
        "Net Income From Continuing And Discontinued Operation": NaN,
        "Total Expenses": NaN,
        "Total Operating Income As Reported": NaN,
        "Diluted Average Shares": 57040622.0,
        "Basic Average Shares": 57040622.0,
        "Diluted EPS": -0.02,
        "Basic EPS": -0.02,
        "Diluted NI Availto Com Stockholders": NaN,
        "Average Dilution Earnings": NaN,
        "Net Income Common Stockholders": NaN,
        "Net Income": NaN,
        "Minority Interests": NaN,
        "Net Income Including Noncontrolling Interests": NaN,
        "Net Income Continuous Operations": NaN,
        "Tax Provision": NaN,
        "Pretax Income": NaN,
        "Other Income Expense": NaN,
        "Other Non Operating Income Expenses": NaN,
        "Special Income Charges": NaN,
        "Gain On Sale Of Ppe": NaN,
        "Restructuring And Mergern Acquisition": NaN,
        "Earnings From Equity Interest": NaN,
        "Gain On Sale Of Security": NaN,
        "Net Non Operating Interest Income Expense": NaN,
        "Interest Expense Non Operating": NaN,
        "Operating Income": NaN,
        "Operating Expense": NaN,
        "Depreciation Amortization Depletion Income Statement": NaN,
        "Depreciation And Amortization In Income Statement": NaN,
        "Gross Profit": NaN,
        "Cost Of Revenue": NaN,
        "Total Revenue": NaN,
        "Operating Revenue": NaN
    },
    "2022-09-30": {
        "Tax Effect Of Unusual Items": NaN,
        "Tax Rate For Calcs": NaN,
        "Normalized EBITDA": NaN,
        "Total Unusual Items": NaN,
        "Total Unusual Items Excluding Goodwill": NaN,
        "Net Income From Continuing Operation Net Minority Interest": NaN,
        "Reconciled Depreciation": NaN,
        "Reconciled Cost Of Revenue": NaN,
        "EBITDA": NaN,
        "EBIT": NaN,
        "Net Interest Income": NaN,
        "Interest Expense": NaN,
        "Normalized Income": NaN,
        "Net Income From Continuing And Discontinued Operation": NaN,
        "Total Expenses": NaN,
        "Total Operating Income As Reported": NaN,
        "Diluted Average Shares": NaN,
        "Basic Average Shares": NaN,
        "Diluted EPS": NaN,
        "Basic EPS": NaN,
        "Diluted NI Availto Com Stockholders": NaN,
        "Average Dilution Earnings": 0.0,
        "Net Income Common Stockholders": NaN,
        "Net Income": NaN,
        "Minority Interests": NaN,
        "Net Income Including Noncontrolling Interests": NaN,
        "Net Income Continuous Operations": NaN,
        "Tax Provision": NaN,
        "Pretax Income": NaN,
        "Other Income Expense": NaN,
        "Other Non Operating Income Expenses": NaN,
        "Special Income Charges": NaN,
        "Gain On Sale Of Ppe": NaN,
        "Restructuring And Mergern Acquisition": NaN,
        "Earnings From Equity Interest": NaN,
        "Gain On Sale Of Security": NaN,
        "Net Non Operating Interest Income Expense": NaN,
        "Interest Expense Non Operating": NaN,
        "Operating Income": NaN,
        "Operating Expense": NaN,
        "Depreciation Amortization Depletion Income Statement": NaN,
        "Depreciation And Amortization In Income Statement": NaN,
        "Gross Profit": NaN,
        "Cost Of Revenue": NaN,
        "Total Revenue": NaN,
        "Operating Revenue": NaN
    },
    "2022-06-30": {
        "Tax Effect Of Unusual Items": 1206822.0,
        "Tax Rate For Calcs": 0.197,
        "Normalized EBITDA": 68608000.0,
        "Total Unusual Items": 6126000.0,
        "Total Unusual Items Excluding Goodwill": 6126000.0,
        "Net Income From Continuing Operation Net Minority Interest": 7905000.0,
        "Reconciled Depreciation": 46115000.0,
        "Reconciled Cost Of Revenue": 288522000.0,
        "EBITDA": 74734000.0,
        "EBIT": 28619000.0,
        "Net Interest Income": -11385000.0,
        "Interest Expense": 11385000.0,
        "Normalized Income": 2985822.0,
        "Net Income From Continuing And Discontinued Operation": 7905000.0,
        "Total Expenses": 334637000.0,
        "Total Operating Income As Reported": 19558000.0,
        "Diluted Average Shares": 56966548.0,
        "Basic Average Shares": 56059824.0,
        "Diluted EPS": 0.13,
        "Basic EPS": 0.14,
        "Diluted NI Availto Com Stockholders": 7437000.0,
        "Average Dilution Earnings": -468000.0,
        "Net Income Common Stockholders": 7905000.0,
        "Net Income": 7905000.0,
        "Minority Interests": -5926000.0,
        "Net Income Including Noncontrolling Interests": 13831000.0,
        "Net Income Continuous Operations": 13831000.0,
        "Tax Provision": 3403000.0,
        "Pretax Income": 17234000.0,
        "Other Income Expense": 8881000.0,
        "Other Non Operating Income Expenses": 7000.0,
        "Special Income Charges": -180000.0,
        "Gain On Sale Of Ppe": -81000.0,
        "Other Special Charges": NaN,
        "Restructuring And Mergern Acquisition": 99000.0,
        "Earnings From Equity Interest": 2748000.0,
        "Gain On Sale Of Security": 6306000.0,
        "Net Non Operating Interest Income Expense": -11385000.0,
        "Interest Expense Non Operating": 11385000.0,
        "Operating Income": 19738000.0,
        "Operating Expense": 28862000.0,
        "Depreciation Amortization Depletion Income Statement": 28862000.0,
        "Depreciation And Amortization In Income Statement": 28862000.0,
        "Gross Profit": 48600000.0,
        "Cost Of Revenue": 305775000.0,
        "Total Revenue": 354375000.0,
        "Operating Revenue": 316501000.0
    },
    "2022-03-31": {
        "Diluted EPS": 0.05,
        "Total Revenue": 342,
        "Gross Profit": 27,
        "Operating Income": -2,
        "EBIT": 44,
        "Net Income": 3
    },
    "2021-12-31": {
        "Diluted EPS": -0.07,
        "Total Revenue": 333,
        "Gross Profit": 48,
        "Operating Income": 5,
        "EBIT": 50,
        "Net Income": -4
    },
    "2021-09-30": {
        "Diluted EPS": 0.3,
        "Total Revenue": 333,
        "Gross Profit": 60,
        "Operating Income": 33,
        "EBIT": 78,
        "Net Income": 16
    },
    "2021-06-30": {
        "Diluted EPS": 0.05,
        "Total Revenue": 334,
        "Gross Profit": 50,
        "Operating Income": 28,
        "EBIT": 72,
        "Net Income": 3
    },
    "2021-03-31": {
        "Diluted EPS": 0.18,
        "Total Revenue": 315,
        "Gross Profit": 33,
        "Operating Income": 18,
        "EBIT": 60,
        "Net Income": 9
    },
    "2020-12-31": {
        "Diluted EPS": 0.13,
        "Total Revenue": 308,
        "Gross Profit": 50,
        "Operating Income": 21,
        "EBIT": 63,
        "Net Income": 6
    },
    "2020-09-30": {
        "Diluted EPS": 0.12,
        "Total Revenue": 292,
        "Gross Profit": 45,
        "Operating Income": 23,
        "EBIT": 64,
        "Net Income": 6
    },
    "2020-06-30": {
        "Diluted EPS": -0.21,
        "Total Revenue": 191,
        "Gross Profit": -4,
        "Operating Income": 0,
        "EBIT": 40,
        "Net Income": -11
    },
    "2020-03-31": {
        "Diluted EPS": -0.33,
        "Total Revenue": 282,
        "Gross Profit": 14,
        "Operating Income": -9,
        "EBIT": 31,
        "Net Income": -16
    },
    "2019-12-31": {
        "Diluted EPS": 0.21,
        "Total Revenue": 301,
        "Gross Profit": 45,
        "Operating Income": 24,
        "EBIT": 62,
        "Net Income": 10
    },
    "2019-09-30": {
        "Diluted EPS": 0.06,
        "Total Revenue": 293,
        "Gross Profit": 38,
        "Operating Income": 17,
        "EBIT": 55,
        "Net Income": 3
    },
    "2019-06-30": {
        "Diluted EPS": 0.1,
        "Total Revenue": 289,
        "Gross Profit": 43,
        "Operating Income": 22,
        "EBIT": 60,
        "Net Income": 5
    },
    "2019-03-31": {
        "Diluted EPS": -0.08,
        "Total Revenue": 272,
        "Gross Profit": 28,
        "Operating Income": 7,
        "EBIT": 44,
        "Net Income": -4
    },
    "2018-12-31": {
        "Diluted EPS": 0.6,
        "Total Revenue": 257,
        "Gross Profit": 24,
        "Operating Income": -1,
        "EBIT": 20,
        "Net Income": 29
    },
    "2018-09-30": {
        "Diluted EPS": 0.1,
        "Total Revenue": 242,
        "Gross Profit": 34,
        "Operating Income": 16,
        "EBIT": 35,
        "Net Income": 5
    },
    "2018-06-30": {
        "Diluted EPS": 0.11,
        "Total Revenue": 244,
        "Gross Profit": 34,
        "Operating Income": 16,
        "EBIT": 35,
        "Net Income": 5
    },
    "2018-03-31": {
        "Diluted EPS": -0.15,
        "Total Revenue": 231,
        "Gross Profit": 16,
        "Operating Income": -1,
        "EBIT": 18,
        "Net Income": -7
    },
    "2017-12-31": {
        "Diluted EPS": -0.15,
        "Total Revenue": 236,
        "Gross Profit": 35,
        "Operating Income": 18,
        "EBIT": 36,
        "Net Income": -7
    },
    "2017-09-30": {
        "Diluted EPS": 0.07,
        "Total Revenue": 228,
        "Gross Profit": 29,
        "Operating Income": 11,
        "EBIT": 29,
        "Net Income": 3
    },
    "2017-06-30": {
        "Diluted EPS": 0.11,
        "Total Revenue": 230,
        "Gross Profit": 31,
        "Operating Income": 14,
        "EBIT": 32,
        "Net Income": 5
    },
    "2017-03-31": {
        "Diluted EPS": -0.03,
        "Total Revenue": 229,
        "Gross Profit": 24,
        "Operating Income": 7,
        "EBIT": 24,
        "Net Income": -1
    },
    "2016-12-31": {
        "Diluted EPS": 0.06,
        "Total Revenue": 225,
        "Gross Profit": 33,
        "Operating Income": 15,
        "EBIT": 33,
        "Net Income": 3
    },
    "2016-09-30": {
        "Diluted EPS": 0.04,
        "Total Revenue": 225,
        "Gross Profit": 32,
        "Operating Income": 12,
        "EBIT": 31,
        "Net Income": 2
    },
    "2016-06-30": {
        "Diluted EPS": 0.08,
        "Total Revenue": 219,
        "Gross Profit": 25,
        "Operating Income": 8,
        "EBIT": 25,
        "Net Income": 4
    },
    "2016-03-31": {
        "Diluted EPS": -0.03,
        "Total Revenue": 216,
        "Gross Profit": 20,
        "Operating Income": 3,
        "EBIT": 21,
        "Net Income": -1
    },
    "2015-12-31": {
        "Diluted EPS": 0.02,
        "Total Revenue": 216,
        "Gross Profit": 28,
        "Operating Income": 10,
        "EBIT": 29,
        "Net Income": 1
    },
    "2015-09-30": {
        "Diluted EPS": 0.18,
        "Total Revenue": 208,
        "Gross Profit": 33,
        "Operating Income": 17,
        "EBIT": 33,
        "Net Income": 8
    },
    "2015-06-30": {
        "Diluted EPS": 0.08,
        "Total Revenue": 204,
        "Gross Profit": 28,
        "Operating Income": 13,
        "EBIT": 29,
        "Net Income": 3
    },
    "2015-03-31": {
        "Diluted EPS": -0.11,
        "Total Revenue": 181,
        "Gross Profit": 12,
        "Operating Income": -2,
        "EBIT": 15,
        "Net Income": -5
    },
    "2014-12-31": {
        "Diluted EPS": 0.12,
        "Total Revenue": 186,
        "Gross Profit": 29,
        "Operating Income": 15,
        "EBIT": 30,
        "Net Income": 4
    },
    "2014-09-30": {
        "Diluted EPS": 0.1,
        "Total Revenue": 184,
        "Gross Profit": 31,
        "Operating Income": 15,
        "EBIT": 31,
        "Net Income": 4
    },
    "2014-06-30": {
        "Diluted EPS": 0.12,
        "Total Revenue": 179,
        "Gross Profit": 31,
        "Operating Income": 16,
        "EBIT": 34,
        "Net Income": 5
    },
    "2014-03-31": {
        "Diluted EPS": -0.31,
        "Total Revenue": 169,
        "Gross Profit": 24,
        "Operating Income": 8,
        "EBIT": 23,
        "Net Income": -12
    },
    "2013-12-31": {
        "Diluted EPS": 0.02,
        "Total Revenue": 178,
        "Gross Profit": 30,
        "Operating Income": 14,
        "EBIT": 27,
        "Net Income": 1
    },
    "2013-09-30": {
        "Diluted EPS": -0.01,
        "Total Revenue": 175,
        "Gross Profit": 23,
        "Operating Income": 9,
        "EBIT": 26,
        "Net Income": 0
    },
    "2013-06-30": {
        "Diluted EPS": 0.07,
        "Total Revenue": 177,
        "Gross Profit": 28,
        "Operating Income": 13,
        "EBIT": 30,
        "Net Income": 3
    },
    "2013-03-31": {
        "Diluted EPS": -0.03,
        "Total Revenue": 173,
        "Gross Profit": 23,
        "Operating Income": 8,
        "EBIT": 24,
        "Net Income": -1
    },
    "2012-12-31": {
        "Diluted EPS": 1.32,
        "Total Revenue": 159,
        "Gross Profit": 22,
        "Operating Income": 7,
        "EBIT": 23,
        "Net Income": 52
    },
    "2012-09-30": {
        "Diluted EPS": 0.13,
        "Total Revenue": 160,
        "Gross Profit": 27,
        "Operating Income": 14,
        "EBIT": 29,
        "Net Income": 5
    },
    "2012-06-30": {
        "Diluted EPS": 0.07,
        "Total Revenue": 165,
        "Gross Profit": 29,
        "Operating Income": 13,
        "EBIT": 32,
        "Net Income": 3
    },
    "2012-03-31": {
        "Diluted EPS": 0.0,
        "Total Revenue": 162,
        "Gross Profit": 27,
        "Operating Income": 11,
        "EBIT": 28,
        "Net Income": 0
    },
    "2011-12-31": {
        "Diluted EPS": 0.12,
        "Total Revenue": 150,
        "Gross Profit": 25,
        "Operating Income": 16,
        "EBIT": 32,
        "Net Income": 5
    },
    "2011-09-30": {
        "Diluted EPS": 0.0,
        "Total Revenue": 143,
        "Gross Profit": 25,
        "Operating Income": 11,
        "EBIT": 27,
        "Net Income": 0
    },
    "2011-06-30": {
        "Diluted EPS": 0.09,
        "Total Revenue": 148,
        "Gross Profit": 29,
        "Operating Income": 15,
        "EBIT": 32,
        "Net Income": 4
    },
    "2011-03-31": {
        "Diluted EPS": -0.02,
        "Total Revenue": 144,
        "Gross Profit": 28,
        "Operating Income": 9,
        "EBIT": 24,
        "Net Income": -1
    },
    "2010-12-31": {
        "Diluted EPS": 0.09,
        "Total Revenue": 115,
        "Gross Profit": 6,
        "Operating Income": 16,
        "EBIT": 31,
        "Net Income": 3
    },
    "2010-09-30": {
        "Diluted EPS": -0.01,
        "Total Revenue": 140,
        "Gross Profit": 33,
        "Operating Income": 11,
        "EBIT": 26,
        "Net Income": 0
    },
    "2010-06-30": {
        "Diluted EPS": -0.32,
        "Total Revenue": 139,
        "Gross Profit": 33,
        "Operating Income": 10,
        "EBIT": 26,
        "Net Income": -12
    },
    "2010-03-31": {
        "Diluted EPS": -0.11,
        "Total Revenue": 124,
        "Gross Profit": 26,
        "Operating Income": 4,
        "EBIT": 19,
        "Net Income": -4
    },
    "2009-12-31": {
        "Diluted EPS": 0.02,
        "Total Revenue": 135,
        "Gross Profit": 36,
        "Operating Income": 14,
        "EBIT": 37,
        "Net Income": 1
    },
    "2009-09-30": {
        "Diluted EPS": -0.05,
        "Total Revenue": 133,
        "Gross Profit": 31,
        "Operating Income": 9,
        "EBIT": 23,
        "Net Income": -2
    },
    "2009-06-30": {
        "Diluted EPS": -0.01,
        "Total Revenue": 131,
        "Gross Profit": 31,
        "Operating Income": 9,
        "EBIT": 23,
        "Net Income": 0
    },
    "2009-03-31": {
        "Diluted EPS": -0.02,
        "Total Revenue": 128,
        "Gross Profit": 31,
        "Operating Income": 10,
        "EBIT": 23,
        "Net Income": -1
    },
    "2023-06-30": {
        "Tax Effect Of Unusual Items": 464520.0,
        "Tax Rate For Calcs": 0.21,
        "Normalized EBITDA": 59951000.0,
        "Total Unusual Items": 2212000.0,
        "Total Unusual Items Excluding Goodwill": 2212000.0,
        "Net Income From Continuing Operation Net Minority Interest": 8369000.0,
        "Reconciled Depreciation": 16481000.0,
        "Reconciled Cost Of Revenue": 360846000.0,
        "EBITDA": 62163000.0,
        "EBIT": 29983000.0,
        "Net Interest Income": -16039000.0,
        "Interest Expense": 16039000.0,
        "Normalized Income": 6621520.0,
        "Net Income From Continuing And Discontinued Operation": 8369000.0,
        "Total Expenses": 377327000.0,
        "Total Operating Income As Reported": 24441000.0,
        "Diluted Average Shares": 60916985.0,
        "Basic Average Shares": 59880803.0,
        "Diluted EPS": 0.12,
        "Basic EPS": 0.14,
        "Diluted NI Availto Com Stockholders": 7435000.0,
        "Average Dilution Earnings": -934000.0,
        "Net Income Common Stockholders": 8369000.0,
        "Net Income": 8369000.0,
        "Minority Interests": -6189000.0,
        "Net Income Including Noncontrolling Interests": 14558000.0,
        "Net Income Continuous Operations": 14558000.0,
        "Tax Provision": -614000.0,
        "Pretax Income": 13944000.0,
        "Other Income Expense": 3595000.0,
        "Other Non Operating Income Expenses": -40000.0,
        "Special Income Charges": -1947000.0,
        "Gain On Sale Of Ppe": -77000.0,
        "Other Special Charges": NaN,
        "Restructuring And Mergern Acquisition": 1870000.0,
        "Earnings From Equity Interest": 1423000.0,
        "Gain On Sale Of Security": 4159000.0,
        "Net Non Operating Interest Income Expense": -16039000.0,
        "Interest Expense Non Operating": 16039000.0,
        "Operating Income": 26388000.0,
        "Operating Expense": 32180000.0,
        "Depreciation Amortization Depletion Income Statement": 32180000.0,
        "Depreciation And Amortization In Income Statement": 32180000.0,
        "Gross Profit": 58568000.0,
        "Cost Of Revenue": 345147000.0,
        "Total Revenue": 403715000.0,
        "Operating Revenue": 363918000.0
    },
    "2023-09-30": {
        "Tax Effect Of Unusual Items": -622545.0,
        "Tax Rate For Calcs": 0.231,
        "Normalized EBITDA": 129848000.0,
        "Total Unusual Items": -2695000.0,
        "Total Unusual Items Excluding Goodwill": -2695000.0,
        "Net Income From Continuing Operation Net Minority Interest": 17540000.0,
        "Reconciled Depreciation": 79752000.0,
        "Reconciled Cost Of Revenue": 294093000.0,
        "EBITDA": 127153000.0,
        "EBIT": 47401000.0,
        "Net Interest Income": -16115000.0,
        "Interest Expense": 16115000.0,
        "Normalized Income": 19612455.0,
        "Net Income From Continuing And Discontinued Operation": 17540000.0,
        "Total Expenses": 373845000.0,
        "Total Operating Income As Reported": 43251000.0,
        "Diluted Average Shares": 68809818.0,
        "Basic Average Shares": 67793404.0,
        "Diluted EPS": 0.25,
        "Basic EPS": 0.26,
        "Diluted NI Availto Com Stockholders": 17540000.0,
        "Average Dilution Earnings": 0.0,
        "Net Income Common Stockholders": 17540000.0,
        "Net Income": 17540000.0,
        "Minority Interests": -6526000.0,
        "Net Income Including Noncontrolling Interests": 24066000.0,
        "Net Income Continuous Operations": 24066000.0,
        "Tax Provision": 7220000.0,
        "Pretax Income": 31286000.0,
        "Other Income Expense": 19278000.0,
        "Other Non Operating Income Expenses": 4081000.0,
        "Special Income Charges": -1680000.0,
        "Gain On Sale Of Ppe": -527000.0,
        "Other Special Charges": NaN,
        "Restructuring And Mergern Acquisition": 1153000.0,
        "Earnings From Equity Interest": 17892000.0,
        "Gain On Sale Of Security": -1015000.0,
        "Net Non Operating Interest Income Expense": -16115000.0,
        "Interest Expense Non Operating": 16115000.0,
        "Operating Income": 28123000.0,
        "Operating Expense": 32210000.0,
        "Depreciation Amortization Depletion Income Statement": 32210000.0,
        "Depreciation And Amortization In Income Statement": 32210000.0,
        "Gross Profit": 60333000.0,
        "Cost Of Revenue": 341635000.0,
        "Total Revenue": 401968000.0,
        "Operating Revenue": 361927000.0
    },
    "2023-12-31": {
        "Tax Effect Of Unusual Items": -964068.370987,
        "Tax Rate For Calcs": 0.108799,
        "Normalized EBITDA": 78442000.0,
        "Total Unusual Items": -8861000.0,
        "Total Unusual Items Excluding Goodwill": -8861000.0,
        "Net Income From Continuing Operation Net Minority Interest": -1860000.0,
        "Reconciled Depreciation": 46246000.0,
        "Reconciled Cost Of Revenue": 343032000.0,
        "EBITDA": 69581000.0,
        "EBIT": 23335000.0,
        "Net Interest Income": -16607000.0,
        "Interest Expense": 16607000.0,
        "Normalized Income": 6036931.629013,
        "Net Income From Continuing And Discontinued Operation": -1860000.0,
        "Total Expenses": 389278000.0,
        "Total Operating Income As Reported": 24334000.0,
        "Diluted Average Shares": NaN,
        "Basic Average Shares": NaN,
        "Diluted EPS": NaN,
        "Basic EPS": NaN,
        "Diluted NI Availto Com Stockholders": -1860000.0,
        "Average Dilution Earnings": NaN,
        "Net Income Common Stockholders": -1860000.0,
        "Net Income": -1860000.0,
        "Minority Interests": -7856000.0,
        "Net Income Including Noncontrolling Interests": 5996000.0,
        "Net Income Continuous Operations": 5996000.0,
        "Tax Provision": 732000.0,
        "Pretax Income": 6728000.0,
        "Other Income Expense": -7770000.0,
        "Other Non Operating Income Expenses": -1401000.0,
        "Special Income Charges": -1625000.0,
        "Gain On Sale Of Ppe": -1004000.0,
        "Other Special Charges": NaN,
        "Restructuring And Mergern Acquisition": 621000.0,
        "Earnings From Equity Interest": 2492000.0,
        "Gain On Sale Of Security": -7236000.0,
        "Net Non Operating Interest Income Expense": -16607000.0,
        "Interest Expense Non Operating": 16607000.0,
        "Operating Income": 31105000.0,
        "Operating Expense": 32686000.0,
        "Depreciation Amortization Depletion Income Statement": 32686000.0,
        "Depreciation And Amortization In Income Statement": 32686000.0,
        "Gross Profit": 63791000.0,
        "Cost Of Revenue": 356592000.0,
        "Total Revenue": 420383000.0,
        "Operating Revenue": 384932000.0
    },
    "2024-03-31": {
        "Tax Effect Of Unusual Items": 169050.0,
        "Tax Rate For Calcs": 0.21,
        "Normalized EBITDA": 65719000.0,
        "Total Unusual Items": 805000.0,
        "Total Unusual Items Excluding Goodwill": 805000.0,
        "Net Income From Continuing Operation Net Minority Interest": -2779000.0,
        "Reconciled Depreciation": 46711000.0,
        "Reconciled Cost Of Revenue": 373246000.0,
        "EBITDA": 66524000.0,
        "EBIT": 19813000.0,
        "Net Interest Income": -16267000.0,
        "Interest Expense": 16267000.0,
        "Normalized Income": -3414950.0,
        "Net Income From Continuing And Discontinued Operation": -2779000.0,
        "Total Expenses": 419957000.0,
        "Total Operating Income As Reported": 11339000.0,
        "Diluted Average Shares": 69307078.0,
        "Basic Average Shares": 69307078.0,
        "Diluted EPS": -0.04,
        "Basic EPS": -0.04,
        "Diluted NI Availto Com Stockholders": -2779000.0,
        "Average Dilution Earnings": NaN,
        "Net Income Common Stockholders": -2779000.0,
        "Net Income": -2779000.0,
        "Minority Interests": -8189000.0,
        "Net Income Including Noncontrolling Interests": 5410000.0,
        "Net Income Continuous Operations": 5410000.0,
        "Tax Provision": -1864000.0,
        "Pretax Income": 3546000.0,
        "Other Income Expense": 8063000.0,
        "Other Non Operating Income Expenses": 2934000.0,
        "Special Income Charges": -411000.0,
        "Gain On Sale Of Ppe": -186000.0,
        "Other Special Charges": NaN,
        "Restructuring And Mergern Acquisition": 225000.0,
        "Earnings From Equity Interest": 4324000.0,
        "Gain On Sale Of Security": 1216000.0,
        "Net Non Operating Interest Income Expense": -16267000.0,
        "Interest Expense Non Operating": 16267000.0,
        "Operating Income": 11750000.0,
        "Operating Expense": 32368000.0,
        "Depreciation Amortization Depletion Income Statement": 32368000.0,
        "Depreciation And Amortization In Income Statement": 32368000.0,
        "Gross Profit": 44118000.0,
        "Cost Of Revenue": 387589000.0,
        "Total Revenue": 431707000.0,
        "Operating Revenue": 397189000.0
    },
    "2024-06-30": {
        "Tax Effect Of Unusual Items": -2957597.702372,
        "Tax Rate For Calcs": 0.261249,
        "Normalized EBITDA": 81279000.0,
        "Total Unusual Items": -11321000.0,
        "Total Unusual Items Excluding Goodwill": -11321000.0,
        "Net Income From Continuing Operation Net Minority Interest": -2982000.0,
        "Reconciled Depreciation": 20132000.0,
        "Reconciled Cost Of Revenue": 404067000.0,
        "EBITDA": 69958000.0,
        "EBIT": 35483000.0,
        "Net Interest Income": -26082000.0,
        "Interest Expense": 26082000.0,
        "Normalized Income": 5381402.297628,
        "Net Income From Continuing And Discontinued Operation": -2982000.0,
        "Total Expenses": 424199000.0,
        "Total Operating Income As Reported": 34846000.0,
        "Diluted Average Shares": 73419124.0,
        "Basic Average Shares": 73419124.0,
        "Diluted EPS": -0.04,
        "Basic EPS": -0.04,
        "Diluted NI Availto Com Stockholders": -2982000.0,
        "Average Dilution Earnings": 0.0,
        "Net Income Common Stockholders": -2982000.0,
        "Net Income": -2982000.0,
        "Minority Interests": -9927000.0,
        "Net Income Including Noncontrolling Interests": 6945000.0,
        "Net Income Continuous Operations": 6945000.0,
        "Tax Provision": 2456000.0,
        "Pretax Income": 9401000.0,
        "Other Income Expense": -32000.0,
        "Other Non Operating Income Expenses": 7900000.0,
        "Special Income Charges": -9431000.0,
        "Gain On Sale Of Ppe": -401000.0,
        "Other Special Charges": 8762000.0,
        "Restructuring And Mergern Acquisition": 268000.0,
        "Earnings From Equity Interest": 3389000.0,
        "Gain On Sale Of Security": -1890000.0,
        "Net Non Operating Interest Income Expense": -26082000.0,
        "Interest Expense Non Operating": 26082000.0,
        "Operating Income": 35515000.0,
        "Operating Expense": 34475000.0,
        "Depreciation Amortization Depletion Income Statement": 34475000.0,
        "Depreciation And Amortization In Income Statement": 34475000.0,
        "Gross Profit": 69990000.0,
        "Cost Of Revenue": 389724000.0,
        "Total Revenue": 459714000.0,
        "Operating Revenue": 422745000.0
    }
}