{
    "2023-03-31": {
        "Tax Effect Of Unusual Items": 0.0,
        "Tax Rate For Calcs": 0.21,
        "Normalized EBITDA": -2503000.0,
        "Net Income From Continuing Operation Net Minority Interest": -3081000.0,
        "Reconciled Depreciation": 3078000.0,
        "Reconciled Cost Of Revenue": 13306000.0,
        "EBITDA": -2503000.0,
        "EBIT": -5581000.0,
        "Net Interest Income": 3491000.0,
        "Interest Income": 3491000.0,
        "Normalized Income": -3081000.0,
        "Net Income From Continuing And Discontinued Operation": -3081000.0,
        "Total Expenses": 74622000.0,
        "Total Operating Income As Reported": -5581000.0,
        "Diluted Average Shares": 44053402.0,
        "Basic Average Shares": 44053402.0,
        "Diluted EPS": -0.07,
        "Basic EPS": -0.07,
        "Diluted NI Availto Com Stockholders": -3081000.0,
        "Net Income Common Stockholders": -3081000.0,
        "Net Income": -3081000.0,
        "Net Income Including Noncontrolling Interests": -3081000.0,
        "Net Income Continuous Operations": -3081000.0,
        "Tax Provision": 991000.0,
        "Pretax Income": -2090000.0,
        "Net Non Operating Interest Income Expense": 3491000.0,
        "Total Other Finance Cost": NaN,
        "Interest Income Non Operating": 3491000.0,
        "Operating Income": -5581000.0,
        "Operating Expense": 61316000.0,
        "Research And Development": 21150000.0,
        "Selling General And Administration": 40166000.0,
        "Selling And Marketing Expense": 31919000.0,
        "General And Administrative Expense": 8247000.0,
        "Other Gand A": 8247000.0,
        "Gross Profit": 55735000.0,
        "Cost Of Revenue": 13306000.0,
        "Total Revenue": 69041000.0,
        "Operating Revenue": 69041000.0
    },
    "2022-12-31": {
        "Tax Effect Of Unusual Items": 0.0,
        "Tax Rate For Calcs": 0.21,
        "Normalized EBITDA": -2230000.0,
        "Net Income From Continuing Operation Net Minority Interest": -4124000.0,
        "Reconciled Depreciation": 2878000.0,
        "Reconciled Cost Of Revenue": 13917000.0,
        "EBITDA": -2230000.0,
        "EBIT": -5108000.0,
        "Net Interest Income": 650000.0,
        "Interest Income": 857000.0,
        "Normalized Income": -4124000.0,
        "Net Income From Continuing And Discontinued Operation": -4124000.0,
        "Total Expenses": 79191000.0,
        "Total Operating Income As Reported": -5108000.0,
        "Diluted Average Shares": 44586590.0,
        "Basic Average Shares": 44586590.0,
        "Diluted EPS": -0.09,
        "Basic EPS": -0.09,
        "Diluted NI Availto Com Stockholders": -4124000.0,
        "Net Income Common Stockholders": -4124000.0,
        "Net Income": -4124000.0,
        "Net Income Including Noncontrolling Interests": -4124000.0,
        "Net Income Continuous Operations": -4124000.0,
        "Tax Provision": 1034000.0,
        "Pretax Income": -3090000.0,
        "Net Non Operating Interest Income Expense": 650000.0,
        "Total Other Finance Cost": -2018000.0,
        "Interest Income Non Operating": 857000.0,
        "Operating Income": -5108000.0,
        "Operating Expense": 65274000.0,
        "Research And Development": 22486000.0,
        "Selling General And Administration": 42788000.0,
        "Selling And Marketing Expense": 32544000.0,
        "General And Administrative Expense": 10244000.0,
        "Other Gand A": 10244000.0,
        "Gross Profit": 60166000.0,
        "Cost Of Revenue": 13917000.0,
        "Total Revenue": 74083000.0,
        "Operating Revenue": 74083000.0
    },
    "2022-09-30": {
        "Tax Effect Of Unusual Items": 0.0,
        "Tax Rate For Calcs": 0.4,
        "Normalized EBITDA": -297000.0,
        "Net Income From Continuing Operation Net Minority Interest": -2964000.0,
        "Reconciled Depreciation": 3097000.0,
        "Reconciled Cost Of Revenue": 13138000.0,
        "EBITDA": -297000.0,
        "EBIT": -3394000.0,
        "Net Interest Income": 1350000.0,
        "Interest Income": 1350000.0,
        "Normalized Income": -2964000.0,
        "Net Income From Continuing And Discontinued Operation": -2964000.0,
        "Total Expenses": 73915000.0,
        "Total Operating Income As Reported": -3394000.0,
        "Diluted Average Shares": 44623247.0,
        "Basic Average Shares": 44623247.0,
        "Diluted EPS": -0.07,
        "Basic EPS": -0.07,
        "Diluted NI Availto Com Stockholders": -2964000.0,
        "Net Income Common Stockholders": -2964000.0,
        "Net Income": -2964000.0,
        "Net Income Including Noncontrolling Interests": -2964000.0,
        "Net Income Continuous Operations": -2964000.0,
        "Tax Provision": 920000.0,
        "Pretax Income": -2044000.0,
        "Net Non Operating Interest Income Expense": 1350000.0,
        "Total Other Finance Cost": NaN,
        "Interest Income Non Operating": 1350000.0,
        "Operating Income": -3394000.0,
        "Operating Expense": 60777000.0,
        "Research And Development": 22083000.0,
        "Selling General And Administration": 38694000.0,
        "Selling And Marketing Expense": 31416000.0,
        "General And Administrative Expense": 7278000.0,
        "Other Gand A": 7278000.0,
        "Gross Profit": 57383000.0,
        "Cost Of Revenue": 13138000.0,
        "Total Revenue": 70521000.0,
        "Operating Revenue": 70521000.0
    },
    "2022-06-30": {
        "Tax Effect Of Unusual Items": 0.0,
        "Tax Rate For Calcs": 0.309075,
        "Normalized EBITDA": 4805000.0,
        "Net Income From Continuing Operation Net Minority Interest": 3152000.0,
        "Reconciled Depreciation": 3229000.0,
        "Reconciled Cost Of Revenue": 13888000.0,
        "EBITDA": 4805000.0,
        "EBIT": 1576000.0,
        "Net Interest Income": 2986000.0,
        "Interest Income": 2986000.0,
        "Normalized Income": 3152000.0,
        "Net Income From Continuing And Discontinued Operation": 3152000.0,
        "Total Expenses": 73538000.0,
        "Total Operating Income As Reported": 1576000.0,
        "Diluted Average Shares": 45835440.0,
        "Basic Average Shares": 44914427.0,
        "Diluted EPS": 0.07,
        "Basic EPS": 0.07,
        "Diluted NI Availto Com Stockholders": 3152000.0,
        "Net Income Common Stockholders": 3152000.0,
        "Net Income": 3152000.0,
        "Net Income Including Noncontrolling Interests": 3152000.0,
        "Net Income Continuous Operations": 3152000.0,
        "Tax Provision": 1410000.0,
        "Pretax Income": 4562000.0,
        "Net Non Operating Interest Income Expense": 2986000.0,
        "Total Other Finance Cost": NaN,
        "Interest Income Non Operating": 2986000.0,
        "Operating Income": 1576000.0,
        "Operating Expense": 59650000.0,
        "Research And Development": 21623000.0,
        "Selling General And Administration": 38027000.0,
        "Selling And Marketing Expense": 32290000.0,
        "General And Administrative Expense": 5737000.0,
        "Other Gand A": 5737000.0,
        "Gross Profit": 61226000.0,
        "Cost Of Revenue": 13888000.0,
        "Total Revenue": 75114000.0,
        "Operating Revenue": 75114000.0
    },
    "2023-06-30": {
        "Tax Effect Of Unusual Items": 0.0,
        "Tax Rate For Calcs": 0.21,
        "Normalized EBITDA": -5387000.0,
        "Net Income From Continuing Operation Net Minority Interest": -5808000.0,
        "Reconciled Depreciation": 3113000.0,
        "Reconciled Cost Of Revenue": 12742000.0,
        "EBITDA": -5387000.0,
        "EBIT": -8500000.0,
        "Net Interest Income": 3419000.0,
        "Interest Income": 3419000.0,
        "Normalized Income": -5808000.0,
        "Net Income From Continuing And Discontinued Operation": -5808000.0,
        "Total Expenses": 74107000.0,
        "Total Operating Income As Reported": -8500000.0,
        "Diluted Average Shares": 43400635.0,
        "Basic Average Shares": 43400635.0,
        "Diluted EPS": -0.13,
        "Basic EPS": -0.13,
        "Diluted NI Availto Com Stockholders": -5808000.0,
        "Net Income Common Stockholders": -5808000.0,
        "Net Income": -5808000.0,
        "Net Income Including Noncontrolling Interests": -5808000.0,
        "Net Income Continuous Operations": -5808000.0,
        "Tax Provision": 727000.0,
        "Pretax Income": -5081000.0,
        "Net Non Operating Interest Income Expense": 3419000.0,
        "Total Other Finance Cost": NaN,
        "Interest Income Non Operating": 3419000.0,
        "Operating Income": -8500000.0,
        "Operating Expense": 61365000.0,
        "Research And Development": 21141000.0,
        "Selling General And Administration": 40224000.0,
        "Selling And Marketing Expense": 31917000.0,
        "General And Administrative Expense": 8307000.0,
        "Other Gand A": 8307000.0,
        "Gross Profit": 52865000.0,
        "Cost Of Revenue": 12742000.0,
        "Total Revenue": 65607000.0,
        "Operating Revenue": 65607000.0
    },
    "2022-03-31": {
        "Diluted EPS": 0.08,
        "Total Revenue": 74,
        "Gross Profit": 61,
        "Operating Income": 4,
        "EBIT": 6,
        "Net Income": 4
    },
    "2021-12-31": {
        "Diluted EPS": -0.12,
        "Total Revenue": 77,
        "Gross Profit": 63,
        "Operating Income": 5,
        "EBIT": 7,
        "Net Income": -6
    },
    "2021-09-30": {
        "Diluted EPS": 0.1,
        "Total Revenue": 73,
        "Gross Profit": 60,
        "Operating Income": 6,
        "EBIT": 8,
        "Net Income": 5
    },
    "2021-06-30": {
        "Diluted EPS": 0.1,
        "Total Revenue": 70,
        "Gross Profit": 57,
        "Operating Income": 5,
        "EBIT": 7,
        "Net Income": 5
    },
    "2021-03-31": {
        "Diluted EPS": 0.08,
        "Total Revenue": 67,
        "Gross Profit": 55,
        "Operating Income": 3,
        "EBIT": 5,
        "Net Income": 4
    },
    "2020-12-31": {
        "Diluted EPS": 0.06,
        "Total Revenue": 69,
        "Gross Profit": 57,
        "Operating Income": 4,
        "EBIT": 7,
        "Net Income": 3
    },
    "2020-09-30": {
        "Diluted EPS": 0.08,
        "Total Revenue": 63,
        "Gross Profit": 51,
        "Operating Income": 2,
        "EBIT": 5,
        "Net Income": 4
    },
    "2020-06-30": {
        "Diluted EPS": 0.01,
        "Total Revenue": 58,
        "Gross Profit": 48,
        "Operating Income": 0,
        "EBIT": 2,
        "Net Income": 1
    },
    "2020-03-31": {
        "Diluted EPS": 0.05,
        "Total Revenue": 60,
        "Gross Profit": 49,
        "Operating Income": 1,
        "EBIT": 3,
        "Net Income": 3
    },
    "2019-12-31": {
        "Diluted EPS": 0.15,
        "Total Revenue": 67,
        "Gross Profit": 55,
        "Operating Income": 6,
        "EBIT": 9,
        "Net Income": 7
    },
    "2019-09-30": {
        "Diluted EPS": 0.15,
        "Total Revenue": 63,
        "Gross Profit": 51,
        "Operating Income": 5,
        "EBIT": 8,
        "Net Income": 7
    },
    "2019-06-30": {
        "Diluted EPS": 0.08,
        "Total Revenue": 60,
        "Gross Profit": 50,
        "Operating Income": 3,
        "EBIT": 5,
        "Net Income": 4
    },
    "2019-03-31": {
        "Diluted EPS": 0.09,
        "Total Revenue": 61,
        "Gross Profit": 50,
        "Operating Income": 4,
        "EBIT": 6,
        "Net Income": 4
    },
    "2018-12-31": {
        "Diluted EPS": 0.17,
        "Total Revenue": 64,
        "Gross Profit": 53,
        "Operating Income": 6,
        "EBIT": 9,
        "Net Income": 8
    },
    "2018-09-30": {
        "Diluted EPS": 0.06,
        "Total Revenue": 59,
        "Gross Profit": 48,
        "Operating Income": 3,
        "EBIT": 5,
        "Net Income": 3
    },
    "2018-06-30": {
        "Diluted EPS": 0.04,
        "Total Revenue": 57,
        "Gross Profit": 47,
        "Operating Income": 1,
        "EBIT": 3,
        "Net Income": 2
    },
    "2018-03-31": {
        "Diluted EPS": -0.02,
        "Total Revenue": 55,
        "Gross Profit": 45,
        "Operating Income": -2,
        "EBIT": 0,
        "Net Income": -1
    },
    "2017-12-31": {
        "Diluted EPS": 0.04,
        "Total Revenue": 58,
        "Gross Profit": 47,
        "Operating Income": 6,
        "EBIT": 8,
        "Net Income": 2
    },
    "2017-09-30": {
        "Diluted EPS": -0.03,
        "Total Revenue": 53,
        "Gross Profit": 43,
        "Operating Income": -3,
        "EBIT": 0,
        "Net Income": -1
    },
    "2017-06-30": {
        "Diluted EPS": -0.09,
        "Total Revenue": 51,
        "Gross Profit": 41,
        "Operating Income": -4,
        "EBIT": -1,
        "Net Income": -4
    },
    "2017-03-31": {
        "Diluted EPS": -0.09,
        "Total Revenue": 49,
        "Gross Profit": 40,
        "Operating Income": -5,
        "EBIT": -2,
        "Net Income": -4
    },
    "2016-12-31": {
        "Diluted EPS": -0.05,
        "Total Revenue": 52,
        "Gross Profit": 42,
        "Operating Income": -2,
        "Net Income": -2
    },
    "2016-09-30": {
        "Diluted EPS": -0.06,
        "Total Revenue": 47,
        "Gross Profit": 38,
        "Operating Income": -4,
        "EBIT": -1,
        "Net Income": -2
    },
    "2016-06-30": {
        "Diluted EPS": -0.03,
        "Total Revenue": 50,
        "Gross Profit": 41,
        "Operating Income": -2,
        "EBIT": 1,
        "Net Income": -1
    },
    "2016-03-31": {
        "Diluted EPS": -0.06,
        "Total Revenue": 48,
        "Gross Profit": 40,
        "Operating Income": -4,
        "EBIT": -2,
        "Net Income": -3
    },
    "2015-12-31": {
        "Diluted EPS": 0.09,
        "Total Revenue": 55,
        "Gross Profit": 45,
        "Operating Income": 3,
        "EBIT": 6,
        "Net Income": 4
    },
    "2015-09-30": {
        "Diluted EPS": 0.01,
        "Total Revenue": 48,
        "Gross Profit": 40,
        "Operating Income": 0,
        "EBIT": 2,
        "Net Income": 1
    },
    "2015-06-30": {
        "Diluted EPS": 0.15,
        "Total Revenue": 56,
        "Gross Profit": 46,
        "Operating Income": 8,
        "EBIT": 10,
        "Net Income": 7
    },
    "2015-03-31": {
        "Diluted EPS": 0.14,
        "Total Revenue": 57,
        "Gross Profit": 47,
        "Operating Income": 7,
        "EBIT": 10,
        "Net Income": 6
    },
    "2014-12-31": {
        "Diluted EPS": 0.19,
        "Total Revenue": 61,
        "Gross Profit": 50,
        "Operating Income": 10,
        "EBIT": 10,
        "Net Income": 9
    },
    "2014-09-30": {
        "Diluted EPS": 0.17,
        "Total Revenue": 57,
        "Gross Profit": 47,
        "Operating Income": 8,
        "EBIT": 8,
        "Net Income": 8
    },
    "2014-06-30": {
        "Diluted EPS": 0.08,
        "Total Revenue": 53,
        "Gross Profit": 43,
        "Operating Income": 4,
        "EBIT": 4,
        "Net Income": 4
    },
    "2014-03-31": {
        "Diluted EPS": 0.09,
        "Total Revenue": 51,
        "Gross Profit": 42,
        "Operating Income": 4,
        "EBIT": 4,
        "Net Income": 4
    },
    "2013-12-31": {
        "Diluted EPS": 0.12,
        "Total Revenue": 53,
        "Gross Profit": 43,
        "Operating Income": 6,
        "EBIT": 6,
        "Net Income": 6
    },
    "2013-09-30": {
        "Diluted EPS": 0.06,
        "Total Revenue": 48,
        "Gross Profit": 39,
        "Operating Income": 3,
        "EBIT": 3,
        "Net Income": 3
    },
    "2013-06-30": {
        "Diluted EPS": 0.11,
        "Total Revenue": 47,
        "Gross Profit": 38,
        "Operating Income": 4,
        "EBIT": 4,
        "Net Income": 5
    },
    "2013-03-31": {
        "Diluted EPS": 0.1,
        "Total Revenue": 45,
        "Gross Profit": 37,
        "Operating Income": 4,
        "EBIT": 4,
        "Net Income": 4
    },
    "2012-12-31": {
        "Diluted EPS": 0.2,
        "Total Revenue": 50,
        "Gross Profit": 40,
        "Operating Income": 9,
        "EBIT": 9,
        "Net Income": 9
    },
    "2012-09-30": {
        "Diluted EPS": 0.18,
        "Total Revenue": 48,
        "Gross Profit": 39,
        "Operating Income": 8,
        "EBIT": 8,
        "Net Income": 8
    },
    "2012-06-30": {
        "Diluted EPS": 0.16,
        "Total Revenue": 47,
        "Gross Profit": 38,
        "Operating Income": 8,
        "EBIT": 8,
        "Net Income": 8
    },
    "2012-03-31": {
        "Diluted EPS": 0.15,
        "Total Revenue": 45,
        "Gross Profit": 36,
        "Operating Income": 6,
        "EBIT": 6,
        "Net Income": 7
    },
    "2011-12-31": {
        "Diluted EPS": 0.15,
        "Total Revenue": 45,
        "Gross Profit": 36,
        "Operating Income": 6,
        "EBIT": 6,
        "Net Income": 7
    },
    "2011-09-30": {
        "Diluted EPS": 0.12,
        "Total Revenue": 42,
        "Gross Profit": 34,
        "Operating Income": 5,
        "EBIT": 5,
        "Net Income": 5
    },
    "2011-06-30": {
        "Diluted EPS": 0.11,
        "Total Revenue": 41,
        "Gross Profit": 33,
        "Operating Income": 4,
        "EBIT": 4,
        "Net Income": 5
    },
    "2011-03-31": {
        "Diluted EPS": 0.1,
        "Total Revenue": 39,
        "Gross Profit": 31,
        "Operating Income": 3,
        "EBIT": 3,
        "Net Income": 4
    },
    "2010-12-31": {
        "Diluted EPS": 0.09,
        "Total Revenue": 39,
        "Gross Profit": 31,
        "Operating Income": 3,
        "EBIT": 3,
        "Net Income": 4
    },
    "2010-09-30": {
        "Diluted EPS": 0.09,
        "Total Revenue": 37,
        "Gross Profit": 29,
        "Operating Income": 3,
        "EBIT": 3,
        "Net Income": 4
    },
    "2010-06-30": {
        "Diluted EPS": 0.04,
        "Total Revenue": 35,
        "Gross Profit": 28,
        "Operating Income": 2,
        "EBIT": 2,
        "Net Income": 1
    },
    "2010-03-31": {
        "Diluted EPS": 0.02,
        "Total Revenue": 33,
        "Gross Profit": 26,
        "Operating Income": 1,
        "EBIT": 1,
        "Net Income": 1
    },
    "2009-12-31": {
        "Diluted EPS": 0.05,
        "Total Revenue": 32,
        "Gross Profit": 25,
        "Operating Income": 1,
        "EBIT": 1,
        "Net Income": 2
    },
    "2009-09-30": {
        "Diluted EPS": 0.01,
        "Total Revenue": 29,
        "Gross Profit": 23,
        "Operating Income": 0,
        "EBIT": 0,
        "Net Income": 0
    },
    "2009-06-30": {
        "Diluted EPS": -0.05,
        "Total Revenue": 27,
        "Gross Profit": 21,
        "Operating Income": -2,
        "EBIT": -2,
        "Net Income": -2
    },
    "2009-03-31": {
        "Diluted EPS": -0.16,
        "Total Revenue": 20,
        "Gross Profit": 16,
        "Operating Income": -6,
        "EBIT": -6,
        "Net Income": -6
    },
    "2023-09-30": {
        "Tax Effect Of Unusual Items": 0.0,
        "Tax Rate For Calcs": 0.21,
        "Normalized EBITDA": -7171000.0,
        "Net Income From Continuing Operation Net Minority Interest": -6851000.0,
        "Reconciled Depreciation": 3025000.0,
        "Reconciled Cost Of Revenue": 12838000.0,
        "EBITDA": -7171000.0,
        "EBIT": -10196000.0,
        "Net Interest Income": 3778000.0,
        "Interest Income": 3778000.0,
        "Normalized Income": -6851000.0,
        "Net Income From Continuing And Discontinued Operation": -6851000.0,
        "Total Expenses": 71808000.0,
        "Total Operating Income As Reported": -10196000.0,
        "Diluted Average Shares": 42261637.0,
        "Basic Average Shares": 42261637.0,
        "Diluted EPS": -0.16,
        "Basic EPS": -0.16,
        "Diluted NI Availto Com Stockholders": -6851000.0,
        "Net Income Common Stockholders": -6851000.0,
        "Net Income": -6851000.0,
        "Net Income Including Noncontrolling Interests": -6851000.0,
        "Net Income Continuous Operations": -6851000.0,
        "Tax Provision": 433000.0,
        "Pretax Income": -6418000.0,
        "Net Non Operating Interest Income Expense": 3778000.0,
        "Total Other Finance Cost": NaN,
        "Interest Income Non Operating": 3778000.0,
        "Operating Income": -10196000.0,
        "Operating Expense": 58970000.0,
        "Research And Development": 20614000.0,
        "Selling General And Administration": 38356000.0,
        "Selling And Marketing Expense": 30532000.0,
        "General And Administrative Expense": 7824000.0,
        "Other Gand A": 7824000.0,
        "Gross Profit": 48774000.0,
        "Cost Of Revenue": 12838000.0,
        "Total Revenue": 61612000.0,
        "Operating Revenue": 61612000.0
    }
}