{
    "2023-03-31": {
        "Tax Effect Of Unusual Items": 0.0,
        "Tax Rate For Calcs": 0.21,
        "Normalized EBITDA": -24526000.0,
        "Net Income From Continuing Operation Net Minority Interest": -28314000.0,
        "Reconciled Depreciation": 3029000.0,
        "Reconciled Cost Of Revenue": 93997000.0,
        "EBITDA": -24526000.0,
        "EBIT": -27555000.0,
        "Net Interest Income": 1635000.0,
        "Interest Expense": 389000.0,
        "Interest Income": 2024000.0,
        "Normalized Income": -28314000.0,
        "Net Income From Continuing And Discontinued Operation": -28314000.0,
        "Total Expenses": 231933000.0,
        "Total Operating Income As Reported": -28068000.0,
        "Diluted Average Shares": 175113904.0,
        "Basic Average Shares": 175113904.0,
        "Diluted EPS": -0.16,
        "Basic EPS": -0.16,
        "Diluted NI Availto Com Stockholders": -28314000.0,
        "Net Income Common Stockholders": -28314000.0,
        "Net Income": -28314000.0,
        "Net Income Including Noncontrolling Interests": -28314000.0,
        "Net Income Continuous Operations": -28314000.0,
        "Tax Provision": 370000.0,
        "Pretax Income": -27944000.0,
        "Other Income Expense": -1511000.0,
        "Other Non Operating Income Expenses": -1511000.0,
        "Net Non Operating Interest Income Expense": 1635000.0,
        "Interest Expense Non Operating": 389000.0,
        "Interest Income Non Operating": 2024000.0,
        "Operating Income": -28068000.0,
        "Operating Expense": 137936000.0,
        "Depreciation Amortization Depletion Income Statement": 3029000.0,
        "Depreciation And Amortization In Income Statement": 3029000.0,
        "Research And Development": 49376000.0,
        "Selling General And Administration": 85531000.0,
        "Selling And Marketing Expense": 44123000.0,
        "General And Administrative Expense": 41408000.0,
        "Other Gand A": 41408000.0,
        "Gross Profit": 109868000.0,
        "Cost Of Revenue": 93997000.0,
        "Total Revenue": 203865000.0,
        "Operating Revenue": 203865000.0
    },
    "2022-12-31": {
        "Tax Effect Of Unusual Items": 0.0,
        "Tax Rate For Calcs": 0.021887,
        "Normalized EBITDA": -17648000.0,
        "Net Income From Continuing Operation Net Minority Interest": -19395000.0,
        "Reconciled Depreciation": 1854000.0,
        "Reconciled Cost Of Revenue": 91105000.0,
        "EBITDA": -17648000.0,
        "EBIT": -19502000.0,
        "Net Interest Income": 1947000.0,
        "Interest Expense": 327000.0,
        "Interest Income": 2274000.0,
        "Normalized Income": -19395000.0,
        "Net Income From Continuing And Discontinued Operation": -19395000.0,
        "Total Expenses": 213900000.0,
        "Total Operating Income As Reported": -22868000.0,
        "Diluted Average Shares": 171505584.0,
        "Basic Average Shares": 171505584.0,
        "Diluted EPS": -0.11,
        "Basic EPS": -0.11,
        "Diluted NI Availto Com Stockholders": -19395000.0,
        "Net Income Common Stockholders": -19395000.0,
        "Net Income": -19395000.0,
        "Net Income Including Noncontrolling Interests": -19395000.0,
        "Net Income Continuous Operations": -19395000.0,
        "Tax Provision": -434000.0,
        "Pretax Income": -19829000.0,
        "Other Income Expense": 1092000.0,
        "Other Non Operating Income Expenses": 1092000.0,
        "Net Non Operating Interest Income Expense": 1947000.0,
        "Interest Expense Non Operating": 327000.0,
        "Interest Income Non Operating": 2274000.0,
        "Operating Income": -22868000.0,
        "Operating Expense": 122795000.0,
        "Depreciation Amortization Depletion Income Statement": 1854000.0,
        "Depreciation And Amortization In Income Statement": 1854000.0,
        "Research And Development": 42883000.0,
        "Selling General And Administration": 78058000.0,
        "Selling And Marketing Expense": 43163000.0,
        "General And Administrative Expense": 34895000.0,
        "Other Gand A": 34895000.0,
        "Gross Profit": 99927000.0,
        "Cost Of Revenue": 91105000.0,
        "Total Revenue": 191032000.0,
        "Operating Revenue": 191032000.0
    },
    "2022-09-30": {
        "Tax Effect Of Unusual Items": 0.0,
        "Tax Rate For Calcs": 0.21,
        "Normalized EBITDA": -30609000.0,
        "Net Income From Continuing Operation Net Minority Interest": -33069000.0,
        "Reconciled Depreciation": 1843000.0,
        "Reconciled Cost Of Revenue": 88014000.0,
        "EBITDA": -30609000.0,
        "EBIT": -32452000.0,
        "Net Interest Income": 1070000.0,
        "Interest Expense": 330000.0,
        "Interest Income": 1400000.0,
        "Normalized Income": -33069000.0,
        "Net Income From Continuing And Discontinued Operation": -33069000.0,
        "Total Expenses": 204876000.0,
        "Total Operating Income As Reported": -35617000.0,
        "Diluted Average Shares": 168604378.0,
        "Basic Average Shares": 168604378.0,
        "Diluted EPS": -0.2,
        "Basic EPS": -0.2,
        "Diluted NI Availto Com Stockholders": -33069000.0,
        "Net Income Common Stockholders": -33069000.0,
        "Net Income": -33069000.0,
        "Net Income Including Noncontrolling Interests": -33069000.0,
        "Net Income Continuous Operations": -33069000.0,
        "Tax Provision": 287000.0,
        "Pretax Income": -32782000.0,
        "Other Income Expense": 1765000.0,
        "Other Non Operating Income Expenses": 1765000.0,
        "Net Non Operating Interest Income Expense": 1070000.0,
        "Interest Expense Non Operating": 330000.0,
        "Interest Income Non Operating": 1400000.0,
        "Operating Income": -35617000.0,
        "Operating Expense": 116862000.0,
        "Depreciation Amortization Depletion Income Statement": 1843000.0,
        "Depreciation And Amortization In Income Statement": 1843000.0,
        "Research And Development": 36178000.0,
        "Selling General And Administration": 78841000.0,
        "Selling And Marketing Expense": 43337000.0,
        "General And Administrative Expense": 35504000.0,
        "Other Gand A": 35504000.0,
        "Gross Profit": 81245000.0,
        "Cost Of Revenue": 88014000.0,
        "Total Revenue": 169259000.0,
        "Operating Revenue": 169259000.0
    },
    "2022-06-30": {
        "Tax Effect Of Unusual Items": 0.0,
        "Tax Rate For Calcs": 0.4,
        "Normalized EBITDA": -35741000.0,
        "Net Income From Continuing Operation Net Minority Interest": -38245000.0,
        "Reconciled Depreciation": 1510000.0,
        "Reconciled Cost Of Revenue": 77681000.0,
        "EBITDA": -35741000.0,
        "EBIT": -37251000.0,
        "Net Interest Income": 107000.0,
        "Interest Expense": 332000.0,
        "Interest Income": 439000.0,
        "Normalized Income": -38245000.0,
        "Net Income From Continuing And Discontinued Operation": -38245000.0,
        "Total Expenses": 196632000.0,
        "Total Operating Income As Reported": -39377000.0,
        "Diluted Average Shares": 166498333.0,
        "Basic Average Shares": 166498333.0,
        "Diluted EPS": -0.23,
        "Basic EPS": -0.23,
        "Diluted NI Availto Com Stockholders": -38245000.0,
        "Net Income Common Stockholders": -38245000.0,
        "Net Income": -38245000.0,
        "Net Income Including Noncontrolling Interests": -38245000.0,
        "Net Income Continuous Operations": -38245000.0,
        "Tax Provision": 662000.0,
        "Pretax Income": -37583000.0,
        "Other Income Expense": 1687000.0,
        "Other Non Operating Income Expenses": 1687000.0,
        "Net Non Operating Interest Income Expense": 107000.0,
        "Interest Expense Non Operating": 332000.0,
        "Interest Income Non Operating": 439000.0,
        "Operating Income": -39377000.0,
        "Operating Expense": 118951000.0,
        "Depreciation Amortization Depletion Income Statement": 1510000.0,
        "Depreciation And Amortization In Income Statement": 1510000.0,
        "Research And Development": 36083000.0,
        "Selling General And Administration": 81358000.0,
        "Selling And Marketing Expense": 43849000.0,
        "General And Administrative Expense": 37509000.0,
        "Other Gand A": 37509000.0,
        "Gross Profit": 79574000.0,
        "Cost Of Revenue": 77681000.0,
        "Total Revenue": 157255000.0,
        "Operating Revenue": 157255000.0
    },
    "2022-03-31": {
        "Diluted EPS": -0.14,
        "Total Revenue": 136,
        "Gross Profit": 66,
        "Operating Income": -23,
        "EBIT": -22,
        "Net Income": -23
    },
    "2021-12-31": {
        "Diluted EPS": 0.17,
        "Total Revenue": 135,
        "Gross Profit": 66,
        "Operating Income": -17,
        "EBIT": -15,
        "Net Income": -17
    },
    "2021-09-30": {
        "Diluted EPS": -0.41,
        "Total Revenue": 121,
        "Gross Profit": 62,
        "Operating Income": -13,
        "EBIT": -11,
        "Net Income": -13
    },
    "2021-06-30": {
        "Diluted EPS": -0.06,
        "Total Revenue": 111,
        "Gross Profit": 53,
        "Operating Income": -2,
        "EBIT": -1,
        "Net Income": -1
    },
    "2021-03-31": {
        "Diluted EPS": -0.34,
        "Total Revenue": 91,
        "Gross Profit": 41,
        "Operating Income": -9,
        "EBIT": -7,
        "Net Income": -8
    },
    "2020-12-31": {
        "Diluted EPS": 0.0,
        "Total Revenue": NaN,
        "Gross Profit": NaN,
        "Operating Income": NaN,
        "EBIT": NaN,
        "Net Income": NaN
    },
    "2020-09-30": {
        "Diluted EPS": -0.11,
        "Total Revenue": 72,
        "Gross Profit": 36,
        "Operating Income": -2,
        "EBIT": -1,
        "Net Income": -2
    },
    "2020-06-30": {
        "Diluted EPS": 0.0,
        "Total Revenue": NaN,
        "Gross Profit": NaN,
        "Operating Income": NaN,
        "EBIT": NaN,
        "Net Income": NaN
    },
    "2019-12-31": {
        "Diluted EPS": 0.0,
        "Total Revenue": NaN,
        "Gross Profit": NaN,
        "Operating Income": NaN,
        "EBIT": NaN,
        "Net Income": NaN
    },
    "2023-06-30": {
        "Tax Effect Of Unusual Items": 0.0,
        "Tax Rate For Calcs": 0.008,
        "Normalized EBITDA": -15214000.0,
        "Net Income From Continuing Operation Net Minority Interest": -18850000.0,
        "Reconciled Depreciation": 3187000.0,
        "Reconciled Cost Of Revenue": 101670000.0,
        "EBITDA": -15214000.0,
        "EBIT": -18401000.0,
        "Net Interest Income": 776000.0,
        "Interest Expense": 592000.0,
        "Interest Income": 1368000.0,
        "Normalized Income": -18850000.0,
        "Net Income From Continuing And Discontinued Operation": -18850000.0,
        "Total Expenses": 252256000.0,
        "Total Operating Income As Reported": -18223000.0,
        "Diluted Average Shares": 179076496.0,
        "Basic Average Shares": 179076496.0,
        "Diluted EPS": -0.11,
        "Basic EPS": -0.11,
        "Diluted NI Availto Com Stockholders": -18850000.0,
        "Net Income Common Stockholders": -18850000.0,
        "Net Income": -18850000.0,
        "Net Income Including Noncontrolling Interests": -18850000.0,
        "Net Income Continuous Operations": -18850000.0,
        "Tax Provision": -143000.0,
        "Pretax Income": -18993000.0,
        "Other Income Expense": -1546000.0,
        "Other Non Operating Income Expenses": -1546000.0,
        "Net Non Operating Interest Income Expense": 776000.0,
        "Interest Expense Non Operating": 592000.0,
        "Interest Income Non Operating": 1368000.0,
        "Operating Income": -18223000.0,
        "Operating Expense": 150586000.0,
        "Depreciation Amortization Depletion Income Statement": 3187000.0,
        "Depreciation And Amortization In Income Statement": 3187000.0,
        "Research And Development": 54309000.0,
        "Selling General And Administration": 93090000.0,
        "Selling And Marketing Expense": 53600000.0,
        "General And Administrative Expense": 39490000.0,
        "Other Gand A": 39490000.0,
        "Gross Profit": 132363000.0,
        "Cost Of Revenue": 101670000.0,
        "Total Revenue": 234033000.0,
        "Operating Revenue": 234033000.0
    },
    "2023-09-30": {
        "Tax Effect Of Unusual Items": 0.0,
        "Tax Rate For Calcs": 0.21,
        "Normalized EBITDA": -31394000.0,
        "Net Income From Continuing Operation Net Minority Interest": -35655000.0,
        "Reconciled Depreciation": 3418000.0,
        "Reconciled Cost Of Revenue": 106932000.0,
        "EBITDA": -31394000.0,
        "EBIT": -34812000.0,
        "Net Interest Income": 1223000.0,
        "Interest Expense": 585000.0,
        "Interest Income": 1808000.0,
        "Normalized Income": -35655000.0,
        "Net Income From Continuing And Discontinued Operation": -35655000.0,
        "Total Expenses": 278532000.0,
        "Total Operating Income As Reported": -36903000.0,
        "Diluted Average Shares": 182598013.0,
        "Basic Average Shares": 182598013.0,
        "Diluted EPS": -0.2,
        "Basic EPS": -0.2,
        "Diluted NI Availto Com Stockholders": -35655000.0,
        "Net Income Common Stockholders": -35655000.0,
        "Net Income": -35655000.0,
        "Net Income Including Noncontrolling Interests": -35655000.0,
        "Net Income Continuous Operations": -35655000.0,
        "Tax Provision": 258000.0,
        "Pretax Income": -35397000.0,
        "Other Income Expense": 283000.0,
        "Other Non Operating Income Expenses": 283000.0,
        "Net Non Operating Interest Income Expense": 1223000.0,
        "Interest Expense Non Operating": 585000.0,
        "Interest Income Non Operating": 1808000.0,
        "Operating Income": -36903000.0,
        "Operating Expense": 171600000.0,
        "Depreciation Amortization Depletion Income Statement": 3418000.0,
        "Depreciation And Amortization In Income Statement": 3418000.0,
        "Research And Development": 57014000.0,
        "Selling General And Administration": 111168000.0,
        "Selling And Marketing Expense": 61351000.0,
        "General And Administrative Expense": 49817000.0,
        "Other Gand A": 49817000.0,
        "Gross Profit": 134697000.0,
        "Cost Of Revenue": 106932000.0,
        "Total Revenue": 241629000.0,
        "Operating Revenue": 241629000.0
    },
    "2023-12-31": {
        "Tax Effect Of Unusual Items": NaN,
        "Tax Rate For Calcs": NaN,
        "Normalized EBITDA": NaN,
        "Net Income From Continuing Operation Net Minority Interest": NaN,
        "Reconciled Depreciation": NaN,
        "Reconciled Cost Of Revenue": NaN,
        "EBITDA": NaN,
        "EBIT": NaN,
        "Net Interest Income": NaN,
        "Interest Expense": NaN,
        "Interest Income": NaN,
        "Normalized Income": NaN,
        "Net Income From Continuing And Discontinued Operation": NaN,
        "Total Expenses": NaN,
        "Total Operating Income As Reported": NaN,
        "Diluted Average Shares": 186343078.0,
        "Basic Average Shares": 186343078.0,
        "Diluted EPS": -0.19,
        "Basic EPS": -0.19,
        "Diluted NI Availto Com Stockholders": NaN,
        "Net Income Common Stockholders": NaN,
        "Net Income": NaN,
        "Net Income Including Noncontrolling Interests": NaN,
        "Net Income Continuous Operations": NaN,
        "Tax Provision": NaN,
        "Pretax Income": NaN,
        "Other Income Expense": NaN,
        "Other Non Operating Income Expenses": NaN,
        "Net Non Operating Interest Income Expense": NaN,
        "Interest Expense Non Operating": NaN,
        "Interest Income Non Operating": NaN,
        "Operating Income": NaN,
        "Operating Expense": NaN,
        "Depreciation Amortization Depletion Income Statement": NaN,
        "Depreciation And Amortization In Income Statement": NaN,
        "Research And Development": NaN,
        "Selling General And Administration": NaN,
        "Selling And Marketing Expense": NaN,
        "General And Administrative Expense": NaN,
        "Other Gand A": NaN,
        "Gross Profit": NaN,
        "Cost Of Revenue": NaN,
        "Total Revenue": NaN,
        "Operating Revenue": NaN
    }
}