{
    "2023-03-31": {
        "Tax Effect Of Unusual Items": NaN,
        "Tax Rate For Calcs": NaN,
        "Normalized EBITDA": NaN,
        "Total Unusual Items": 0.0,
        "Total Unusual Items Excluding Goodwill": 0.0,
        "Net Income From Continuing Operation Net Minority Interest": NaN,
        "Reconciled Cost Of Revenue": NaN,
        "EBITDA": NaN,
        "EBIT": NaN,
        "Net Interest Income": NaN,
        "Interest Expense": NaN,
        "Interest Income": NaN,
        "Normalized Income": NaN,
        "Net Income From Continuing And Discontinued Operation": NaN,
        "Total Expenses": NaN,
        "Total Operating Income As Reported": NaN,
        "Diluted Average Shares": NaN,
        "Basic Average Shares": NaN,
        "Diluted EPS": NaN,
        "Basic EPS": NaN,
        "Diluted NI Availto Com Stockholders": NaN,
        "Net Income Common Stockholders": NaN,
        "Otherunder Preferred Stock Dividend": NaN,
        "Net Income": NaN,
        "Net Income Including Noncontrolling Interests": NaN,
        "Net Income Continuous Operations": NaN,
        "Earnings From Equity Interest Net Of Tax": NaN,
        "Tax Provision": NaN,
        "Pretax Income": NaN,
        "Other Income Expense": NaN,
        "Other Non Operating Income Expenses": NaN,
        "Special Income Charges": 0.0,
        "Impairment Of Capital Assets": 0.0,
        "Net Non Operating Interest Income Expense": NaN,
        "Interest Expense Non Operating": NaN,
        "Interest Income Non Operating": NaN,
        "Operating Income": NaN,
        "Operating Expense": NaN,
        "Other Operating Expenses": NaN,
        "Research And Development": NaN,
        "Selling General And Administration": NaN,
        "Selling And Marketing Expense": NaN,
        "General And Administrative Expense": NaN,
        "Other Gand A": NaN,
        "Salaries And Wages": 28310000.0,
        "Gross Profit": NaN,
        "Cost Of Revenue": NaN,
        "Total Revenue": NaN,
        "Operating Revenue": NaN
    },
    "2022-12-31": {
        "Tax Effect Of Unusual Items": NaN,
        "Tax Rate For Calcs": NaN,
        "Normalized EBITDA": NaN,
        "Total Unusual Items": -1819926000.0,
        "Total Unusual Items Excluding Goodwill": -1819926000.0,
        "Net Income From Continuing Operation Net Minority Interest": NaN,
        "Reconciled Cost Of Revenue": NaN,
        "EBITDA": NaN,
        "EBIT": NaN,
        "Net Interest Income": NaN,
        "Interest Expense": NaN,
        "Interest Income": NaN,
        "Normalized Income": NaN,
        "Net Income From Continuing And Discontinued Operation": NaN,
        "Total Expenses": NaN,
        "Total Operating Income As Reported": NaN,
        "Diluted Average Shares": NaN,
        "Basic Average Shares": NaN,
        "Diluted EPS": NaN,
        "Basic EPS": NaN,
        "Diluted NI Availto Com Stockholders": NaN,
        "Net Income Common Stockholders": NaN,
        "Otherunder Preferred Stock Dividend": 0.0,
        "Net Income": NaN,
        "Net Income Including Noncontrolling Interests": NaN,
        "Net Income Continuous Operations": NaN,
        "Earnings From Equity Interest Net Of Tax": NaN,
        "Tax Provision": NaN,
        "Pretax Income": NaN,
        "Other Income Expense": NaN,
        "Other Non Operating Income Expenses": NaN,
        "Special Income Charges": -1819926000.0,
        "Impairment Of Capital Assets": 1819926000.0,
        "Net Non Operating Interest Income Expense": NaN,
        "Interest Expense Non Operating": NaN,
        "Interest Income Non Operating": NaN,
        "Operating Income": NaN,
        "Operating Expense": NaN,
        "Other Operating Expenses": NaN,
        "Research And Development": NaN,
        "Selling General And Administration": NaN,
        "Selling And Marketing Expense": NaN,
        "General And Administrative Expense": NaN,
        "Other Gand A": NaN,
        "Salaries And Wages": 49630000.0,
        "Gross Profit": NaN,
        "Cost Of Revenue": NaN,
        "Total Revenue": NaN,
        "Operating Revenue": NaN
    },
    "2022-09-30": {
        "Tax Effect Of Unusual Items": NaN,
        "Tax Rate For Calcs": NaN,
        "Normalized EBITDA": NaN,
        "Total Unusual Items": NaN,
        "Total Unusual Items Excluding Goodwill": NaN,
        "Net Income From Continuing Operation Net Minority Interest": NaN,
        "Reconciled Cost Of Revenue": NaN,
        "EBITDA": NaN,
        "EBIT": NaN,
        "Net Interest Income": NaN,
        "Interest Expense": NaN,
        "Interest Income": NaN,
        "Normalized Income": NaN,
        "Net Income From Continuing And Discontinued Operation": NaN,
        "Total Expenses": NaN,
        "Total Operating Income As Reported": NaN,
        "Diluted Average Shares": NaN,
        "Basic Average Shares": NaN,
        "Diluted EPS": NaN,
        "Basic EPS": NaN,
        "Diluted NI Availto Com Stockholders": NaN,
        "Net Income Common Stockholders": NaN,
        "Otherunder Preferred Stock Dividend": 0.0,
        "Net Income": NaN,
        "Net Income Including Noncontrolling Interests": NaN,
        "Net Income Continuous Operations": NaN,
        "Earnings From Equity Interest Net Of Tax": NaN,
        "Tax Provision": NaN,
        "Pretax Income": NaN,
        "Other Income Expense": NaN,
        "Other Non Operating Income Expenses": NaN,
        "Special Income Charges": NaN,
        "Impairment Of Capital Assets": NaN,
        "Net Non Operating Interest Income Expense": NaN,
        "Interest Expense Non Operating": NaN,
        "Interest Income Non Operating": NaN,
        "Operating Income": NaN,
        "Operating Expense": NaN,
        "Other Operating Expenses": NaN,
        "Research And Development": NaN,
        "Selling General And Administration": NaN,
        "Selling And Marketing Expense": NaN,
        "General And Administrative Expense": NaN,
        "Other Gand A": NaN,
        "Salaries And Wages": NaN,
        "Gross Profit": NaN,
        "Cost Of Revenue": NaN,
        "Total Revenue": NaN,
        "Operating Revenue": NaN
    },
    "2022-06-30": {
        "Tax Effect Of Unusual Items": 0.0,
        "Tax Rate For Calcs": 0.102066,
        "Normalized EBITDA": -133435000.0,
        "Total Unusual Items": NaN,
        "Total Unusual Items Excluding Goodwill": NaN,
        "Net Income From Continuing Operation Net Minority Interest": -125250000.0,
        "Reconciled Cost Of Revenue": 1653834000.0,
        "EBITDA": -133435000.0,
        "EBIT": -133435000.0,
        "Net Interest Income": -463000.0,
        "Interest Expense": 2516000.0,
        "Interest Income": 2053000.0,
        "Normalized Income": -125250000.0,
        "Net Income From Continuing And Discontinued Operation": -125250000.0,
        "Total Expenses": 2313946000.0,
        "Total Operating Income As Reported": -168227000.0,
        "Diluted Average Shares": 244695170.0,
        "Basic Average Shares": 244695170.0,
        "Diluted EPS": -0.5148,
        "Basic EPS": -0.5148,
        "Diluted NI Availto Com Stockholders": -125250000.0,
        "Net Income Common Stockholders": -125250000.0,
        "Otherunder Preferred Stock Dividend": 0.0,
        "Net Income": -125250000.0,
        "Net Income Including Noncontrolling Interests": -125250000.0,
        "Net Income Continuous Operations": -125250000.0,
        "Earnings From Equity Interest Net Of Tax": -3175000.0,
        "Tax Provision": -13876000.0,
        "Pretax Income": -135951000.0,
        "Other Income Expense": 32739000.0,
        "Other Non Operating Income Expenses": 32739000.0,
        "Special Income Charges": NaN,
        "Impairment Of Capital Assets": NaN,
        "Net Non Operating Interest Income Expense": -463000.0,
        "Interest Expense Non Operating": 2516000.0,
        "Interest Income Non Operating": 2053000.0,
        "Operating Income": -168227000.0,
        "Operating Expense": 660112000.0,
        "Other Operating Expenses": -13447000.0,
        "Research And Development": 59726000.0,
        "Selling General And Administration": 613833000.0,
        "Selling And Marketing Expense": 293405000.0,
        "General And Administrative Expense": 320428000.0,
        "Other Gand A": 320428000.0,
        "Salaries And Wages": NaN,
        "Gross Profit": 491885000.0,
        "Cost Of Revenue": 1653834000.0,
        "Total Revenue": 2145719000.0,
        "Operating Revenue": 2145719000.0
    },
    "2022-03-31": {
        "Diluted EPS": -0.11,
        "Total Revenue": 348,
        "Gross Profit": 89,
        "Operating Income": -21,
        "EBIT": -21,
        "Net Income": -25
    },
    "2021-12-31": {
        "Diluted EPS": 3.33,
        "Total Revenue": 393,
        "Gross Profit": 103,
        "Operating Income": -21,
        "EBIT": -21,
        "Net Income": -18
    },
    "2021-09-30": {
        "Diluted EPS": -0.08,
        "Total Revenue": 305,
        "Gross Profit": 80,
        "Operating Income": -23,
        "EBIT": -23,
        "Net Income": -19
    },
    "2021-06-30": {
        "Diluted EPS": -1.39,
        "Total Revenue": 289,
        "Gross Profit": 73,
        "Operating Income": -79,
        "EBIT": -79,
        "Net Income": -78
    },
    "2021-03-31": {
        "Diluted EPS": -3.31,
        "Total Revenue": 234,
        "Gross Profit": 65,
        "Operating Income": -17,
        "EBIT": -4,
        "Net Income": -93
    },
    "2020-12-31": {
        "Diluted EPS": 0.0,
        "Total Revenue": NaN,
        "Gross Profit": NaN,
        "Operating Income": NaN,
        "EBIT": NaN,
        "Net Income": NaN
    },
    "2023-06-30": {
        "Tax Effect Of Unusual Items": 0.0,
        "Tax Rate For Calcs": 0.196431,
        "Normalized EBITDA": -57062000.0,
        "Total Unusual Items": NaN,
        "Total Unusual Items Excluding Goodwill": NaN,
        "Net Income From Continuing Operation Net Minority Interest": -64841000.0,
        "Reconciled Cost Of Revenue": 2325763000.0,
        "EBITDA": -57062000.0,
        "EBIT": -57062000.0,
        "Net Interest Income": 3122000.0,
        "Interest Expense": 2501000.0,
        "Interest Income": 5623000.0,
        "Normalized Income": -64841000.0,
        "Net Income From Continuing And Discontinued Operation": -64841000.0,
        "Total Expenses": 3024623000.0,
        "Total Operating Income As Reported": -60964000.0,
        "Diluted Average Shares": 246853995.0,
        "Basic Average Shares": 246853995.0,
        "Diluted EPS": -0.264,
        "Basic EPS": -0.264,
        "Diluted NI Availto Com Stockholders": -64841000.0,
        "Net Income Common Stockholders": -64841000.0,
        "Otherunder Preferred Stock Dividend": NaN,
        "Net Income": -64841000.0,
        "Net Income Including Noncontrolling Interests": -64841000.0,
        "Net Income Continuous Operations": -64841000.0,
        "Earnings From Equity Interest Net Of Tax": -16978000.0,
        "Tax Provision": -11700000.0,
        "Pretax Income": -59563000.0,
        "Other Income Expense": -1721000.0,
        "Other Non Operating Income Expenses": -1721000.0,
        "Special Income Charges": NaN,
        "Impairment Of Capital Assets": NaN,
        "Net Non Operating Interest Income Expense": 3122000.0,
        "Interest Expense Non Operating": 2501000.0,
        "Interest Income Non Operating": 5623000.0,
        "Operating Income": -60964000.0,
        "Operating Expense": 698860000.0,
        "Other Operating Expenses": 260987000.0,
        "Research And Development": 45042000.0,
        "Selling General And Administration": 392831000.0,
        "Selling And Marketing Expense": 335303000.0,
        "General And Administrative Expense": 57528000.0,
        "Other Gand A": 57528000.0,
        "Salaries And Wages": 29282000.0,
        "Gross Profit": 637896000.0,
        "Cost Of Revenue": 2325763000.0,
        "Total Revenue": 2963659000.0,
        "Operating Revenue": 2963659000.0
    },
    "2023-09-30": {
        "Tax Effect Of Unusual Items": 0.0,
        "Tax Rate For Calcs": 0.25,
        "Normalized EBITDA": -21417000.0,
        "Total Unusual Items": NaN,
        "Total Unusual Items Excluding Goodwill": NaN,
        "Net Income From Continuing Operation Net Minority Interest": -44188000.0,
        "Reconciled Cost Of Revenue": 2611018000.0,
        "EBITDA": -21417000.0,
        "EBIT": -21417000.0,
        "Net Interest Income": 8897000.0,
        "Interest Expense": 2186000.0,
        "Interest Income": 11083000.0,
        "Normalized Income": -44188000.0,
        "Net Income From Continuing And Discontinued Operation": -44188000.0,
        "Total Expenses": 3284829000.0,
        "Total Operating Income As Reported": -28072000.0,
        "Diluted Average Shares": 244453005.0,
        "Basic Average Shares": 244453005.0,
        "Diluted EPS": -0.1782,
        "Basic EPS": -0.1782,
        "Diluted NI Availto Com Stockholders": -44188000.0,
        "Net Income Common Stockholders": -44188000.0,
        "Otherunder Preferred Stock Dividend": NaN,
        "Net Income": -44188000.0,
        "Net Income Including Noncontrolling Interests": -44188000.0,
        "Net Income Continuous Operations": -44188000.0,
        "Earnings From Equity Interest Net Of Tax": -30632000.0,
        "Tax Provision": -10047000.0,
        "Pretax Income": -23603000.0,
        "Other Income Expense": -4428000.0,
        "Other Non Operating Income Expenses": -4428000.0,
        "Special Income Charges": NaN,
        "Impairment Of Capital Assets": NaN,
        "Net Non Operating Interest Income Expense": 8897000.0,
        "Interest Expense Non Operating": 2186000.0,
        "Interest Income Non Operating": 11083000.0,
        "Operating Income": -28072000.0,
        "Operating Expense": 673811000.0,
        "Other Operating Expenses": 265064000.0,
        "Research And Development": 39430000.0,
        "Selling General And Administration": 369317000.0,
        "Selling And Marketing Expense": 299491000.0,
        "General And Administrative Expense": 69826000.0,
        "Other Gand A": 69826000.0,
        "Salaries And Wages": NaN,
        "Gross Profit": 645739000.0,
        "Cost Of Revenue": 2611018000.0,
        "Total Revenue": 3256757000.0,
        "Operating Revenue": 3256757000.0
    },
    "2023-12-31": {
        "Tax Effect Of Unusual Items": 0.0,
        "Tax Rate For Calcs": 0.25,
        "Normalized EBITDA": -2662000.0,
        "Total Unusual Items": NaN,
        "Total Unusual Items Excluding Goodwill": NaN,
        "Net Income From Continuing Operation Net Minority Interest": 2778000.0,
        "Reconciled Cost Of Revenue": 3149968000.0,
        "EBITDA": -2662000.0,
        "EBIT": -2662000.0,
        "Net Interest Income": 11659000.0,
        "Interest Expense": 1558000.0,
        "Interest Income": 13217000.0,
        "Normalized Income": 2778000.0,
        "Net Income From Continuing And Discontinued Operation": 2778000.0,
        "Total Expenses": 3890283000.0,
        "Total Operating Income As Reported": -16711000.0,
        "Diluted Average Shares": 243584224.0,
        "Basic Average Shares": 243584224.0,
        "Diluted EPS": 0.0132,
        "Basic EPS": 0.0132,
        "Diluted NI Availto Com Stockholders": 2778000.0,
        "Net Income Common Stockholders": 2778000.0,
        "Otherunder Preferred Stock Dividend": NaN,
        "Net Income": 2778000.0,
        "Net Income Including Noncontrolling Interests": 2778000.0,
        "Net Income Continuous Operations": 2778000.0,
        "Earnings From Equity Interest Net Of Tax": -1925000.0,
        "Tax Provision": -8923000.0,
        "Pretax Income": -4220000.0,
        "Other Income Expense": 832000.0,
        "Other Non Operating Income Expenses": 832000.0,
        "Special Income Charges": NaN,
        "Impairment Of Capital Assets": NaN,
        "Net Non Operating Interest Income Expense": 11659000.0,
        "Interest Expense Non Operating": 1558000.0,
        "Interest Income Non Operating": 13217000.0,
        "Operating Income": -16711000.0,
        "Operating Expense": 740315000.0,
        "Other Operating Expenses": 297329000.0,
        "Research And Development": 63774000.0,
        "Selling General And Administration": 379212000.0,
        "Selling And Marketing Expense": 317025000.0,
        "General And Administrative Expense": 62187000.0,
        "Other Gand A": 62187000.0,
        "Salaries And Wages": NaN,
        "Gross Profit": 723604000.0,
        "Cost Of Revenue": 3149968000.0,
        "Total Revenue": 3873572000.0,
        "Operating Revenue": 3873572000.0
    },
    "2024-03-31": {
        "Tax Effect Of Unusual Items": 0.0,
        "Tax Rate For Calcs": 0.122214,
        "Normalized EBITDA": -78230000.0,
        "Total Unusual Items": NaN,
        "Total Unusual Items Excluding Goodwill": NaN,
        "Net Income From Continuing Operation Net Minority Interest": -92863000.0,
        "Reconciled Cost Of Revenue": 2947815000.0,
        "EBITDA": -78230000.0,
        "EBIT": -78230000.0,
        "Net Interest Income": 2615000.0,
        "Interest Expense": 3978000.0,
        "Interest Income": 6593000.0,
        "Normalized Income": -92863000.0,
        "Net Income From Continuing And Discontinued Operation": -92863000.0,
        "Total Expenses": 3694522000.0,
        "Total Operating Income As Reported": -43386000.0,
        "Diluted Average Shares": 244667047.0,
        "Basic Average Shares": 244667047.0,
        "Diluted EPS": -0.3828,
        "Basic EPS": -0.3828,
        "Diluted NI Availto Com Stockholders": -92863000.0,
        "Net Income Common Stockholders": -92863000.0,
        "Otherunder Preferred Stock Dividend": NaN,
        "Net Income": -92863000.0,
        "Net Income Including Noncontrolling Interests": -92863000.0,
        "Net Income Continuous Operations": -92863000.0,
        "Earnings From Equity Interest Net Of Tax": -20702000.0,
        "Tax Provision": -10047000.0,
        "Pretax Income": -82208000.0,
        "Other Income Expense": -41437000.0,
        "Other Non Operating Income Expenses": -41437000.0,
        "Special Income Charges": NaN,
        "Impairment Of Capital Assets": NaN,
        "Net Non Operating Interest Income Expense": 2615000.0,
        "Interest Expense Non Operating": 3978000.0,
        "Interest Income Non Operating": 6593000.0,
        "Operating Income": -43386000.0,
        "Operating Expense": 746707000.0,
        "Other Operating Expenses": 301362000.0,
        "Research And Development": 50183000.0,
        "Selling General And Administration": 395162000.0,
        "Selling And Marketing Expense": 321337000.0,
        "General And Administrative Expense": 73825000.0,
        "Other Gand A": 73825000.0,
        "Salaries And Wages": NaN,
        "Gross Profit": 703321000.0,
        "Cost Of Revenue": 2947815000.0,
        "Total Revenue": 3651136000.0,
        "Operating Revenue": 3651136000.0
    },
    "2024-06-30": {
        "Tax Effect Of Unusual Items": 0.0,
        "Tax Rate For Calcs": 0.25,
        "Normalized EBITDA": -217000.0,
        "Total Unusual Items": NaN,
        "Total Unusual Items Excluding Goodwill": NaN,
        "Net Income From Continuing Operation Net Minority Interest": -10673000.0,
        "Reconciled Cost Of Revenue": 2990642000.0,
        "EBITDA": -217000.0,
        "EBIT": -217000.0,
        "Net Interest Income": 593000.0,
        "Interest Expense": 4739000.0,
        "Interest Income": 5332000.0,
        "Normalized Income": -10673000.0,
        "Net Income From Continuing And Discontinued Operation": -10673000.0,
        "Total Expenses": 3782337000.0,
        "Total Operating Income As Reported": -5634000.0,
        "Diluted Average Shares": 252448512.0,
        "Basic Average Shares": 252448512.0,
        "Diluted EPS": -0.0396,
        "Basic EPS": -0.0396,
        "Diluted NI Availto Com Stockholders": -10673000.0,
        "Net Income Common Stockholders": -10673000.0,
        "Otherunder Preferred Stock Dividend": NaN,
        "Net Income": -10673000.0,
        "Net Income Including Noncontrolling Interests": -10673000.0,
        "Net Income Continuous Operations": -10673000.0,
        "Earnings From Equity Interest Net Of Tax": -14257000.0,
        "Tax Provision": -8540000.0,
        "Pretax Income": -4956000.0,
        "Other Income Expense": 85000.0,
        "Other Non Operating Income Expenses": 85000.0,
        "Special Income Charges": NaN,
        "Impairment Of Capital Assets": NaN,
        "Net Non Operating Interest Income Expense": 593000.0,
        "Interest Expense Non Operating": 4739000.0,
        "Interest Income Non Operating": 5332000.0,
        "Operating Income": -5634000.0,
        "Operating Expense": 791695000.0,
        "Other Operating Expenses": 315362000.0,
        "Research And Development": 49812000.0,
        "Selling General And Administration": 426521000.0,
        "Selling And Marketing Expense": 353977000.0,
        "General And Administrative Expense": 72544000.0,
        "Other Gand A": 72544000.0,
        "Salaries And Wages": NaN,
        "Gross Profit": 786061000.0,
        "Cost Of Revenue": 2990642000.0,
        "Total Revenue": 3776703000.0,
        "Operating Revenue": 3776703000.0
    }
}