{
    "2023-06-30": {
        "Tax Effect Of Unusual Items": NaN,
        "Tax Rate For Calcs": NaN,
        "Normalized EBITDA": NaN,
        "Total Unusual Items": NaN,
        "Total Unusual Items Excluding Goodwill": NaN,
        "Net Income From Continuing Operation Net Minority Interest": NaN,
        "Reconciled Depreciation": NaN,
        "Reconciled Cost Of Revenue": NaN,
        "EBITDA": NaN,
        "EBIT": NaN,
        "Net Interest Income": NaN,
        "Interest Expense": NaN,
        "Interest Income": NaN,
        "Normalized Income": NaN,
        "Net Income From Continuing And Discontinued Operation": NaN,
        "Total Expenses": NaN,
        "Total Operating Income As Reported": NaN,
        "Diluted Average Shares": NaN,
        "Basic Average Shares": NaN,
        "Diluted EPS": NaN,
        "Basic EPS": NaN,
        "Diluted NI Availto Com Stockholders": NaN,
        "Net Income Common Stockholders": NaN,
        "Otherunder Preferred Stock Dividend": NaN,
        "Net Income": NaN,
        "Net Income Including Noncontrolling Interests": NaN,
        "Net Income Continuous Operations": NaN,
        "Tax Provision": NaN,
        "Pretax Income": NaN,
        "Other Income Expense": NaN,
        "Other Non Operating Income Expenses": NaN,
        "Special Income Charges": NaN,
        "Gain On Sale Of Ppe": NaN,
        "Other Special Charges": 911000.0,
        "Net Non Operating Interest Income Expense": NaN,
        "Interest Expense Non Operating": NaN,
        "Interest Income Non Operating": NaN,
        "Operating Income": NaN,
        "Operating Expense": NaN,
        "Selling General And Administration": NaN,
        "General And Administrative Expense": 44515000.0,
        "Other Gand A": 43604000.0,
        "Salaries And Wages": 911000.0,
        "Gross Profit": NaN,
        "Cost Of Revenue": NaN,
        "Total Revenue": NaN,
        "Operating Revenue": NaN
    },
    "2023-03-31": {
        "Tax Effect Of Unusual Items": NaN,
        "Tax Rate For Calcs": NaN,
        "Normalized EBITDA": NaN,
        "Total Unusual Items": NaN,
        "Total Unusual Items Excluding Goodwill": NaN,
        "Net Income From Continuing Operation Net Minority Interest": NaN,
        "Reconciled Depreciation": NaN,
        "Reconciled Cost Of Revenue": NaN,
        "EBITDA": NaN,
        "EBIT": NaN,
        "Net Interest Income": NaN,
        "Interest Expense": NaN,
        "Interest Income": NaN,
        "Normalized Income": NaN,
        "Net Income From Continuing And Discontinued Operation": NaN,
        "Total Expenses": NaN,
        "Total Operating Income As Reported": NaN,
        "Diluted Average Shares": NaN,
        "Basic Average Shares": NaN,
        "Diluted EPS": NaN,
        "Basic EPS": NaN,
        "Diluted NI Availto Com Stockholders": NaN,
        "Net Income Common Stockholders": NaN,
        "Otherunder Preferred Stock Dividend": NaN,
        "Net Income": NaN,
        "Net Income Including Noncontrolling Interests": NaN,
        "Net Income Continuous Operations": NaN,
        "Tax Provision": NaN,
        "Pretax Income": NaN,
        "Other Income Expense": NaN,
        "Other Non Operating Income Expenses": NaN,
        "Special Income Charges": NaN,
        "Gain On Sale Of Ppe": NaN,
        "Other Special Charges": 17375000.0,
        "Net Non Operating Interest Income Expense": NaN,
        "Interest Expense Non Operating": NaN,
        "Interest Income Non Operating": NaN,
        "Operating Income": NaN,
        "Operating Expense": NaN,
        "Selling General And Administration": NaN,
        "General And Administrative Expense": 42197000.0,
        "Other Gand A": 42197000.0,
        "Salaries And Wages": 17375000.0,
        "Gross Profit": NaN,
        "Cost Of Revenue": NaN,
        "Total Revenue": NaN,
        "Operating Revenue": NaN
    },
    "2022-12-31": {
        "Tax Effect Of Unusual Items": 586825.908935,
        "Tax Rate For Calcs": 0.233888,
        "Normalized EBITDA": 133441000.0,
        "Total Unusual Items": 2509000.0,
        "Total Unusual Items Excluding Goodwill": 2509000.0,
        "Net Income From Continuing Operation Net Minority Interest": 87005000.0,
        "Reconciled Depreciation": 22312000.0,
        "Reconciled Cost Of Revenue": 331087000.0,
        "EBITDA": 135950000.0,
        "EBIT": 113638000.0,
        "Net Interest Income": 628000.0,
        "Interest Expense": 71000.0,
        "Interest Income": 699000.0,
        "Normalized Income": 85082825.908935,
        "Net Income From Continuing And Discontinued Operation": 87005000.0,
        "Total Expenses": 369298000.0,
        "Total Operating Income As Reported": 112320000.0,
        "Diluted Average Shares": 216618000.0,
        "Basic Average Shares": 216618000.0,
        "Diluted EPS": 0.4,
        "Basic EPS": 0.4,
        "Diluted NI Availto Com Stockholders": 85718000.0,
        "Net Income Common Stockholders": 85718000.0,
        "Otherunder Preferred Stock Dividend": 1287000.0,
        "Net Income": 87005000.0,
        "Net Income Including Noncontrolling Interests": 87005000.0,
        "Net Income Continuous Operations": 87005000.0,
        "Tax Provision": 26562000.0,
        "Pretax Income": 113567000.0,
        "Other Income Expense": 207000.0,
        "Other Non Operating Income Expenses": -2302000.0,
        "Special Income Charges": 2509000.0,
        "Gain On Sale Of Ppe": 2509000.0,
        "Net Non Operating Interest Income Expense": 628000.0,
        "Interest Expense Non Operating": 71000.0,
        "Interest Income Non Operating": 699000.0,
        "Operating Income": 112732000.0,
        "Operating Expense": 38211000.0,
        "Selling General And Administration": 38211000.0,
        "General And Administrative Expense": NaN,
        "Other Gand A": NaN,
        "Salaries And Wages": NaN,
        "Gross Profit": 150943000.0,
        "Cost Of Revenue": 331087000.0,
        "Total Revenue": 482030000.0,
        "Operating Revenue": 482030000.0
    },
    "2022-09-30": {
        "Tax Effect Of Unusual Items": 383689.356261,
        "Tax Rate For Calcs": 0.248665,
        "Normalized EBITDA": 90889000.0,
        "Total Unusual Items": 1543000.0,
        "Total Unusual Items Excluding Goodwill": 1543000.0,
        "Net Income From Continuing Operation Net Minority Interest": 69340000.0,
        "Reconciled Depreciation": 21489000.0,
        "Reconciled Cost Of Revenue": 330731000.0,
        "EBITDA": 92432000.0,
        "EBIT": 92432000.0,
        "Net Interest Income": 186000.0,
        "Interest Expense": 143000.0,
        "Interest Income": 329000.0,
        "Normalized Income": 68180689.356261,
        "Net Income From Continuing And Discontinued Operation": 69340000.0,
        "Total Expenses": 368974000.0,
        "Total Operating Income As Reported": 92170000.0,
        "Diluted Average Shares": 213359000.0,
        "Basic Average Shares": 213359000.0,
        "Diluted EPS": 0.32,
        "Basic EPS": 0.32,
        "Diluted NI Availto Com Stockholders": 69340000.0,
        "Net Income Common Stockholders": 69340000.0,
        "Otherunder Preferred Stock Dividend": 1041000.0,
        "Net Income": 69340000.0,
        "Net Income Including Noncontrolling Interests": 69340000.0,
        "Net Income Continuous Operations": 69340000.0,
        "Tax Provision": 22949000.0,
        "Pretax Income": 92289000.0,
        "Other Income Expense": 1476000.0,
        "Other Non Operating Income Expenses": -67000.0,
        "Special Income Charges": 1543000.0,
        "Gain On Sale Of Ppe": 1543000.0,
        "Net Non Operating Interest Income Expense": 186000.0,
        "Interest Expense Non Operating": 143000.0,
        "Interest Income Non Operating": 329000.0,
        "Operating Income": 90627000.0,
        "Operating Expense": 38243000.0,
        "Selling General And Administration": 38243000.0,
        "General And Administrative Expense": NaN,
        "Other Gand A": NaN,
        "Salaries And Wages": NaN,
        "Gross Profit": 128870000.0,
        "Cost Of Revenue": 330731000.0,
        "Total Revenue": 459601000.0,
        "Operating Revenue": 459601000.0
    },
    "2022-06-30": {
        "Tax Effect Of Unusual Items": 400709.900662,
        "Tax Rate For Calcs": 0.222864,
        "Normalized EBITDA": 58824000.0,
        "Total Unusual Items": 1798000.0,
        "Total Unusual Items Excluding Goodwill": 1798000.0,
        "Net Income From Continuing Operation Net Minority Interest": 46939000.0,
        "Reconciled Depreciation": 20520000.0,
        "Reconciled Cost Of Revenue": 281011000.0,
        "EBITDA": 60622000.0,
        "EBIT": 60622000.0,
        "Net Interest Income": -94000.0,
        "Interest Expense": 222000.0,
        "Interest Income": 128000.0,
        "Normalized Income": 45541709.900662,
        "Net Income From Continuing And Discontinued Operation": 46939000.0,
        "Total Expenses": 316890000.0,
        "Total Operating Income As Reported": 60415000.0,
        "Diluted Average Shares": 216565000.0,
        "Basic Average Shares": 216565000.0,
        "Diluted EPS": 0.22,
        "Basic EPS": 0.22,
        "Diluted NI Availto Com Stockholders": 46939000.0,
        "Net Income Common Stockholders": 46939000.0,
        "Otherunder Preferred Stock Dividend": 695000.0,
        "Net Income": 46939000.0,
        "Net Income Including Noncontrolling Interests": 46939000.0,
        "Net Income Continuous Operations": 46939000.0,
        "Tax Provision": 13461000.0,
        "Pretax Income": 60400000.0,
        "Other Income Expense": 1877000.0,
        "Other Non Operating Income Expenses": 79000.0,
        "Special Income Charges": 1798000.0,
        "Gain On Sale Of Ppe": 1798000.0,
        "Net Non Operating Interest Income Expense": -94000.0,
        "Interest Expense Non Operating": 222000.0,
        "Interest Income Non Operating": 128000.0,
        "Operating Income": 58617000.0,
        "Operating Expense": 35879000.0,
        "Selling General And Administration": 35879000.0,
        "General And Administrative Expense": NaN,
        "Other Gand A": NaN,
        "Salaries And Wages": NaN,
        "Gross Profit": 94496000.0,
        "Cost Of Revenue": 281011000.0,
        "Total Revenue": 375507000.0,
        "Operating Revenue": 375507000.0
    },
    "2022-03-31": {
        "Diluted EPS": 0.07,
        "Total Revenue": 285,
        "Gross Profit": 76,
        "Operating Income": 23,
        "EBIT": 42,
        "Net Income": 15
    },
    "2021-12-31": {
        "Diluted EPS": 0.06,
        "Total Revenue": 268,
        "Gross Profit": 68,
        "Operating Income": 20,
        "EBIT": 39,
        "Net Income": 12
    },
    "2021-09-30": {
        "Diluted EPS": 0.02,
        "Total Revenue": 225,
        "Gross Profit": 55,
        "Operating Income": 8,
        "EBIT": 26,
        "Net Income": 5
    },
    "2021-06-30": {
        "Diluted EPS": 0.0,
        "Total Revenue": 189,
        "Gross Profit": 43,
        "Operating Income": -1,
        "EBIT": 17,
        "Net Income": -1
    },
    "2021-03-31": {
        "Diluted EPS": -0.05,
        "Total Revenue": 183,
        "Gross Profit": 36,
        "Operating Income": -11,
        "EBIT": 7,
        "Net Income": -10
    },
    "2020-12-31": {
        "Diluted EPS": -0.04,
        "Total Revenue": 149,
        "Gross Profit": 31,
        "Operating Income": -22,
        "EBIT": -4,
        "Net Income": -10
    },
    "2020-09-30": {
        "Diluted EPS": -0.08,
        "Total Revenue": 117,
        "Gross Profit": 16,
        "Operating Income": -32,
        "EBIT": -13,
        "Net Income": -16
    },
    "2020-06-30": {
        "Diluted EPS": -0.12,
        "Total Revenue": 89,
        "Gross Profit": 9,
        "Operating Income": -38,
        "EBIT": -18,
        "Net Income": -25
    },
    "2020-03-31": {
        "Diluted EPS": -0.76,
        "Total Revenue": 244,
        "Gross Profit": 62,
        "Operating Income": -219,
        "EBIT": -179,
        "Net Income": -160
    },
    "2019-12-31": {
        "Diluted EPS": -0.11,
        "Total Revenue": 236,
        "Gross Profit": 59,
        "Operating Income": -28,
        "EBIT": 12,
        "Net Income": -23
    },
    "2019-09-30": {
        "Diluted EPS": -0.33,
        "Total Revenue": 293,
        "Gross Profit": 68,
        "Operating Income": -93,
        "EBIT": -47,
        "Net Income": -69
    },
    "2019-06-30": {
        "Diluted EPS": 0.03,
        "Total Revenue": 359,
        "Gross Profit": 93,
        "Operating Income": 8,
        "EBIT": 52,
        "Net Income": 6
    },
    "2019-03-31": {
        "Diluted EPS": -0.01,
        "Total Revenue": 335,
        "Gross Profit": 82,
        "Operating Income": -2,
        "EBIT": 41,
        "Net Income": -1
    },
    "2018-12-31": {
        "Diluted EPS": 0.07,
        "Total Revenue": 377,
        "Gross Profit": 102,
        "Operating Income": 20,
        "EBIT": 63,
        "Net Income": 13
    },
    "2018-09-30": {
        "Diluted EPS": 0.23,
        "Total Revenue": 440,
        "Gross Profit": 139,
        "Operating Income": 55,
        "EBIT": 98,
        "Net Income": 49
    },
    "2018-06-30": {
        "Diluted EPS": 0.28,
        "Total Revenue": 468,
        "Gross Profit": 156,
        "Operating Income": 75,
        "EBIT": 116,
        "Net Income": 59
    },
    "2018-03-31": {
        "Diluted EPS": 0.24,
        "Total Revenue": 436,
        "Gross Profit": 141,
        "Operating Income": 61,
        "EBIT": 99,
        "Net Income": 52
    },
    "2017-12-31": {
        "Diluted EPS": 0.27,
        "Total Revenue": 427,
        "Gross Profit": 142,
        "Operating Income": 60,
        "EBIT": 99,
        "Net Income": 57
    },
    "2017-09-30": {
        "Diluted EPS": 0.26,
        "Total Revenue": 471,
        "Gross Profit": 176,
        "Operating Income": 97,
        "EBIT": 138,
        "Net Income": 57
    },
    "2017-06-30": {
        "Diluted EPS": 0.2,
        "Total Revenue": 399,
        "Gross Profit": 145,
        "Operating Income": 67,
        "EBIT": 109,
        "Net Income": 43
    },
    "2017-03-31": {
        "Diluted EPS": 0.02,
        "Total Revenue": 298,
        "Gross Profit": 82,
        "Operating Income": 2,
        "EBIT": 47,
        "Net Income": 4
    },
    "2016-12-31": {
        "Diluted EPS": -0.1,
        "Total Revenue": 221,
        "Gross Profit": 48,
        "Operating Income": -32,
        "EBIT": 17,
        "Net Income": -21
    },
    "2016-09-30": {
        "Diluted EPS": -0.18,
        "Total Revenue": 176,
        "Gross Profit": 29,
        "Operating Income": -56,
        "EBIT": -4,
        "Net Income": -39
    },
    "2016-06-30": {
        "Diluted EPS": -0.23,
        "Total Revenue": 143,
        "Gross Profit": 16,
        "Operating Income": -75,
        "EBIT": -18,
        "Net Income": -49
    },
    "2016-03-31": {
        "Diluted EPS": -0.15,
        "Total Revenue": 189,
        "Gross Profit": 28,
        "Operating Income": -75,
        "EBIT": -14,
        "Net Income": -33
    },
    "2015-12-31": {
        "Diluted EPS": -0.19,
        "Total Revenue": 268,
        "Gross Profit": 51,
        "Operating Income": -57,
        "EBIT": 10,
        "Net Income": -38
    },
    "2015-09-30": {
        "Diluted EPS": -0.16,
        "Total Revenue": 292,
        "Gross Profit": 57,
        "Operating Income": -53,
        "EBIT": 18,
        "Net Income": -35
    },
    "2015-06-30": {
        "Diluted EPS": -0.16,
        "Total Revenue": 298,
        "Gross Profit": 56,
        "Operating Income": -52,
        "EBIT": 18,
        "Net Income": -34
    },
    "2015-03-31": {
        "Diluted EPS": 0.04,
        "Total Revenue": 406,
        "Gross Profit": 114,
        "Operating Income": 6,
        "EBIT": 74,
        "Net Income": 8
    },
    "2014-12-31": {
        "Diluted EPS": 0.37,
        "Total Revenue": 632,
        "Gross Profit": 242,
        "Operating Income": 126,
        "EBIT": 189,
        "Net Income": 78
    },
    "2014-09-30": {
        "Diluted EPS": 0.3,
        "Total Revenue": 621,
        "Gross Profit": 222,
        "Operating Income": 107,
        "EBIT": 165,
        "Net Income": 65
    },
    "2014-06-30": {
        "Diluted EPS": 0.29,
        "Total Revenue": 583,
        "Gross Profit": 209,
        "Operating Income": 103,
        "EBIT": 160,
        "Net Income": 63
    },
    "2014-03-31": {
        "Diluted EPS": 0.18,
        "Total Revenue": 502,
        "Gross Profit": 172,
        "Operating Income": 65,
        "EBIT": 122,
        "Net Income": 39
    },
    "2013-12-31": {
        "Diluted EPS": 0.17,
        "Total Revenue": 487,
        "Gross Profit": 168,
        "Operating Income": 67,
        "EBIT": 122,
        "Net Income": 38
    },
    "2013-09-30": {
        "Diluted EPS": 0.25,
        "Total Revenue": 491,
        "Gross Profit": 187,
        "Operating Income": 86,
        "EBIT": 139,
        "Net Income": 54
    },
    "2013-06-30": {
        "Diluted EPS": 0.19,
        "Total Revenue": 458,
        "Gross Profit": 170,
        "Operating Income": 68,
        "EBIT": 121,
        "Net Income": 40
    },
    "2013-03-31": {
        "Diluted EPS": 0.16,
        "Total Revenue": 426,
        "Gross Profit": 158,
        "Operating Income": 57,
        "EBIT": 111,
        "Net Income": 35
    },
    "2012-12-31": {
        "Diluted EPS": 0.27,
        "Total Revenue": 470,
        "Gross Profit": 191,
        "Operating Income": 89,
        "EBIT": 144,
        "Net Income": 55
    },
    "2012-09-30": {
        "Diluted EPS": 0.3,
        "Total Revenue": 472,
        "Gross Profit": 201,
        "Operating Income": 102,
        "EBIT": 156,
        "Net Income": 66
    },
    "2012-06-30": {
        "Diluted EPS": 0.33,
        "Total Revenue": 500,
        "Gross Profit": 219,
        "Operating Income": 120,
        "EBIT": 173,
        "Net Income": 72
    },
    "2012-03-31": {
        "Diluted EPS": 0.37,
        "Total Revenue": 503,
        "Gross Profit": 229,
        "Operating Income": 131,
        "EBIT": 182,
        "Net Income": 81
    },
    "2011-12-31": {
        "Diluted EPS": 0.34,
        "Total Revenue": 483,
        "Gross Profit": 214,
        "Operating Income": 122,
        "EBIT": 171,
        "Net Income": 75
    },
    "2011-09-30": {
        "Diluted EPS": 0.38,
        "Total Revenue": 502,
        "Gross Profit": 222,
        "Operating Income": 134,
        "EBIT": 181,
        "Net Income": 83
    },
    "2011-06-30": {
        "Diluted EPS": 0.33,
        "Total Revenue": 443,
        "Gross Profit": 200,
        "Operating Income": 119,
        "EBIT": 164,
        "Net Income": 73
    },
    "2011-03-31": {
        "Diluted EPS": 0.3,
        "Total Revenue": 382,
        "Gross Profit": 181,
        "Operating Income": 106,
        "EBIT": 146,
        "Net Income": 66
    },
    "2010-12-31": {
        "Diluted EPS": 0.26,
        "Total Revenue": 328,
        "Gross Profit": 154,
        "Operating Income": 90,
        "EBIT": 124,
        "Net Income": 55
    },
    "2010-09-30": {
        "Diluted EPS": 0.21,
        "Total Revenue": 302,
        "Gross Profit": 140,
        "Operating Income": 74,
        "EBIT": 107,
        "Net Income": 46
    },
    "2010-06-30": {
        "Diluted EPS": 0.14,
        "Total Revenue": 253,
        "Gross Profit": 113,
        "Operating Income": 52,
        "EBIT": 85,
        "Net Income": 32
    },
    "2010-03-31": {
        "Diluted EPS": 0.06,
        "Total Revenue": 213,
        "Gross Profit": 84,
        "Operating Income": 23,
        "EBIT": 55,
        "Net Income": 13
    },
    "2009-12-31": {
        "Diluted EPS": -0.03,
        "Total Revenue": 152,
        "Gross Profit": 50,
        "Operating Income": -7,
        "EBIT": 26,
        "Net Income": -5
    },
    "2009-09-30": {
        "Diluted EPS": -0.05,
        "Total Revenue": 132,
        "Gross Profit": 42,
        "Operating Income": -15,
        "EBIT": 18,
        "Net Income": -10
    },
    "2009-06-30": {
        "Diluted EPS": -0.05,
        "Total Revenue": 127,
        "Gross Profit": 36,
        "Operating Income": -19,
        "EBIT": 13,
        "Net Income": -12
    },
    "2009-03-31": {
        "Diluted EPS": 0.02,
        "Total Revenue": 176,
        "Gross Profit": 66,
        "Operating Income": 8,
        "EBIT": 40,
        "Net Income": 4
    },
    "2023-09-30": {
        "Tax Effect Of Unusual Items": 467614.0,
        "Tax Rate For Calcs": 0.263,
        "Normalized EBITDA": 51575000.0,
        "Total Unusual Items": 1778000.0,
        "Total Unusual Items Excluding Goodwill": 1778000.0,
        "Net Income From Continuing Operation Net Minority Interest": 18317000.0,
        "Reconciled Depreciation": 28388000.0,
        "Reconciled Cost Of Revenue": 267472000.0,
        "EBITDA": 53353000.0,
        "EBIT": 24965000.0,
        "Net Interest Income": 1349000.0,
        "Interest Expense": 101000.0,
        "Interest Income": 1450000.0,
        "Normalized Income": 17006614.0,
        "Net Income From Continuing And Discontinued Operation": 18317000.0,
        "Total Expenses": 309484000.0,
        "Total Operating Income As Reported": 22711000.0,
        "Diluted Average Shares": 216333000.0,
        "Basic Average Shares": 216333000.0,
        "Diluted EPS": 0.08,
        "Basic EPS": 0.08,
        "Diluted NI Availto Com Stockholders": 18038000.0,
        "Net Income Common Stockholders": 18038000.0,
        "Otherunder Preferred Stock Dividend": 279000.0,
        "Net Income": 18317000.0,
        "Net Income Including Noncontrolling Interests": 18317000.0,
        "Net Income Continuous Operations": 18317000.0,
        "Tax Provision": 6547000.0,
        "Pretax Income": 24864000.0,
        "Other Income Expense": 2582000.0,
        "Other Non Operating Income Expenses": 804000.0,
        "Special Income Charges": 1778000.0,
        "Gain On Sale Of Ppe": 1778000.0,
        "Other Special Charges": NaN,
        "Net Non Operating Interest Income Expense": 1349000.0,
        "Interest Expense Non Operating": 101000.0,
        "Interest Income Non Operating": 1450000.0,
        "Operating Income": 20933000.0,
        "Operating Expense": 42012000.0,
        "Selling General And Administration": 42012000.0,
        "General And Administrative Expense": 42012000.0,
        "Other Gand A": 42012000.0,
        "Salaries And Wages": 0.0,
        "Gross Profit": 62945000.0,
        "Cost Of Revenue": 267472000.0,
        "Total Revenue": 330417000.0,
        "Operating Revenue": 330417000.0
    },
    "2023-12-31": {
        "Tax Effect Of Unusual Items": 377805.453542,
        "Tax Rate For Calcs": 0.233935,
        "Normalized EBITDA": 80398000.0,
        "Total Unusual Items": 1615000.0,
        "Total Unusual Items Excluding Goodwill": 1615000.0,
        "Net Income From Continuing Operation Net Minority Interest": 40259000.0,
        "Reconciled Depreciation": 29365000.0,
        "Reconciled Cost Of Revenue": 308806000.0,
        "EBITDA": 82013000.0,
        "EBIT": 52648000.0,
        "Net Interest Income": 2501000.0,
        "Interest Expense": 95000.0,
        "Interest Income": 2596000.0,
        "Normalized Income": 39021805.453542,
        "Net Income From Continuing And Discontinued Operation": 40259000.0,
        "Total Expenses": 346933000.0,
        "Total Operating Income As Reported": 49213000.0,
        "Diluted Average Shares": 216006000.0,
        "Basic Average Shares": 216006000.0,
        "Diluted EPS": 0.19,
        "Basic EPS": 0.19,
        "Diluted NI Availto Com Stockholders": 39637000.0,
        "Net Income Common Stockholders": 39637000.0,
        "Otherunder Preferred Stock Dividend": 622000.0,
        "Net Income": 40259000.0,
        "Net Income Including Noncontrolling Interests": 40259000.0,
        "Net Income Continuous Operations": 40259000.0,
        "Tax Provision": 12294000.0,
        "Pretax Income": 52553000.0,
        "Other Income Expense": 2454000.0,
        "Other Non Operating Income Expenses": 839000.0,
        "Special Income Charges": 1615000.0,
        "Gain On Sale Of Ppe": 1615000.0,
        "Other Special Charges": 0.0,
        "Net Non Operating Interest Income Expense": 2501000.0,
        "Interest Expense Non Operating": 95000.0,
        "Interest Income Non Operating": 2596000.0,
        "Operating Income": 47598000.0,
        "Operating Expense": 38127000.0,
        "Selling General And Administration": 38127000.0,
        "General And Administrative Expense": 38127000.0,
        "Other Gand A": 38127000.0,
        "Salaries And Wages": 0.0,
        "Gross Profit": 85725000.0,
        "Cost Of Revenue": 308806000.0,
        "Total Revenue": 394531000.0,
        "Operating Revenue": 394531000.0
    },
    "2024-03-31": {
        "Tax Effect Of Unusual Items": 284076.0,
        "Tax Rate For Calcs": 0.234,
        "Normalized EBITDA": 64871000.0,
        "Total Unusual Items": 1214000.0,
        "Total Unusual Items Excluding Goodwill": 1214000.0,
        "Net Income From Continuing Operation Net Minority Interest": 27467000.0,
        "Reconciled Depreciation": 30004000.0,
        "Reconciled Cost Of Revenue": 306613000.0,
        "EBITDA": 66085000.0,
        "EBIT": 36081000.0,
        "Net Interest Income": 2731000.0,
        "Interest Expense": 234000.0,
        "Interest Income": 2965000.0,
        "Normalized Income": 26537076.0,
        "Net Income From Continuing And Discontinued Operation": 27467000.0,
        "Total Expenses": 346698000.0,
        "Total Operating Income As Reported": 32349000.0,
        "Diluted Average Shares": 211691000.0,
        "Basic Average Shares": 211691000.0,
        "Diluted EPS": 0.13,
        "Basic EPS": 0.13,
        "Diluted NI Availto Com Stockholders": 27044000.0,
        "Net Income Common Stockholders": 27044000.0,
        "Otherunder Preferred Stock Dividend": 423000.0,
        "Net Income": 27467000.0,
        "Net Income Including Noncontrolling Interests": 27467000.0,
        "Net Income Continuous Operations": 27467000.0,
        "Tax Provision": 8380000.0,
        "Pretax Income": 35847000.0,
        "Other Income Expense": 1981000.0,
        "Other Non Operating Income Expenses": 767000.0,
        "Special Income Charges": 1214000.0,
        "Gain On Sale Of Ppe": 1214000.0,
        "Other Special Charges": NaN,
        "Net Non Operating Interest Income Expense": 2731000.0,
        "Interest Expense Non Operating": 234000.0,
        "Interest Income Non Operating": 2965000.0,
        "Operating Income": 31135000.0,
        "Operating Expense": 40085000.0,
        "Selling General And Administration": 40085000.0,
        "General And Administrative Expense": 40085000.0,
        "Other Gand A": 40085000.0,
        "Salaries And Wages": 0.0,
        "Gross Profit": 71220000.0,
        "Cost Of Revenue": 306613000.0,
        "Total Revenue": 377833000.0,
        "Operating Revenue": 377833000.0
    },
    "2024-06-30": {
        "Tax Effect Of Unusual Items": 594164.0,
        "Tax Rate For Calcs": 0.178,
        "Normalized EBITDA": 68538000.0,
        "Total Unusual Items": 3338000.0,
        "Total Unusual Items Excluding Goodwill": 3338000.0,
        "Net Income From Continuing Operation Net Minority Interest": 32419000.0,
        "Reconciled Depreciation": 32333000.0,
        "Reconciled Cost Of Revenue": 294617000.0,
        "EBITDA": 71876000.0,
        "EBIT": 39543000.0,
        "Net Interest Income": 3244000.0,
        "Interest Expense": 99000.0,
        "Interest Income": 3343000.0,
        "Normalized Income": 29675164.0,
        "Net Income From Continuing And Discontinued Operation": 32419000.0,
        "Total Expenses": 332023000.0,
        "Total Operating Income As Reported": 35468000.0,
        "Diluted Average Shares": 214844000.0,
        "Basic Average Shares": 214844000.0,
        "Diluted EPS": 0.15,
        "Basic EPS": 0.15,
        "Diluted NI Availto Com Stockholders": 31886000.0,
        "Net Income Common Stockholders": 31886000.0,
        "Otherunder Preferred Stock Dividend": 533000.0,
        "Net Income": 32419000.0,
        "Net Income Including Noncontrolling Interests": 32419000.0,
        "Net Income Continuous Operations": 32419000.0,
        "Tax Provision": 7025000.0,
        "Pretax Income": 39444000.0,
        "Other Income Expense": 4070000.0,
        "Other Non Operating Income Expenses": 732000.0,
        "Special Income Charges": 3338000.0,
        "Gain On Sale Of Ppe": 3338000.0,
        "Other Special Charges": NaN,
        "Net Non Operating Interest Income Expense": 3244000.0,
        "Interest Expense Non Operating": 99000.0,
        "Interest Income Non Operating": 3343000.0,
        "Operating Income": 32130000.0,
        "Operating Expense": 37406000.0,
        "Selling General And Administration": 37406000.0,
        "General And Administrative Expense": NaN,
        "Other Gand A": NaN,
        "Salaries And Wages": NaN,
        "Gross Profit": 69536000.0,
        "Cost Of Revenue": 294617000.0,
        "Total Revenue": 364153000.0,
        "Operating Revenue": 364153000.0
    },
    "2024-09-30": {
        "Tax Effect Of Unusual Items": 356210.0,
        "Tax Rate For Calcs": 0.199,
        "Normalized EBITDA": 56976000.0,
        "Total Unusual Items": 1790000.0,
        "Total Unusual Items Excluding Goodwill": 1790000.0,
        "Net Income From Continuing Operation Net Minority Interest": 18796000.0,
        "Reconciled Depreciation": 35034000.0,
        "Reconciled Cost Of Revenue": 282541000.0,
        "EBITDA": 58766000.0,
        "EBIT": 23732000.0,
        "Net Interest Income": 3262000.0,
        "Interest Expense": 261000.0,
        "Interest Income": 3523000.0,
        "Normalized Income": 17362210.0,
        "Net Income From Continuing And Discontinued Operation": 18796000.0,
        "Total Expenses": 320238000.0,
        "Total Operating Income As Reported": 19204000.0,
        "Diluted Average Shares": 211248000.0,
        "Basic Average Shares": 211248000.0,
        "Diluted EPS": 0.09,
        "Basic EPS": 0.09,
        "Diluted NI Availto Com Stockholders": 18488000.0,
        "Net Income Common Stockholders": 18488000.0,
        "Otherunder Preferred Stock Dividend": 308000.0,
        "Net Income": 18796000.0,
        "Net Income Including Noncontrolling Interests": 18796000.0,
        "Net Income Continuous Operations": 18796000.0,
        "Tax Provision": 4675000.0,
        "Pretax Income": 23471000.0,
        "Other Income Expense": 2795000.0,
        "Other Non Operating Income Expenses": 1005000.0,
        "Special Income Charges": 1790000.0,
        "Gain On Sale Of Ppe": 1790000.0,
        "Other Special Charges": NaN,
        "Net Non Operating Interest Income Expense": 3262000.0,
        "Interest Expense Non Operating": 261000.0,
        "Interest Income Non Operating": 3523000.0,
        "Operating Income": 17414000.0,
        "Operating Expense": 37697000.0,
        "Selling General And Administration": 37697000.0,
        "General And Administrative Expense": NaN,
        "Other Gand A": NaN,
        "Salaries And Wages": NaN,
        "Gross Profit": 55111000.0,
        "Cost Of Revenue": 282541000.0,
        "Total Revenue": 337652000.0,
        "Operating Revenue": 337652000.0
    }
}