{
    "2023-03-31": {
        "Tax Effect Of Unusual Items": 0.0,
        "Tax Rate For Calcs": 0.0,
        "Normalized EBITDA": -110167000.0,
        "Total Unusual Items": 3435000.0,
        "Total Unusual Items Excluding Goodwill": 3435000.0,
        "Net Income From Continuing Operation Net Minority Interest": -116117000.0,
        "Reconciled Depreciation": 288000.0,
        "Reconciled Cost Of Revenue": NaN,
        "EBIT": -110455000.0,
        "Net Interest Income": -11017000.0,
        "Interest Expense": 11017000.0,
        "Normalized Income": -116117000.0,
        "Net Income From Continuing And Discontinued Operation": -116117000.0,
        "Total Expenses": 110650000.0,
        "Diluted Average Shares": 36948063.0,
        "Basic Average Shares": 36948063.0,
        "Diluted EPS": -3.14,
        "Basic EPS": -3.14,
        "Diluted NI Availto Com Stockholders": -116117000.0,
        "Net Income Common Stockholders": -116117000.0,
        "Net Income": -116117000.0,
        "Net Income Including Noncontrolling Interests": -116117000.0,
        "Net Income Continuous Operations": -116117000.0,
        "Tax Provision": 0.0,
        "Pretax Income": -116117000.0,
        "Other Income Expense": -5662000.0,
        "Other Non Operating Income Expenses": -5662000.0,
        "Special Income Charges": NaN,
        "Other Special Charges": NaN,
        "Gain On Sale Of Security": 3435000.0,
        "Net Non Operating Interest Income Expense": -11017000.0,
        "Interest Expense Non Operating": 11017000.0,
        "Operating Income": -110455000.0,
        "Operating Expense": 110650000.0,
        "Depreciation Amortization Depletion Income Statement": 288000.0,
        "Depreciation And Amortization In Income Statement": 288000.0,
        "Depreciation Income Statement": 288000.0,
        "Research And Development": 55477000.0,
        "Selling General And Administration": 54885000.0,
        "General And Administrative Expense": 54885000.0,
        "Other Gand A": 54885000.0,
        "Gross Profit": NaN,
        "Cost Of Revenue": NaN,
        "Total Revenue": 195000.0,
        "Operating Revenue": 0.0
    },
    "2022-12-31": {
        "Tax Effect Of Unusual Items": -2011.46604,
        "Tax Rate For Calcs": 0.000643,
        "Normalized EBITDA": -71192000.0,
        "Total Unusual Items": -3129000.0,
        "Total Unusual Items Excluding Goodwill": -3129000.0,
        "Net Income From Continuing Operation Net Minority Interest": -85502000.0,
        "Reconciled Depreciation": 277000.0,
        "Reconciled Cost Of Revenue": NaN,
        "EBIT": -74598000.0,
        "Net Interest Income": -4969000.0,
        "Interest Expense": 10959000.0,
        "Normalized Income": -82375011.46604,
        "Net Income From Continuing And Discontinued Operation": -85502000.0,
        "Total Expenses": 79523000.0,
        "Diluted Average Shares": NaN,
        "Basic Average Shares": NaN,
        "Diluted EPS": NaN,
        "Basic EPS": NaN,
        "Diluted NI Availto Com Stockholders": -85502000.0,
        "Net Income Common Stockholders": -85502000.0,
        "Net Income": -85502000.0,
        "Net Income Including Noncontrolling Interests": -85502000.0,
        "Net Income Continuous Operations": -85502000.0,
        "Tax Provision": -55000.0,
        "Pretax Income": -85557000.0,
        "Other Income Expense": -1065000.0,
        "Other Non Operating Income Expenses": 2064000.0,
        "Special Income Charges": NaN,
        "Other Special Charges": NaN,
        "Gain On Sale Of Security": NaN,
        "Net Non Operating Interest Income Expense": -4969000.0,
        "Interest Expense Non Operating": 10959000.0,
        "Operating Income": -79523000.0,
        "Operating Expense": 79523000.0,
        "Depreciation Amortization Depletion Income Statement": 277000.0,
        "Depreciation And Amortization In Income Statement": 277000.0,
        "Depreciation Income Statement": 277000.0,
        "Research And Development": 47223000.0,
        "Selling General And Administration": 32023000.0,
        "General And Administrative Expense": 32023000.0,
        "Other Gand A": 32023000.0,
        "Gross Profit": NaN,
        "Cost Of Revenue": NaN,
        "Total Revenue": 0.0,
        "Operating Revenue": 0.0
    },
    "2022-09-30": {
        "Tax Effect Of Unusual Items": 0.0,
        "Tax Rate For Calcs": 0.0,
        "Normalized EBITDA": -70277000.0,
        "Total Unusual Items": 2211000.0,
        "Total Unusual Items Excluding Goodwill": 2211000.0,
        "Net Income From Continuing Operation Net Minority Interest": -79002000.0,
        "Reconciled Depreciation": 272000.0,
        "Reconciled Cost Of Revenue": NaN,
        "EBIT": -68338000.0,
        "Net Interest Income": -10664000.0,
        "Interest Expense": 10664000.0,
        "Normalized Income": -81213000.0,
        "Net Income From Continuing And Discontinued Operation": -79002000.0,
        "Total Expenses": 71027000.0,
        "Diluted Average Shares": 36536919.0,
        "Basic Average Shares": 36536919.0,
        "Diluted EPS": -2.16,
        "Basic EPS": -2.16,
        "Diluted NI Availto Com Stockholders": -79002000.0,
        "Net Income Common Stockholders": -79002000.0,
        "Net Income": -79002000.0,
        "Net Income Including Noncontrolling Interests": -79002000.0,
        "Net Income Continuous Operations": -79002000.0,
        "Tax Provision": 0.0,
        "Pretax Income": -79002000.0,
        "Other Income Expense": 2149000.0,
        "Other Non Operating Income Expenses": -62000.0,
        "Special Income Charges": NaN,
        "Other Special Charges": NaN,
        "Gain On Sale Of Security": 2211000.0,
        "Net Non Operating Interest Income Expense": -10664000.0,
        "Interest Expense Non Operating": 10664000.0,
        "Operating Income": -70487000.0,
        "Operating Expense": 71027000.0,
        "Depreciation Amortization Depletion Income Statement": 272000.0,
        "Depreciation And Amortization In Income Statement": 272000.0,
        "Depreciation Income Statement": 272000.0,
        "Research And Development": 43485000.0,
        "Selling General And Administration": 27270000.0,
        "General And Administrative Expense": 27270000.0,
        "Other Gand A": 27270000.0,
        "Gross Profit": NaN,
        "Cost Of Revenue": NaN,
        "Total Revenue": 540000.0,
        "Operating Revenue": 0.0
    },
    "2022-06-30": {
        "Tax Effect Of Unusual Items": 0.0,
        "Tax Rate For Calcs": 1.4e-05,
        "Normalized EBITDA": -63712000.0,
        "Total Unusual Items": 786000.0,
        "Total Unusual Items Excluding Goodwill": 786000.0,
        "Net Income From Continuing Operation Net Minority Interest": -73555000.0,
        "Reconciled Depreciation": 273000.0,
        "Reconciled Cost Of Revenue": NaN,
        "EBIT": -63985000.0,
        "Net Interest Income": -10277000.0,
        "Interest Expense": 10277000.0,
        "Normalized Income": -73555000.0,
        "Net Income From Continuing And Discontinued Operation": -73555000.0,
        "Total Expenses": 64747000.0,
        "Diluted Average Shares": 36467802.0,
        "Basic Average Shares": 36467802.0,
        "Diluted EPS": -2.02,
        "Basic EPS": -2.02,
        "Diluted NI Availto Com Stockholders": -73555000.0,
        "Net Income Common Stockholders": -73555000.0,
        "Net Income": -73555000.0,
        "Net Income Including Noncontrolling Interests": -73555000.0,
        "Net Income Continuous Operations": -73555000.0,
        "Tax Provision": -1000.0,
        "Pretax Income": -73556000.0,
        "Other Income Expense": -9571000.0,
        "Other Non Operating Income Expenses": -9571000.0,
        "Special Income Charges": NaN,
        "Other Special Charges": NaN,
        "Gain On Sale Of Security": 786000.0,
        "Net Non Operating Interest Income Expense": -10277000.0,
        "Interest Expense Non Operating": 10277000.0,
        "Operating Income": -63985000.0,
        "Operating Expense": 64747000.0,
        "Depreciation Amortization Depletion Income Statement": 273000.0,
        "Depreciation And Amortization In Income Statement": 273000.0,
        "Depreciation Income Statement": 273000.0,
        "Research And Development": 39331000.0,
        "Selling General And Administration": 25143000.0,
        "General And Administrative Expense": 25143000.0,
        "Other Gand A": 25143000.0,
        "Gross Profit": NaN,
        "Cost Of Revenue": NaN,
        "Total Revenue": 762000.0,
        "Operating Revenue": 754000.0
    },
    "2022-03-31": {
        "Diluted EPS": -2.03,
        "Total Revenue": 1,
        "Gross Profit": 1,
        "Operating Income": -64,
        "EBIT": -64,
        "Net Income": -74
    },
    "2021-12-31": {
        "Diluted EPS": -2.36,
        "Total Revenue": 1,
        "Gross Profit": 1,
        "Operating Income": -72,
        "EBIT": -70,
        "Net Income": -85
    },
    "2021-09-30": {
        "Diluted EPS": -1.97,
        "Total Revenue": 7,
        "Gross Profit": 7,
        "Operating Income": -58,
        "EBIT": -56,
        "Net Income": -72
    },
    "2021-06-30": {
        "Diluted EPS": -2.0,
        "Total Revenue": 2,
        "Gross Profit": 2,
        "Operating Income": -60,
        "EBIT": -58,
        "Net Income": -73
    },
    "2021-03-31": {
        "Diluted EPS": -1.86,
        "Total Revenue": 1,
        "Gross Profit": 1,
        "Operating Income": -55,
        "EBIT": -53,
        "Net Income": -67
    },
    "2020-12-31": {
        "Diluted EPS": -1.91,
        "Total Revenue": 3,
        "Gross Profit": 3,
        "Operating Income": -54,
        "EBIT": -52,
        "Net Income": -66
    },
    "2020-09-30": {
        "Diluted EPS": -1.94,
        "Total Revenue": 1,
        "Gross Profit": 1,
        "Operating Income": -54,
        "EBIT": -52,
        "Net Income": -65
    },
    "2020-06-30": {
        "Diluted EPS": -2.03,
        "Total Revenue": 3,
        "Gross Profit": 3,
        "Operating Income": -51,
        "EBIT": -47,
        "Net Income": -68
    },
    "2020-03-31": {
        "Diluted EPS": -1.47,
        "Total Revenue": 1,
        "Gross Profit": 1,
        "Operating Income": -67,
        "EBIT": -67,
        "Net Income": -49
    },
    "2019-12-31": {
        "Diluted EPS": -6.1,
        "Total Revenue": 3,
        "Gross Profit": 3,
        "Operating Income": -184,
        "EBIT": -184,
        "Net Income": -187
    },
    "2019-09-30": {
        "Diluted EPS": -1.32,
        "Total Revenue": 8,
        "Gross Profit": 8,
        "Operating Income": -39,
        "EBIT": -38,
        "Net Income": -40
    },
    "2019-06-30": {
        "Diluted EPS": -1.14,
        "Total Revenue": 8,
        "Gross Profit": 8,
        "Operating Income": -34,
        "EBIT": -33,
        "Net Income": -34
    },
    "2019-03-31": {
        "Diluted EPS": -0.98,
        "Total Revenue": 8,
        "Gross Profit": 8,
        "Operating Income": -29,
        "EBIT": -28,
        "Net Income": -29
    },
    "2018-12-31": {
        "Diluted EPS": -0.91,
        "Total Revenue": 8,
        "Gross Profit": 8,
        "Operating Income": -25,
        "EBIT": -24,
        "Net Income": -26
    },
    "2018-09-30": {
        "Diluted EPS": -1.07,
        "Total Revenue": 5,
        "Gross Profit": 5,
        "Operating Income": -30,
        "EBIT": -29,
        "Net Income": -31
    },
    "2018-06-30": {
        "Diluted EPS": -1.08,
        "Total Revenue": 8,
        "Gross Profit": 8,
        "Operating Income": -27,
        "EBIT": -26,
        "Net Income": -28
    },
    "2018-03-31": {
        "Diluted EPS": 0.15,
        "Total Revenue": 32,
        "Gross Profit": 32,
        "Operating Income": 4,
        "EBIT": 4,
        "Net Income": 4
    },
    "2017-12-31": {
        "Diluted EPS": -0.65,
        "Total Revenue": 10,
        "Gross Profit": 10,
        "Operating Income": -17,
        "EBIT": -16,
        "Net Income": -17
    },
    "2017-09-30": {
        "Diluted EPS": -0.5,
        "Total Revenue": 13,
        "Gross Profit": 13,
        "Operating Income": -12,
        "EBIT": -12,
        "Net Income": -12
    },
    "2017-06-30": {
        "Diluted EPS": -0.52,
        "Total Revenue": 13,
        "Gross Profit": 13,
        "Operating Income": -11,
        "EBIT": -11,
        "Net Income": -12
    },
    "2017-03-31": {
        "Diluted EPS": -0.32,
        "Total Revenue": 13,
        "Gross Profit": 13,
        "Operating Income": -7,
        "EBIT": -7,
        "Net Income": -7
    },
    "2016-12-31": {
        "Diluted EPS": -0.2,
        "Total Revenue": 13,
        "Gross Profit": 13,
        "Operating Income": -4,
        "EBIT": -4,
        "Net Income": -4
    },
    "2016-09-30": {
        "Diluted EPS": -0.04,
        "Total Revenue": 13,
        "Gross Profit": 13,
        "Operating Income": -1,
        "EBIT": -1,
        "Net Income": -1
    },
    "2016-06-30": {
        "Diluted EPS": -0.05,
        "Total Revenue": 12,
        "Gross Profit": 12,
        "Operating Income": -1,
        "EBIT": -1,
        "Net Income": -1
    },
    "2016-03-31": {
        "Diluted EPS": -0.02,
        "Total Revenue": 12,
        "Gross Profit": 12,
        "Operating Income": 0,
        "EBIT": 0,
        "Net Income": 0
    },
    "2015-12-31": {
        "Diluted EPS": -0.1,
        "Total Revenue": 13,
        "Gross Profit": 13,
        "Operating Income": -1,
        "EBIT": 0,
        "Net Income": -2
    },
    "2015-09-30": {
        "Diluted EPS": 0.04,
        "Total Revenue": 13,
        "Gross Profit": 13,
        "Operating Income": 0,
        "EBIT": 1,
        "Net Income": 1
    },
    "2015-06-30": {
        "Diluted EPS": -0.11,
        "Total Revenue": 12,
        "Gross Profit": 12,
        "Operating Income": -1,
        "EBIT": -1,
        "Net Income": -2
    },
    "2015-03-31": {
        "Diluted EPS": 0.08,
        "Total Revenue": 13,
        "Gross Profit": 13,
        "Operating Income": 1,
        "EBIT": 1,
        "Net Income": 1
    },
    "2014-12-31": {
        "Diluted EPS": 0.0,
        "Total Revenue": NaN,
        "Gross Profit": NaN,
        "Operating Income": NaN,
        "EBIT": NaN,
        "Net Income": NaN
    },
    "2023-06-30": {
        "Tax Effect Of Unusual Items": 0.0,
        "Tax Rate For Calcs": 0.0,
        "Normalized EBITDA": -81014000.0,
        "Total Unusual Items": 282278000.0,
        "Total Unusual Items Excluding Goodwill": 282278000.0,
        "Net Income From Continuing Operation Net Minority Interest": 192998000.0,
        "Reconciled Depreciation": 293000.0,
        "Reconciled Cost Of Revenue": 846000.0,
        "EBIT": 200971000.0,
        "Net Interest Income": -7973000.0,
        "Interest Expense": 7973000.0,
        "Normalized Income": -89280000.0,
        "Net Income From Continuing And Discontinued Operation": 192998000.0,
        "Total Expenses": 103949000.0,
        "Diluted Average Shares": 41506900.0,
        "Basic Average Shares": 37671678.0,
        "Diluted EPS": 4.65,
        "Basic EPS": 5.12,
        "Diluted NI Availto Com Stockholders": 192998000.0,
        "Net Income Common Stockholders": 192998000.0,
        "Net Income": 192998000.0,
        "Net Income Including Noncontrolling Interests": 192998000.0,
        "Net Income Continuous Operations": 192998000.0,
        "Tax Provision": 0.0,
        "Pretax Income": 192998000.0,
        "Other Income Expense": 282174000.0,
        "Other Non Operating Income Expenses": -104000.0,
        "Special Income Charges": 278286000.0,
        "Other Special Charges": -278286000.0,
        "Gain On Sale Of Security": 3992000.0,
        "Net Non Operating Interest Income Expense": -7973000.0,
        "Interest Expense Non Operating": 7973000.0,
        "Operating Income": -81203000.0,
        "Operating Expense": 103103000.0,
        "Depreciation Amortization Depletion Income Statement": 293000.0,
        "Depreciation And Amortization In Income Statement": 293000.0,
        "Depreciation Income Statement": 293000.0,
        "Research And Development": 57120000.0,
        "Selling General And Administration": 45690000.0,
        "General And Administrative Expense": NaN,
        "Other Gand A": NaN,
        "Gross Profit": 21900000.0,
        "Cost Of Revenue": 846000.0,
        "Total Revenue": 22746000.0,
        "Operating Revenue": 20038000.0
    }
}