{
    "2023-04-30": {
        "Tax Effect Of Unusual Items": NaN,
        "Tax Rate For Calcs": NaN,
        "Normalized EBITDA": NaN,
        "Total Unusual Items": NaN,
        "Total Unusual Items Excluding Goodwill": NaN,
        "Net Income From Continuing Operation Net Minority Interest": NaN,
        "Reconciled Depreciation": NaN,
        "Reconciled Cost Of Revenue": NaN,
        "EBITDA": NaN,
        "EBIT": NaN,
        "Net Interest Income": NaN,
        "Interest Expense": NaN,
        "Normalized Income": NaN,
        "Net Income From Continuing And Discontinued Operation": NaN,
        "Total Expenses": NaN,
        "Total Operating Income As Reported": NaN,
        "Diluted Average Shares": NaN,
        "Basic Average Shares": NaN,
        "Diluted EPS": NaN,
        "Basic EPS": NaN,
        "Diluted NI Availto Com Stockholders": NaN,
        "Net Income Common Stockholders": NaN,
        "Net Income": NaN,
        "Net Income Including Noncontrolling Interests": NaN,
        "Net Income Continuous Operations": NaN,
        "Tax Provision": NaN,
        "Pretax Income": NaN,
        "Other Income Expense": NaN,
        "Other Non Operating Income Expenses": -500000.0,
        "Special Income Charges": NaN,
        "Gain On Sale Of Business": NaN,
        "Write Off": NaN,
        "Impairment Of Capital Assets": 0.0,
        "Restructuring And Mergern Acquisition": NaN,
        "Earnings From Equity Interest": -500000.0,
        "Net Non Operating Interest Income Expense": NaN,
        "Interest Expense Non Operating": NaN,
        "Operating Income": NaN,
        "Operating Expense": NaN,
        "Depreciation Amortization Depletion Income Statement": NaN,
        "Depreciation And Amortization In Income Statement": NaN,
        "Amortization": NaN,
        "Amortization Of Intangibles Income Statement": NaN,
        "Research And Development": 1300000.0,
        "Selling General And Administration": NaN,
        "Gross Profit": NaN,
        "Cost Of Revenue": NaN,
        "Total Revenue": NaN,
        "Operating Revenue": NaN
    },
    "2023-01-31": {
        "Tax Effect Of Unusual Items": NaN,
        "Tax Rate For Calcs": NaN,
        "Normalized EBITDA": NaN,
        "Total Unusual Items": NaN,
        "Total Unusual Items Excluding Goodwill": NaN,
        "Net Income From Continuing Operation Net Minority Interest": NaN,
        "Reconciled Depreciation": NaN,
        "Reconciled Cost Of Revenue": NaN,
        "EBITDA": NaN,
        "EBIT": NaN,
        "Net Interest Income": NaN,
        "Interest Expense": NaN,
        "Normalized Income": NaN,
        "Net Income From Continuing And Discontinued Operation": NaN,
        "Total Expenses": NaN,
        "Total Operating Income As Reported": NaN,
        "Diluted Average Shares": NaN,
        "Basic Average Shares": NaN,
        "Diluted EPS": NaN,
        "Basic EPS": NaN,
        "Diluted NI Availto Com Stockholders": NaN,
        "Net Income Common Stockholders": NaN,
        "Net Income": NaN,
        "Net Income Including Noncontrolling Interests": NaN,
        "Net Income Continuous Operations": NaN,
        "Tax Provision": NaN,
        "Pretax Income": NaN,
        "Other Income Expense": NaN,
        "Other Non Operating Income Expenses": 200000.0,
        "Special Income Charges": NaN,
        "Gain On Sale Of Business": NaN,
        "Write Off": NaN,
        "Impairment Of Capital Assets": 0.0,
        "Restructuring And Mergern Acquisition": NaN,
        "Earnings From Equity Interest": 200000.0,
        "Net Non Operating Interest Income Expense": NaN,
        "Interest Expense Non Operating": NaN,
        "Operating Income": NaN,
        "Operating Expense": NaN,
        "Depreciation Amortization Depletion Income Statement": NaN,
        "Depreciation And Amortization In Income Statement": NaN,
        "Amortization": NaN,
        "Amortization Of Intangibles Income Statement": NaN,
        "Research And Development": 900000.0,
        "Selling General And Administration": NaN,
        "Gross Profit": NaN,
        "Cost Of Revenue": NaN,
        "Total Revenue": NaN,
        "Operating Revenue": NaN
    },
    "2022-10-31": {
        "Tax Effect Of Unusual Items": NaN,
        "Tax Rate For Calcs": NaN,
        "Normalized EBITDA": NaN,
        "Total Unusual Items": NaN,
        "Total Unusual Items Excluding Goodwill": NaN,
        "Net Income From Continuing Operation Net Minority Interest": NaN,
        "Reconciled Depreciation": NaN,
        "Reconciled Cost Of Revenue": NaN,
        "EBITDA": NaN,
        "EBIT": NaN,
        "Net Interest Income": NaN,
        "Interest Expense": NaN,
        "Normalized Income": NaN,
        "Net Income From Continuing And Discontinued Operation": NaN,
        "Total Expenses": NaN,
        "Total Operating Income As Reported": NaN,
        "Diluted Average Shares": NaN,
        "Basic Average Shares": NaN,
        "Diluted EPS": NaN,
        "Basic EPS": NaN,
        "Diluted NI Availto Com Stockholders": NaN,
        "Net Income Common Stockholders": NaN,
        "Net Income": NaN,
        "Net Income Including Noncontrolling Interests": NaN,
        "Net Income Continuous Operations": NaN,
        "Tax Provision": NaN,
        "Pretax Income": NaN,
        "Other Income Expense": NaN,
        "Other Non Operating Income Expenses": NaN,
        "Special Income Charges": NaN,
        "Gain On Sale Of Business": NaN,
        "Impairment Of Capital Assets": NaN,
        "Restructuring And Mergern Acquisition": NaN,
        "Earnings From Equity Interest": NaN,
        "Net Non Operating Interest Income Expense": NaN,
        "Interest Expense Non Operating": NaN,
        "Operating Income": NaN,
        "Operating Expense": NaN,
        "Depreciation Amortization Depletion Income Statement": NaN,
        "Depreciation And Amortization In Income Statement": NaN,
        "Amortization": NaN,
        "Amortization Of Intangibles Income Statement": NaN,
        "Research And Development": 1300000.0,
        "Selling General And Administration": NaN,
        "Gross Profit": NaN,
        "Cost Of Revenue": NaN,
        "Total Revenue": NaN,
        "Operating Revenue": NaN
    },
    "2022-07-31": {
        "Tax Effect Of Unusual Items": -607200.0,
        "Tax Rate For Calcs": 0.264,
        "Normalized EBITDA": 26400000.0,
        "Total Unusual Items": -2300000.0,
        "Total Unusual Items Excluding Goodwill": -2300000.0,
        "Net Income From Continuing Operation Net Minority Interest": 9500000.0,
        "Reconciled Depreciation": 6900000.0,
        "Reconciled Cost Of Revenue": 521400000.0,
        "EBITDA": 24100000.0,
        "EBIT": 17200000.0,
        "Net Interest Income": -4300000.0,
        "Interest Expense": 4300000.0,
        "Normalized Income": 11192800.0,
        "Net Income From Continuing And Discontinued Operation": 9500000.0,
        "Total Expenses": 575300000.0,
        "Total Operating Income As Reported": 17200000.0,
        "Diluted Average Shares": 59922851.0,
        "Basic Average Shares": 59417336.0,
        "Diluted EPS": 0.16,
        "Basic EPS": 0.16,
        "Diluted NI Availto Com Stockholders": 9500000.0,
        "Net Income Common Stockholders": 9500000.0,
        "Net Income": 9500000.0,
        "Net Income Including Noncontrolling Interests": 9500000.0,
        "Net Income Continuous Operations": 9500000.0,
        "Tax Provision": 3400000.0,
        "Pretax Income": 12900000.0,
        "Other Income Expense": -2300000.0,
        "Special Income Charges": -2300000.0,
        "Gain On Sale Of Business": 0.0,
        "Impairment Of Capital Assets": NaN,
        "Restructuring And Mergern Acquisition": 2300000.0,
        "Earnings From Equity Interest": NaN,
        "Net Non Operating Interest Income Expense": -4300000.0,
        "Interest Expense Non Operating": 4300000.0,
        "Operating Income": 19500000.0,
        "Operating Expense": 48300000.0,
        "Depreciation Amortization Depletion Income Statement": 1300000.0,
        "Depreciation And Amortization In Income Statement": 1300000.0,
        "Amortization": 1300000.0,
        "Amortization Of Intangibles Income Statement": 1300000.0,
        "Research And Development": 900000.0,
        "Selling General And Administration": 46100000.0,
        "Gross Profit": 67800000.0,
        "Cost Of Revenue": 527000000.0,
        "Total Revenue": 594800000.0,
        "Operating Revenue": 594800000.0
    },
    "2022-04-30": {
        "Diluted EPS": -0.04,
        "Total Revenue": 576,
        "Gross Profit": 57,
        "Operating Income": 1,
        "EBIT": 10,
        "Net Income": -2
    },
    "2022-01-31": {
        "Diluted EPS": -0.01,
        "Total Revenue": 537,
        "Gross Profit": 56,
        "Operating Income": 1,
        "EBIT": 11,
        "Net Income": -1
    },
    "2021-10-31": {
        "Diluted EPS": 0.02,
        "Total Revenue": 590,
        "Gross Profit": 65,
        "Operating Income": 11,
        "EBIT": 19,
        "Net Income": 0
    },
    "2021-07-31": {
        "Diluted EPS": 0.36,
        "Total Revenue": 593,
        "Gross Profit": 77,
        "Operating Income": 29,
        "EBIT": 36,
        "Net Income": 24
    },
    "2021-04-30": {
        "Diluted EPS": 0.31,
        "Total Revenue": 644,
        "Gross Profit": 87,
        "Operating Income": 35,
        "EBIT": 43,
        "Net Income": 21
    },
    "2021-01-31": {
        "Diluted EPS": 0.0,
        "Total Revenue": 554,
        "Gross Profit": 62,
        "Operating Income": 10,
        "EBIT": 19,
        "Net Income": 0
    },
    "2020-10-31": {
        "Diluted EPS": -0.15,
        "Total Revenue": 616,
        "Gross Profit": 62,
        "Operating Income": -2,
        "EBIT": 8,
        "Net Income": -10
    },
    "2020-07-31": {
        "Diluted EPS": -0.06,
        "Total Revenue": 582,
        "Gross Profit": 67,
        "Operating Income": 2,
        "EBIT": 12,
        "Net Income": -4
    },
    "2020-04-30": {
        "Diluted EPS": -0.12,
        "Total Revenue": 547,
        "Gross Profit": 52,
        "Operating Income": -14,
        "EBIT": -2,
        "Net Income": -8
    },
    "2020-01-31": {
        "Diluted EPS": -0.15,
        "Total Revenue": 532,
        "Gross Profit": 47,
        "Operating Income": -5,
        "EBIT": 7,
        "Net Income": -9
    },
    "2019-10-31": {
        "Diluted EPS": -0.15,
        "Total Revenue": 653,
        "Gross Profit": 62,
        "Operating Income": -5,
        "EBIT": 7,
        "Net Income": -9
    },
    "2019-07-31": {
        "Diluted EPS": 0.09,
        "Total Revenue": 617,
        "Gross Profit": 71,
        "Operating Income": 16,
        "EBIT": 27,
        "Net Income": 6
    },
    "2019-04-30": {
        "Diluted EPS": 0.09,
        "Total Revenue": 615,
        "Gross Profit": 72,
        "Operating Income": 16,
        "EBIT": 28,
        "Net Income": 6
    },
    "2019-01-31": {
        "Diluted EPS": -0.23,
        "Total Revenue": 519,
        "Gross Profit": 46,
        "Operating Income": -11,
        "EBIT": 2,
        "Net Income": -15
    },
    "2018-10-31": {
        "Diluted EPS": -0.33,
        "Total Revenue": 660,
        "Gross Profit": 73,
        "Operating Income": -19,
        "EBIT": -6,
        "Net Income": -22
    },
    "2018-07-31": {
        "Diluted EPS": 0.28,
        "Total Revenue": 598,
        "Gross Profit": 80,
        "Operating Income": 29,
        "EBIT": 41,
        "Net Income": 18
    },
    "2018-04-30": {
        "Diluted EPS": 0.11,
        "Total Revenue": 609,
        "Gross Profit": 73,
        "Operating Income": 16,
        "EBIT": 28,
        "Net Income": 7
    },
    "2018-01-31": {
        "Diluted EPS": 0.14,
        "Total Revenue": 515,
        "Gross Profit": 53,
        "Operating Income": 1,
        "EBIT": 12,
        "Net Income": 9
    },
    "2017-10-31": {
        "Diluted EPS": 0.43,
        "Total Revenue": 684,
        "Gross Profit": 96,
        "Operating Income": 41,
        "EBIT": 53,
        "Net Income": 23
    },
    "2017-07-31": {
        "Diluted EPS": 0.23,
        "Total Revenue": 596,
        "Gross Profit": 78,
        "Operating Income": 29,
        "EBIT": 41,
        "Net Income": 15
    },
    "2017-04-30": {
        "Diluted EPS": 0.1,
        "Total Revenue": 545,
        "Gross Profit": 73,
        "Operating Income": 26,
        "EBIT": 34,
        "Net Income": 7
    },
    "2017-01-31": {
        "Diluted EPS": -0.26,
        "Total Revenue": 443,
        "Gross Profit": 48,
        "Operating Income": -14,
        "EBIT": -6,
        "Net Income": -13
    },
    "2016-10-31": {
        "Diluted EPS": 0.23,
        "Total Revenue": 545,
        "Gross Profit": 72,
        "Operating Income": 26,
        "EBIT": 35,
        "Net Income": 12
    },
    "2016-07-31": {
        "Diluted EPS": 0.25,
        "Total Revenue": 528,
        "Gross Profit": 64,
        "Operating Income": 25,
        "EBIT": 32,
        "Net Income": 13
    },
    "2016-04-30": {
        "Diluted EPS": 0.16,
        "Total Revenue": 480,
        "Gross Profit": 59,
        "Operating Income": 20,
        "EBIT": 26,
        "Net Income": 8
    },
    "2016-01-31": {
        "Diluted EPS": -0.06,
        "Total Revenue": 373,
        "Gross Profit": 35,
        "Operating Income": 1,
        "EBIT": 7,
        "Net Income": -3
    },
    "2015-10-31": {
        "Diluted EPS": 0.0,
        "Total Revenue": NaN,
        "Gross Profit": NaN,
        "Operating Income": NaN,
        "EBIT": NaN,
        "Net Income": NaN
    },
    "2014-10-31": {
        "Diluted EPS": 0.0,
        "Total Revenue": NaN,
        "Gross Profit": NaN,
        "Operating Income": NaN,
        "EBIT": NaN,
        "Net Income": NaN
    },
    "2023-07-31": {
        "Tax Effect Of Unusual Items": NaN,
        "Tax Rate For Calcs": NaN,
        "Normalized EBITDA": NaN,
        "Total Unusual Items": NaN,
        "Total Unusual Items Excluding Goodwill": NaN,
        "Net Income From Continuing Operation Net Minority Interest": NaN,
        "Reconciled Depreciation": NaN,
        "Reconciled Cost Of Revenue": NaN,
        "EBITDA": NaN,
        "EBIT": NaN,
        "Net Interest Income": NaN,
        "Interest Expense": NaN,
        "Normalized Income": NaN,
        "Net Income From Continuing And Discontinued Operation": NaN,
        "Total Expenses": NaN,
        "Total Operating Income As Reported": NaN,
        "Diluted Average Shares": NaN,
        "Basic Average Shares": NaN,
        "Diluted EPS": NaN,
        "Basic EPS": NaN,
        "Diluted NI Availto Com Stockholders": NaN,
        "Net Income Common Stockholders": NaN,
        "Net Income": NaN,
        "Net Income Including Noncontrolling Interests": NaN,
        "Net Income Continuous Operations": NaN,
        "Tax Provision": NaN,
        "Pretax Income": NaN,
        "Other Income Expense": NaN,
        "Other Non Operating Income Expenses": NaN,
        "Special Income Charges": NaN,
        "Gain On Sale Of Business": NaN,
        "Write Off": 0.0,
        "Impairment Of Capital Assets": NaN,
        "Restructuring And Mergern Acquisition": NaN,
        "Earnings From Equity Interest": 0.0,
        "Net Non Operating Interest Income Expense": NaN,
        "Interest Expense Non Operating": NaN,
        "Operating Income": NaN,
        "Operating Expense": NaN,
        "Depreciation Amortization Depletion Income Statement": NaN,
        "Depreciation And Amortization In Income Statement": NaN,
        "Amortization": NaN,
        "Amortization Of Intangibles Income Statement": NaN,
        "Research And Development": 1300000.0,
        "Selling General And Administration": NaN,
        "Gross Profit": NaN,
        "Cost Of Revenue": NaN,
        "Total Revenue": NaN,
        "Operating Revenue": NaN
    },
    "2023-10-31": {
        "Tax Effect Of Unusual Items": 0.0,
        "Tax Rate For Calcs": 0.226563,
        "Normalized EBITDA": 51600000.0,
        "Total Unusual Items": 0.0,
        "Total Unusual Items Excluding Goodwill": 0.0,
        "Net Income From Continuing Operation Net Minority Interest": 29700000.0,
        "Reconciled Depreciation": 6500000.0,
        "Reconciled Cost Of Revenue": 591800000.0,
        "EBITDA": 51600000.0,
        "EBIT": 45100000.0,
        "Net Interest Income": -6700000.0,
        "Interest Expense": 6700000.0,
        "Normalized Income": 29700000.0,
        "Net Income From Continuing And Discontinued Operation": 29700000.0,
        "Total Expenses": 648200000.0,
        "Total Operating Income As Reported": 45100000.0,
        "Diluted Average Shares": 59512627.0,
        "Basic Average Shares": 58799338.0,
        "Diluted EPS": 0.5,
        "Basic EPS": 0.51,
        "Diluted NI Availto Com Stockholders": 29700000.0,
        "Net Income Common Stockholders": 29700000.0,
        "Net Income": 29700000.0,
        "Net Income Including Noncontrolling Interests": 29700000.0,
        "Net Income Continuous Operations": 29700000.0,
        "Tax Provision": 8700000.0,
        "Pretax Income": 38400000.0,
        "Other Income Expense": 0.0,
        "Other Non Operating Income Expenses": NaN,
        "Special Income Charges": 0.0,
        "Gain On Sale Of Business": 0.0,
        "Write Off": NaN,
        "Impairment Of Capital Assets": NaN,
        "Restructuring And Mergern Acquisition": 0.0,
        "Earnings From Equity Interest": 0.0,
        "Net Non Operating Interest Income Expense": -6700000.0,
        "Interest Expense Non Operating": 6700000.0,
        "Operating Income": 45100000.0,
        "Operating Expense": 50400000.0,
        "Depreciation Amortization Depletion Income Statement": 500000.0,
        "Depreciation And Amortization In Income Statement": 500000.0,
        "Amortization": 500000.0,
        "Amortization Of Intangibles Income Statement": 500000.0,
        "Research And Development": NaN,
        "Selling General And Administration": 53400000.0,
        "Gross Profit": 95500000.0,
        "Cost Of Revenue": 597800000.0,
        "Total Revenue": 693300000.0,
        "Operating Revenue": 693300000.0
    },
    "2024-01-31": {
        "Tax Effect Of Unusual Items": 61513200.0,
        "Tax Rate For Calcs": 0.252,
        "Normalized EBITDA": 13400000.0,
        "Total Unusual Items": 244100000.0,
        "Total Unusual Items Excluding Goodwill": 244100000.0,
        "Net Income From Continuing Operation Net Minority Interest": 182700000.0,
        "Reconciled Depreciation": 6500000.0,
        "Reconciled Cost Of Revenue": 517200000.0,
        "EBITDA": 257500000.0,
        "EBIT": 251000000.0,
        "Net Interest Income": -6800000.0,
        "Interest Expense": 6800000.0,
        "Normalized Income": 113200.0,
        "Net Income From Continuing And Discontinued Operation": 182700000.0,
        "Total Expenses": 579100000.0,
        "Total Operating Income As Reported": -6500000.0,
        "Diluted Average Shares": 59782309.0,
        "Basic Average Shares": 59050739.0,
        "Diluted EPS": 3.06,
        "Basic EPS": 3.09,
        "Diluted NI Availto Com Stockholders": 182700000.0,
        "Net Income Common Stockholders": 182700000.0,
        "Net Income": 182700000.0,
        "Net Income Including Noncontrolling Interests": 182700000.0,
        "Net Income Continuous Operations": 182700000.0,
        "Tax Provision": 61500000.0,
        "Pretax Income": 244200000.0,
        "Other Income Expense": 244100000.0,
        "Other Non Operating Income Expenses": NaN,
        "Special Income Charges": 244100000.0,
        "Gain On Sale Of Business": 257500000.0,
        "Write Off": 12600000.0,
        "Impairment Of Capital Assets": 12600000.0,
        "Restructuring And Mergern Acquisition": 800000.0,
        "Earnings From Equity Interest": NaN,
        "Net Non Operating Interest Income Expense": -6800000.0,
        "Interest Expense Non Operating": 6800000.0,
        "Operating Income": 6900000.0,
        "Operating Expense": 56000000.0,
        "Depreciation Amortization Depletion Income Statement": 600000.0,
        "Depreciation And Amortization In Income Statement": 600000.0,
        "Amortization": 600000.0,
        "Amortization Of Intangibles Income Statement": 600000.0,
        "Research And Development": NaN,
        "Selling General And Administration": 55400000.0,
        "Gross Profit": 62900000.0,
        "Cost Of Revenue": 523100000.0,
        "Total Revenue": 586000000.0,
        "Operating Revenue": 586000000.0
    },
    "2024-04-30": {
        "Tax Effect Of Unusual Items": -331843.575419,
        "Tax Rate For Calcs": 0.150838,
        "Normalized EBITDA": 33100000.0,
        "Total Unusual Items": -2200000.0,
        "Total Unusual Items Excluding Goodwill": -2200000.0,
        "Net Income From Continuing Operation Net Minority Interest": 15200000.0,
        "Reconciled Depreciation": 6500000.0,
        "Reconciled Cost Of Revenue": 533700000.0,
        "EBITDA": 30900000.0,
        "EBIT": 24400000.0,
        "Net Interest Income": -6500000.0,
        "Interest Expense": 6500000.0,
        "Normalized Income": 17068156.424581,
        "Net Income From Continuing And Discontinued Operation": 15200000.0,
        "Total Expenses": 590300000.0,
        "Total Operating Income As Reported": 22900000.0,
        "Diluted Average Shares": 53662210.0,
        "Basic Average Shares": 53117059.0,
        "Diluted EPS": 0.28,
        "Basic EPS": 0.29,
        "Diluted NI Availto Com Stockholders": 15200000.0,
        "Net Income Common Stockholders": 15200000.0,
        "Net Income": 15200000.0,
        "Net Income Including Noncontrolling Interests": 15200000.0,
        "Net Income Continuous Operations": 15200000.0,
        "Tax Provision": 2700000.0,
        "Pretax Income": 17900000.0,
        "Other Income Expense": -2200000.0,
        "Other Non Operating Income Expenses": NaN,
        "Special Income Charges": -2200000.0,
        "Gain On Sale Of Business": 1500000.0,
        "Write Off": 0.0,
        "Impairment Of Capital Assets": 0.0,
        "Restructuring And Mergern Acquisition": 3700000.0,
        "Earnings From Equity Interest": NaN,
        "Net Non Operating Interest Income Expense": -6500000.0,
        "Interest Expense Non Operating": 6500000.0,
        "Operating Income": 26600000.0,
        "Operating Expense": 50700000.0,
        "Depreciation Amortization Depletion Income Statement": 600000.0,
        "Depreciation And Amortization In Income Statement": 600000.0,
        "Amortization": 600000.0,
        "Amortization Of Intangibles Income Statement": 600000.0,
        "Research And Development": NaN,
        "Selling General And Administration": 50100000.0,
        "Gross Profit": 77300000.0,
        "Cost Of Revenue": 539600000.0,
        "Total Revenue": 616900000.0,
        "Operating Revenue": 616900000.0
    },
    "2024-07-31": {
        "Tax Effect Of Unusual Items": -1019200.0,
        "Tax Rate For Calcs": 0.196,
        "Normalized EBITDA": 41600000.0,
        "Total Unusual Items": -5200000.0,
        "Total Unusual Items Excluding Goodwill": -5200000.0,
        "Net Income From Continuing Operation Net Minority Interest": 18000000.0,
        "Reconciled Depreciation": 6400000.0,
        "Reconciled Cost Of Revenue": 495200000.0,
        "EBITDA": 36400000.0,
        "EBIT": 30000000.0,
        "Net Interest Income": -7600000.0,
        "Interest Expense": 7600000.0,
        "Normalized Income": 22180800.0,
        "Net Income From Continuing And Discontinued Operation": 18000000.0,
        "Total Expenses": 544200000.0,
        "Total Operating Income As Reported": 28600000.0,
        "Diluted Average Shares": 52136498.0,
        "Basic Average Shares": 51514327.0,
        "Diluted EPS": 0.35,
        "Basic EPS": 0.35,
        "Diluted NI Availto Com Stockholders": 18000000.0,
        "Net Income Common Stockholders": 18000000.0,
        "Net Income": 18000000.0,
        "Net Income Including Noncontrolling Interests": 18000000.0,
        "Net Income Continuous Operations": 18000000.0,
        "Tax Provision": 4400000.0,
        "Pretax Income": 22400000.0,
        "Other Income Expense": -5200000.0,
        "Other Non Operating Income Expenses": NaN,
        "Special Income Charges": -5200000.0,
        "Gain On Sale Of Business": 1400000.0,
        "Write Off": 1900000.0,
        "Impairment Of Capital Assets": NaN,
        "Restructuring And Mergern Acquisition": 4700000.0,
        "Earnings From Equity Interest": NaN,
        "Net Non Operating Interest Income Expense": -7600000.0,
        "Interest Expense Non Operating": 7600000.0,
        "Operating Income": 35200000.0,
        "Operating Expense": 43100000.0,
        "Depreciation Amortization Depletion Income Statement": 500000.0,
        "Depreciation And Amortization In Income Statement": 500000.0,
        "Amortization": 500000.0,
        "Amortization Of Intangibles Income Statement": 500000.0,
        "Research And Development": NaN,
        "Selling General And Administration": 42600000.0,
        "Gross Profit": 78300000.0,
        "Cost Of Revenue": 501100000.0,
        "Total Revenue": 579400000.0,
        "Operating Revenue": 579400000.0
    },
    "2024-10-31": {
        "Tax Effect Of Unusual Items": 6588214.285714,
        "Tax Rate For Calcs": 0.255357,
        "Normalized EBITDA": 43700000.0,
        "Total Unusual Items": 25800000.0,
        "Total Unusual Items Excluding Goodwill": 25800000.0,
        "Net Income From Continuing Operation Net Minority Interest": 41700000.0,
        "Reconciled Depreciation": 6000000.0,
        "Reconciled Cost Of Revenue": 513600000.0,
        "EBITDA": 69500000.0,
        "EBIT": 63500000.0,
        "Net Interest Income": -7500000.0,
        "Interest Expense": 7500000.0,
        "Normalized Income": 22488214.285714,
        "Net Income From Continuing And Discontinued Operation": 41700000.0,
        "Total Expenses": 560200000.0,
        "Total Operating Income As Reported": 34600000.0,
        "Diluted Average Shares": 52407926.0,
        "Basic Average Shares": 51630191.0,
        "Diluted EPS": 0.8,
        "Basic EPS": 0.81,
        "Diluted NI Availto Com Stockholders": 41700000.0,
        "Net Income Common Stockholders": 41700000.0,
        "Net Income": 41700000.0,
        "Net Income Including Noncontrolling Interests": 41700000.0,
        "Net Income Continuous Operations": 41700000.0,
        "Tax Provision": 14300000.0,
        "Pretax Income": 56000000.0,
        "Other Income Expense": 25800000.0,
        "Other Non Operating Income Expenses": NaN,
        "Special Income Charges": 25800000.0,
        "Gain On Sale Of Business": 28900000.0,
        "Write Off": 0.0,
        "Impairment Of Capital Assets": NaN,
        "Restructuring And Mergern Acquisition": 3100000.0,
        "Earnings From Equity Interest": NaN,
        "Net Non Operating Interest Income Expense": -7500000.0,
        "Interest Expense Non Operating": 7500000.0,
        "Operating Income": 37700000.0,
        "Operating Expense": 41100000.0,
        "Depreciation Amortization Depletion Income Statement": 500000.0,
        "Depreciation And Amortization In Income Statement": 500000.0,
        "Amortization": 500000.0,
        "Amortization Of Intangibles Income Statement": 500000.0,
        "Research And Development": NaN,
        "Selling General And Administration": 40600000.0,
        "Gross Profit": 78800000.0,
        "Cost Of Revenue": 519100000.0,
        "Total Revenue": 597900000.0,
        "Operating Revenue": 597900000.0
    }
}