{
    "2023-03-31": {
        "Tax Effect Of Unusual Items": NaN,
        "Tax Rate For Calcs": NaN,
        "Normalized EBITDA": NaN,
        "Net Income From Continuing Operation Net Minority Interest": NaN,
        "Reconciled Depreciation": NaN,
        "Reconciled Cost Of Revenue": NaN,
        "EBITDA": NaN,
        "EBIT": NaN,
        "Net Interest Income": NaN,
        "Interest Expense": NaN,
        "Normalized Income": NaN,
        "Net Income From Continuing And Discontinued Operation": NaN,
        "Total Expenses": NaN,
        "Total Operating Income As Reported": NaN,
        "Diluted Average Shares": NaN,
        "Basic Average Shares": NaN,
        "Diluted EPS": NaN,
        "Basic EPS": NaN,
        "Diluted NI Availto Com Stockholders": NaN,
        "Net Income Common Stockholders": NaN,
        "Net Income": NaN,
        "Net Income Including Noncontrolling Interests": NaN,
        "Net Income Continuous Operations": NaN,
        "Tax Provision": NaN,
        "Pretax Income": NaN,
        "Net Non Operating Interest Income Expense": NaN,
        "Interest Expense Non Operating": NaN,
        "Operating Income": NaN,
        "Operating Expense": NaN,
        "Other Operating Expenses": -2000000.0,
        "Selling General And Administration": NaN,
        "Gross Profit": NaN,
        "Cost Of Revenue": NaN,
        "Total Revenue": NaN,
        "Operating Revenue": NaN
    },
    "2022-12-31": {
        "Tax Effect Of Unusual Items": NaN,
        "Tax Rate For Calcs": NaN,
        "Normalized EBITDA": NaN,
        "Net Income From Continuing Operation Net Minority Interest": NaN,
        "Reconciled Depreciation": NaN,
        "Reconciled Cost Of Revenue": NaN,
        "EBITDA": NaN,
        "EBIT": NaN,
        "Net Interest Income": NaN,
        "Interest Expense": NaN,
        "Normalized Income": NaN,
        "Net Income From Continuing And Discontinued Operation": NaN,
        "Total Expenses": NaN,
        "Total Operating Income As Reported": NaN,
        "Diluted Average Shares": NaN,
        "Basic Average Shares": NaN,
        "Diluted EPS": NaN,
        "Basic EPS": NaN,
        "Diluted NI Availto Com Stockholders": NaN,
        "Net Income Common Stockholders": NaN,
        "Net Income": NaN,
        "Net Income Including Noncontrolling Interests": NaN,
        "Net Income Continuous Operations": NaN,
        "Tax Provision": NaN,
        "Pretax Income": NaN,
        "Net Non Operating Interest Income Expense": NaN,
        "Interest Expense Non Operating": NaN,
        "Operating Income": NaN,
        "Operating Expense": NaN,
        "Other Operating Expenses": -7000000.0,
        "Selling General And Administration": NaN,
        "Gross Profit": NaN,
        "Cost Of Revenue": NaN,
        "Total Revenue": NaN,
        "Operating Revenue": NaN
    },
    "2022-09-30": {
        "Tax Effect Of Unusual Items": NaN,
        "Tax Rate For Calcs": NaN,
        "Normalized EBITDA": NaN,
        "Net Income From Continuing Operation Net Minority Interest": NaN,
        "Reconciled Depreciation": NaN,
        "Reconciled Cost Of Revenue": NaN,
        "EBITDA": NaN,
        "EBIT": NaN,
        "Net Interest Income": NaN,
        "Interest Expense": NaN,
        "Normalized Income": NaN,
        "Net Income From Continuing And Discontinued Operation": NaN,
        "Total Expenses": NaN,
        "Total Operating Income As Reported": NaN,
        "Diluted Average Shares": NaN,
        "Basic Average Shares": NaN,
        "Diluted EPS": NaN,
        "Basic EPS": NaN,
        "Diluted NI Availto Com Stockholders": NaN,
        "Net Income Common Stockholders": NaN,
        "Net Income": NaN,
        "Net Income Including Noncontrolling Interests": NaN,
        "Net Income Continuous Operations": NaN,
        "Tax Provision": NaN,
        "Pretax Income": NaN,
        "Net Non Operating Interest Income Expense": NaN,
        "Interest Expense Non Operating": NaN,
        "Operating Income": NaN,
        "Operating Expense": NaN,
        "Other Operating Expenses": 5000000.0,
        "Selling General And Administration": NaN,
        "Gross Profit": NaN,
        "Cost Of Revenue": NaN,
        "Total Revenue": NaN,
        "Operating Revenue": NaN
    },
    "2022-06-30": {
        "Tax Effect Of Unusual Items": 0.0,
        "Tax Rate For Calcs": 0.252,
        "Normalized EBITDA": 115000000.0,
        "Net Income From Continuing Operation Net Minority Interest": 52000000.0,
        "Reconciled Depreciation": 29000000.0,
        "Reconciled Cost Of Revenue": 733000000.0,
        "EBITDA": 115000000.0,
        "EBIT": 86000000.0,
        "Net Interest Income": -16000000.0,
        "Interest Expense": 16000000.0,
        "Normalized Income": 52000000.0,
        "Net Income From Continuing And Discontinued Operation": 52000000.0,
        "Total Expenses": 831000000.0,
        "Total Operating Income As Reported": 86000000.0,
        "Diluted Average Shares": 209900000.0,
        "Basic Average Shares": 209900000.0,
        "Diluted EPS": 0.25,
        "Basic EPS": 0.25,
        "Diluted NI Availto Com Stockholders": 52000000.0,
        "Net Income Common Stockholders": 52000000.0,
        "Net Income": 52000000.0,
        "Net Income Including Noncontrolling Interests": 52000000.0,
        "Net Income Continuous Operations": 52000000.0,
        "Tax Provision": 18000000.0,
        "Pretax Income": 70000000.0,
        "Net Non Operating Interest Income Expense": -16000000.0,
        "Interest Expense Non Operating": 16000000.0,
        "Operating Income": 86000000.0,
        "Operating Expense": 98000000.0,
        "Other Operating Expenses": 7000000.0,
        "Selling General And Administration": 91000000.0,
        "General And Administrative Expense": 91000000.0,
        "Other Gand A": 91000000.0,
        "Gross Profit": 184000000.0,
        "Cost Of Revenue": 733000000.0,
        "Total Revenue": 917000000.0,
        "Operating Revenue": 917000000.0
    },
    "2022-03-31": {
        "Diluted EPS": 0.25,
        "Total Revenue": 845,
        "Gross Profit": 168,
        "Operating Income": 80,
        "EBIT": 108,
        "Net Income": 52
    },
    "2021-12-31": {
        "Diluted EPS": 0.5,
        "Total Revenue": NaN,
        "Gross Profit": 229,
        "Operating Income": 150,
        "EBIT": 178,
        "Net Income": 104
    },
    "2021-09-30": {
        "Diluted EPS": 0.31,
        "Total Revenue": 905,
        "Gross Profit": 182,
        "Operating Income": 100,
        "EBIT": 128,
        "Net Income": 66
    },
    "2021-06-30": {
        "Diluted EPS": 0.38,
        "Total Revenue": 873,
        "Gross Profit": 208,
        "Operating Income": 117,
        "EBIT": 144,
        "Net Income": 80
    },
    "2021-03-31": {
        "Diluted EPS": 0.35,
        "Total Revenue": 757,
        "Gross Profit": 192,
        "Operating Income": 111,
        "EBIT": 137,
        "Net Income": 74
    },
    "2020-12-31": {
        "Diluted EPS": 0.56,
        "Total Revenue": 888,
        "Gross Profit": 267,
        "Operating Income": 166,
        "EBIT": 193,
        "Net Income": 112
    },
    "2020-09-30": {
        "Diluted EPS": 0.54,
        "Total Revenue": 823,
        "Gross Profit": 265,
        "Operating Income": 163,
        "EBIT": 187,
        "Net Income": 113
    },
    "2020-06-30": {
        "Diluted EPS": 0.53,
        "Total Revenue": 822,
        "Gross Profit": 252,
        "Operating Income": 165,
        "EBIT": 189,
        "Net Income": 112
    },
    "2020-03-31": {
        "Diluted EPS": 0.14,
        "Total Revenue": 730,
        "Gross Profit": 189,
        "Operating Income": 92,
        "EBIT": 116,
        "Net Income": 26
    },
    "2019-12-31": {
        "Diluted EPS": 0.0,
        "Total Revenue": NaN,
        "Gross Profit": NaN,
        "Operating Income": NaN,
        "EBIT": NaN,
        "Net Income": NaN
    },
    "2019-09-30": {
        "Diluted EPS": 0.41,
        "Total Revenue": 741,
        "Gross Profit": 217,
        "Operating Income": 121,
        "EBIT": 142,
        "Net Income": 63
    },
    "2019-06-30": {
        "Diluted EPS": 0.35,
        "Total Revenue": 791,
        "Gross Profit": 227,
        "Operating Income": 141,
        "EBIT": 141,
        "Net Income": 55
    },
    "2018-12-31": {
        "Diluted EPS": 0.0,
        "Total Revenue": NaN,
        "Gross Profit": NaN,
        "Operating Income": NaN,
        "EBIT": NaN,
        "Net Income": NaN
    },
    "2023-06-30": {
        "Tax Effect Of Unusual Items": NaN,
        "Tax Rate For Calcs": NaN,
        "Normalized EBITDA": NaN,
        "Net Income From Continuing Operation Net Minority Interest": NaN,
        "Reconciled Depreciation": NaN,
        "Reconciled Cost Of Revenue": NaN,
        "EBITDA": NaN,
        "EBIT": NaN,
        "Net Interest Income": NaN,
        "Interest Expense": NaN,
        "Normalized Income": NaN,
        "Net Income From Continuing And Discontinued Operation": NaN,
        "Total Expenses": NaN,
        "Total Operating Income As Reported": NaN,
        "Diluted Average Shares": NaN,
        "Basic Average Shares": NaN,
        "Diluted EPS": NaN,
        "Basic EPS": NaN,
        "Diluted NI Availto Com Stockholders": NaN,
        "Net Income Common Stockholders": NaN,
        "Net Income": NaN,
        "Net Income Including Noncontrolling Interests": NaN,
        "Net Income Continuous Operations": NaN,
        "Tax Provision": NaN,
        "Pretax Income": NaN,
        "Net Non Operating Interest Income Expense": NaN,
        "Interest Expense Non Operating": NaN,
        "Operating Income": NaN,
        "Operating Expense": NaN,
        "Other Operating Expenses": 1000000.0,
        "Selling General And Administration": NaN,
        "Gross Profit": NaN,
        "Cost Of Revenue": NaN,
        "Total Revenue": NaN,
        "Operating Revenue": NaN
    },
    "2023-09-30": {
        "Tax Effect Of Unusual Items": NaN,
        "Tax Rate For Calcs": NaN,
        "Normalized EBITDA": NaN,
        "Net Income From Continuing Operation Net Minority Interest": NaN,
        "Reconciled Depreciation": NaN,
        "Reconciled Cost Of Revenue": NaN,
        "EBITDA": NaN,
        "EBIT": NaN,
        "Net Interest Income": NaN,
        "Interest Expense": NaN,
        "Normalized Income": NaN,
        "Net Income From Continuing And Discontinued Operation": NaN,
        "Total Expenses": NaN,
        "Total Operating Income As Reported": NaN,
        "Diluted Average Shares": 210000000.0,
        "Basic Average Shares": 210000000.0,
        "Diluted EPS": 0.37,
        "Basic EPS": 0.37,
        "Diluted NI Availto Com Stockholders": NaN,
        "Net Income Common Stockholders": NaN,
        "Net Income": NaN,
        "Net Income Including Noncontrolling Interests": NaN,
        "Net Income Continuous Operations": NaN,
        "Tax Provision": NaN,
        "Pretax Income": NaN,
        "Net Non Operating Interest Income Expense": NaN,
        "Interest Expense Non Operating": NaN,
        "Operating Income": NaN,
        "Operating Expense": NaN,
        "Other Operating Expenses": NaN,
        "Selling General And Administration": NaN,
        "Gross Profit": NaN,
        "Cost Of Revenue": NaN,
        "Total Revenue": NaN,
        "Operating Revenue": NaN
    },
    "2023-12-31": {
        "Tax Effect Of Unusual Items": 0.0,
        "Tax Rate For Calcs": 0.230337,
        "Normalized EBITDA": 263000000.0,
        "Net Income From Continuing Operation Net Minority Interest": 137000000.0,
        "Reconciled Depreciation": 32000000.0,
        "Reconciled Cost Of Revenue": 697000000.0,
        "EBITDA": 263000000.0,
        "EBIT": 231000000.0,
        "Net Interest Income": -28000000.0,
        "Interest Expense": 53000000.0,
        "Normalized Income": 137000000.0,
        "Net Income From Continuing And Discontinued Operation": 137000000.0,
        "Total Expenses": 800000000.0,
        "Total Operating Income As Reported": 206000000.0,
        "Diluted Average Shares": 210000000.0,
        "Basic Average Shares": 210000000.0,
        "Diluted EPS": 0.65,
        "Basic EPS": 0.65,
        "Diluted NI Availto Com Stockholders": 137000000.0,
        "Net Income Common Stockholders": 137000000.0,
        "Net Income": 137000000.0,
        "Net Income Including Noncontrolling Interests": 137000000.0,
        "Net Income Continuous Operations": 137000000.0,
        "Tax Provision": 41000000.0,
        "Pretax Income": 178000000.0,
        "Net Non Operating Interest Income Expense": -28000000.0,
        "Interest Expense Non Operating": 53000000.0,
        "Operating Income": 206000000.0,
        "Operating Expense": 103000000.0,
        "Other Operating Expenses": NaN,
        "Selling General And Administration": 103000000.0,
        "Gross Profit": 309000000.0,
        "Cost Of Revenue": 697000000.0,
        "Total Revenue": 1006000000.0,
        "Operating Revenue": 1006000000.0
    },
    "2024-03-31": {
        "Tax Effect Of Unusual Items": 0.0,
        "Tax Rate For Calcs": 0.249,
        "Normalized EBITDA": 122000000.0,
        "Net Income From Continuing Operation Net Minority Interest": 49000000.0,
        "Reconciled Depreciation": 32000000.0,
        "Reconciled Cost Of Revenue": 632000000.0,
        "EBITDA": 122000000.0,
        "EBIT": 90000000.0,
        "Net Interest Income": -25000000.0,
        "Interest Expense": 25000000.0,
        "Normalized Income": 49000000.0,
        "Net Income From Continuing And Discontinued Operation": 49000000.0,
        "Total Expenses": 743000000.0,
        "Total Operating Income As Reported": 90000000.0,
        "Diluted Average Shares": 210100000.0,
        "Basic Average Shares": 210100000.0,
        "Diluted EPS": 0.23,
        "Basic EPS": 0.23,
        "Diluted NI Availto Com Stockholders": 49000000.0,
        "Net Income Common Stockholders": 49000000.0,
        "Net Income": 49000000.0,
        "Net Income Including Noncontrolling Interests": 49000000.0,
        "Net Income Continuous Operations": 49000000.0,
        "Tax Provision": 16000000.0,
        "Pretax Income": 65000000.0,
        "Net Non Operating Interest Income Expense": -25000000.0,
        "Interest Expense Non Operating": 25000000.0,
        "Operating Income": 90000000.0,
        "Operating Expense": 111000000.0,
        "Other Operating Expenses": NaN,
        "Selling General And Administration": 111000000.0,
        "Gross Profit": 201000000.0,
        "Cost Of Revenue": 632000000.0,
        "Total Revenue": 833000000.0,
        "Operating Revenue": 833000000.0
    },
    "2024-06-30": {
        "Tax Effect Of Unusual Items": 0.0,
        "Tax Rate For Calcs": 0.16,
        "Normalized EBITDA": 171000000.0,
        "Net Income From Continuing Operation Net Minority Interest": 97000000.0,
        "Reconciled Depreciation": 31000000.0,
        "Reconciled Cost Of Revenue": 674000000.0,
        "EBITDA": 171000000.0,
        "EBIT": 140000000.0,
        "Net Interest Income": -25000000.0,
        "Interest Expense": 25000000.0,
        "Normalized Income": 97000000.0,
        "Net Income From Continuing And Discontinued Operation": 97000000.0,
        "Total Expenses": 790000000.0,
        "Total Operating Income As Reported": 140000000.0,
        "Diluted Average Shares": 210200000.0,
        "Basic Average Shares": 210100000.0,
        "Diluted EPS": 0.46,
        "Basic EPS": 0.46,
        "Diluted NI Availto Com Stockholders": 97000000.0,
        "Net Income Common Stockholders": 97000000.0,
        "Net Income": 97000000.0,
        "Net Income Including Noncontrolling Interests": 97000000.0,
        "Net Income Continuous Operations": 97000000.0,
        "Tax Provision": 18000000.0,
        "Pretax Income": 115000000.0,
        "Net Non Operating Interest Income Expense": -25000000.0,
        "Interest Expense Non Operating": 25000000.0,
        "Operating Income": 140000000.0,
        "Operating Expense": 116000000.0,
        "Other Operating Expenses": NaN,
        "Selling General And Administration": 116000000.0,
        "Gross Profit": 256000000.0,
        "Cost Of Revenue": 674000000.0,
        "Total Revenue": 930000000.0,
        "Operating Revenue": 930000000.0
    },
    "2024-09-30": {
        "Tax Effect Of Unusual Items": 0.0,
        "Tax Rate For Calcs": 0.241,
        "Normalized EBITDA": 171000000.0,
        "Net Income From Continuing Operation Net Minority Interest": 86000000.0,
        "Reconciled Depreciation": 33000000.0,
        "Reconciled Cost Of Revenue": 671000000.0,
        "EBITDA": 171000000.0,
        "EBIT": 138000000.0,
        "Net Interest Income": -25000000.0,
        "Interest Expense": 25000000.0,
        "Normalized Income": 86000000.0,
        "Net Income From Continuing And Discontinued Operation": 86000000.0,
        "Total Expenses": 772000000.0,
        "Total Operating Income As Reported": 138000000.0,
        "Diluted Average Shares": 210300000.0,
        "Basic Average Shares": 210100000.0,
        "Diluted EPS": 0.41,
        "Basic EPS": 0.41,
        "Diluted NI Availto Com Stockholders": 86000000.0,
        "Net Income Common Stockholders": 86000000.0,
        "Net Income": 86000000.0,
        "Net Income Including Noncontrolling Interests": 86000000.0,
        "Net Income Continuous Operations": 86000000.0,
        "Tax Provision": 27000000.0,
        "Pretax Income": 113000000.0,
        "Net Non Operating Interest Income Expense": -25000000.0,
        "Interest Expense Non Operating": 25000000.0,
        "Operating Income": 138000000.0,
        "Operating Expense": 101000000.0,
        "Other Operating Expenses": NaN,
        "Selling General And Administration": 101000000.0,
        "Gross Profit": 239000000.0,
        "Cost Of Revenue": 671000000.0,
        "Total Revenue": 910000000.0,
        "Operating Revenue": 910000000.0
    },
    "2024-12-31": {
        "Tax Effect Of Unusual Items": 0.0,
        "Tax Rate For Calcs": 0.234177,
        "Normalized EBITDA": 242000000.0,
        "Net Income From Continuing Operation Net Minority Interest": 121000000.0,
        "Reconciled Depreciation": 33000000.0,
        "Reconciled Cost Of Revenue": 740000000.0,
        "EBITDA": 242000000.0,
        "EBIT": 209000000.0,
        "Net Interest Income": -22000000.0,
        "Interest Expense": 51000000.0,
        "Normalized Income": 121000000.0,
        "Net Income From Continuing And Discontinued Operation": 121000000.0,
        "Total Expenses": 840000000.0,
        "Total Operating Income As Reported": 180000000.0,
        "Diluted Average Shares": NaN,
        "Basic Average Shares": NaN,
        "Diluted EPS": NaN,
        "Basic EPS": NaN,
        "Diluted NI Availto Com Stockholders": 121000000.0,
        "Net Income Common Stockholders": 121000000.0,
        "Net Income": 121000000.0,
        "Net Income Including Noncontrolling Interests": 121000000.0,
        "Net Income Continuous Operations": 121000000.0,
        "Tax Provision": 37000000.0,
        "Pretax Income": 158000000.0,
        "Net Non Operating Interest Income Expense": -22000000.0,
        "Interest Expense Non Operating": 51000000.0,
        "Operating Income": 180000000.0,
        "Operating Expense": 100000000.0,
        "Other Operating Expenses": NaN,
        "Selling General And Administration": 100000000.0,
        "Gross Profit": 280000000.0,
        "Cost Of Revenue": 740000000.0,
        "Total Revenue": 1020000000.0,
        "Operating Revenue": 1020000000.0
    }
}