{
    "2023-06-30": {
        "Tax Effect Of Unusual Items": -202000.0,
        "Tax Rate For Calcs": 0.202,
        "Total Unusual Items": -1000000.0,
        "Total Unusual Items Excluding Goodwill": -1000000.0,
        "Net Income From Continuing Operation Net Minority Interest": 581000000.0,
        "Reconciled Depreciation": 61000000.0,
        "Net Interest Income": 1381000000.0,
        "Interest Expense": 358000000.0,
        "Interest Income": 1739000000.0,
        "Normalized Income": 581798000.0,
        "Net Income From Continuing And Discontinued Operation": 581000000.0,
        "Diluted Average Shares": 939000000.0,
        "Basic Average Shares": 939000000.0,
        "Diluted EPS": 0.59,
        "Basic EPS": 0.59,
        "Diluted NI Availto Com Stockholders": 556000000.0,
        "Net Income Common Stockholders": 556000000.0,
        "Preferred Stock Dividends": 25000000.0,
        "Net Income": 581000000.0,
        "Net Income Including Noncontrolling Interests": 581000000.0,
        "Net Income Continuous Operations": 581000000.0,
        "Tax Provision": 147000000.0,
        "Pretax Income": 728000000.0,
        "Special Income Charges": -1000000.0,
        "Restructuring And Mergern Acquisition": 1000000.0,
        "Gain On Sale Of Security": 0.0,
        "Selling General And Administration": 658000000.0,
        "Selling And Marketing Expense": 26000000.0,
        "General And Administrative Expense": 632000000.0,
        "Insurance And Claims": 29000000.0,
        "Salaries And Wages": 603000000.0,
        "Total Revenue": 1957000000.0,
        "Operating Revenue": 1957000000.0,
        "Occupancy And Equipment": 174000000.0,
        "Professional Expense And Contract Services Expense": 20000000.0,
        "Other Non Interest Expense": 258000000.0
    },
    "2023-03-31": {
        "Tax Effect Of Unusual Items": -448000.0,
        "Tax Rate For Calcs": 0.224,
        "Total Unusual Items": -2000000.0,
        "Total Unusual Items Excluding Goodwill": -2000000.0,
        "Net Income From Continuing Operation Net Minority Interest": 612000000.0,
        "Reconciled Depreciation": 63000000.0,
        "Net Interest Income": 1417000000.0,
        "Interest Expense": 224000000.0,
        "Interest Income": 1641000000.0,
        "Normalized Income": 613552000.0,
        "Net Income From Continuing And Discontinued Operation": 612000000.0,
        "Diluted Average Shares": NaN,
        "Basic Average Shares": NaN,
        "Diluted EPS": NaN,
        "Basic EPS": NaN,
        "Diluted NI Availto Com Stockholders": 588000000.0,
        "Net Income Common Stockholders": 588000000.0,
        "Preferred Stock Dividends": 24000000.0,
        "Net Income": 612000000.0,
        "Net Income Including Noncontrolling Interests": 612000000.0,
        "Net Income Continuous Operations": 612000000.0,
        "Tax Provision": 177000000.0,
        "Pretax Income": 789000000.0,
        "Special Income Charges": -2000000.0,
        "Other Special Charges": NaN,
        "Restructuring And Mergern Acquisition": 2000000.0,
        "Gain On Sale Of Security": -2000000.0,
        "Selling General And Administration": 668000000.0,
        "Selling And Marketing Expense": 27000000.0,
        "General And Administrative Expense": 641000000.0,
        "Insurance And Claims": 25000000.0,
        "Salaries And Wages": 616000000.0,
        "Total Revenue": 1951000000.0,
        "Operating Revenue": 1951000000.0,
        "Occupancy And Equipment": 175000000.0,
        "Professional Expense And Contract Services Expense": 19000000.0,
        "Other Non Interest Expense": 163000000.0
    },
    "2022-12-31": {
        "Tax Effect Of Unusual Items": NaN,
        "Tax Rate For Calcs": NaN,
        "Total Unusual Items": NaN,
        "Total Unusual Items Excluding Goodwill": NaN,
        "Net Income From Continuing Operation Net Minority Interest": NaN,
        "Reconciled Depreciation": NaN,
        "Net Interest Income": NaN,
        "Interest Expense": NaN,
        "Interest Income": NaN,
        "Normalized Income": NaN,
        "Net Income From Continuing And Discontinued Operation": NaN,
        "Diluted Average Shares": NaN,
        "Basic Average Shares": NaN,
        "Diluted EPS": NaN,
        "Basic EPS": NaN,
        "Diluted NI Availto Com Stockholders": NaN,
        "Net Income Common Stockholders": NaN,
        "Preferred Stock Dividends": NaN,
        "Net Income": NaN,
        "Net Income Including Noncontrolling Interests": NaN,
        "Net Income Continuous Operations": NaN,
        "Tax Provision": NaN,
        "Pretax Income": NaN,
        "Special Income Charges": NaN,
        "Other Special Charges": -229000000.0,
        "Restructuring And Mergern Acquisition": NaN,
        "Gain On Sale Of Security": NaN,
        "Selling General And Administration": NaN,
        "Selling And Marketing Expense": NaN,
        "General And Administrative Expense": NaN,
        "Insurance And Claims": NaN,
        "Salaries And Wages": NaN,
        "Total Revenue": NaN,
        "Operating Revenue": NaN,
        "Occupancy And Equipment": NaN,
        "Professional Expense And Contract Services Expense": NaN,
        "Other Non Interest Expense": NaN
    },
    "2022-09-30": {
        "Tax Effect Of Unusual Items": NaN,
        "Tax Rate For Calcs": NaN,
        "Total Unusual Items": NaN,
        "Total Unusual Items Excluding Goodwill": NaN,
        "Net Income From Continuing Operation Net Minority Interest": NaN,
        "Reconciled Depreciation": NaN,
        "Net Interest Income": NaN,
        "Interest Expense": NaN,
        "Interest Income": NaN,
        "Normalized Income": NaN,
        "Net Income From Continuing And Discontinued Operation": NaN,
        "Diluted Average Shares": NaN,
        "Basic Average Shares": NaN,
        "Diluted EPS": NaN,
        "Basic EPS": NaN,
        "Diluted NI Availto Com Stockholders": NaN,
        "Net Income Common Stockholders": NaN,
        "Preferred Stock Dividends": NaN,
        "Net Income": NaN,
        "Net Income Including Noncontrolling Interests": NaN,
        "Net Income Continuous Operations": NaN,
        "Tax Provision": NaN,
        "Pretax Income": NaN,
        "Special Income Charges": NaN,
        "Other Special Charges": 179000000.0,
        "Restructuring And Mergern Acquisition": NaN,
        "Gain On Sale Of Security": NaN,
        "Selling General And Administration": NaN,
        "Selling And Marketing Expense": NaN,
        "General And Administrative Expense": NaN,
        "Insurance And Claims": NaN,
        "Salaries And Wages": NaN,
        "Total Revenue": NaN,
        "Operating Revenue": NaN
    },
    "2022-06-30": {
        "Tax Effect Of Unusual Items": 1272000.0,
        "Tax Rate For Calcs": 0.212,
        "Total Unusual Items": 6000000.0,
        "Total Unusual Items Excluding Goodwill": 6000000.0,
        "Net Income From Continuing Operation Net Minority Interest": 583000000.0,
        "Reconciled Depreciation": 96000000.0,
        "Net Interest Income": 1108000000.0,
        "Interest Expense": 47000000.0,
        "Interest Income": 1155000000.0,
        "Normalized Income": 578272000.0,
        "Net Income From Continuing And Discontinued Operation": 583000000.0,
        "Diluted Average Shares": 940000000.0,
        "Basic Average Shares": 934000000.0,
        "Diluted EPS": 0.59,
        "Basic EPS": 0.6,
        "Diluted NI Availto Com Stockholders": 558000000.0,
        "Net Income Common Stockholders": 558000000.0,
        "Preferred Stock Dividends": 25000000.0,
        "Net Income": 583000000.0,
        "Net Income Including Noncontrolling Interests": 583000000.0,
        "Net Income Continuous Operations": 583000000.0,
        "Tax Provision": 157000000.0,
        "Pretax Income": 740000000.0,
        "Special Income Charges": 6000000.0,
        "Other Special Charges": NaN,
        "Restructuring And Mergern Acquisition": -6000000.0,
        "Gain On Sale Of Security": 0.0,
        "Selling General And Administration": 610000000.0,
        "Selling And Marketing Expense": 22000000.0,
        "General And Administrative Expense": 588000000.0,
        "Insurance And Claims": 13000000.0,
        "Salaries And Wages": 575000000.0,
        "Total Revenue": 1748000000.0,
        "Operating Revenue": 1748000000.0
    },
    "2023-09-30": {
        "Tax Effect Of Unusual Items": -1045000.0,
        "Tax Rate For Calcs": 0.209,
        "Total Unusual Items": -5000000.0,
        "Total Unusual Items Excluding Goodwill": -5000000.0,
        "Net Income From Continuing Operation Net Minority Interest": 490000000.0,
        "Reconciled Depreciation": 59000000.0,
        "Net Interest Income": 1291000000.0,
        "Interest Expense": 475000000.0,
        "Interest Income": 1766000000.0,
        "Normalized Income": 493955000.0,
        "Net Income From Continuing And Discontinued Operation": 490000000.0,
        "Diluted Average Shares": 940000000.0,
        "Basic Average Shares": 939000000.0,
        "Diluted EPS": 0.49,
        "Basic EPS": 0.49,
        "Diluted NI Availto Com Stockholders": 465000000.0,
        "Net Income Common Stockholders": 465000000.0,
        "Preferred Stock Dividends": 25000000.0,
        "Net Income": 490000000.0,
        "Net Income Including Noncontrolling Interests": 490000000.0,
        "Net Income Continuous Operations": 490000000.0,
        "Tax Provision": 129000000.0,
        "Pretax Income": 619000000.0,
        "Special Income Charges": -5000000.0,
        "Restructuring And Mergern Acquisition": 5000000.0,
        "Gain On Sale Of Security": -1000000.0,
        "Selling General And Administration": 639000000.0,
        "Selling And Marketing Expense": 26000000.0,
        "General And Administrative Expense": 613000000.0,
        "Insurance And Claims": 27000000.0,
        "Salaries And Wages": 586000000.0,
        "Total Revenue": 1857000000.0,
        "Operating Revenue": 1857000000.0,
        "Occupancy And Equipment": 179000000.0,
        "Professional Expense And Contract Services Expense": 27000000.0,
        "Other Non Interest Expense": 243000000.0
    },
    "2023-12-31": {
        "Tax Effect Of Unusual Items": -23949044.585987,
        "Tax Rate For Calcs": 0.169851,
        "Total Unusual Items": -141000000.0,
        "Total Unusual Items Excluding Goodwill": -141000000.0,
        "Net Income From Continuing Operation Net Minority Interest": 391000000.0,
        "Reconciled Depreciation": 53000000.0,
        "Net Interest Income": 1231000000.0,
        "Interest Expense": 520000000.0,
        "Interest Income": 1751000000.0,
        "Normalized Income": 508050955.414013,
        "Net Income From Continuing And Discontinued Operation": 391000000.0,
        "Diluted Average Shares": 931000000.0,
        "Basic Average Shares": 931000000.0,
        "Diluted EPS": 0.39,
        "Basic EPS": 0.39,
        "Diluted NI Availto Com Stockholders": 367000000.0,
        "Net Income Common Stockholders": 367000000.0,
        "Preferred Stock Dividends": 24000000.0,
        "Net Income": 391000000.0,
        "Net Income Including Noncontrolling Interests": 391000000.0,
        "Net Income Continuous Operations": 391000000.0,
        "Tax Provision": 80000000.0,
        "Pretax Income": 471000000.0,
        "Special Income Charges": -141000000.0,
        "Restructuring And Mergern Acquisition": 27000000.0,
        "Gain On Sale Of Security": -2000000.0,
        "Selling General And Administration": 639000000.0,
        "Selling And Marketing Expense": 31000000.0,
        "General And Administrative Expense": 608000000.0,
        "Insurance And Claims": 28000000.0,
        "Salaries And Wages": 580000000.0,
        "Total Revenue": 1809000000.0,
        "Operating Revenue": 1809000000.0,
        "Occupancy And Equipment": 173000000.0,
        "Professional Expense And Contract Services Expense": 18000000.0,
        "Other Non Interest Expense": 212000000.0
    },
    "2024-03-31": {
        "Tax Effect Of Unusual Items": -207000.0,
        "Tax Rate For Calcs": 0.207,
        "Total Unusual Items": -1000000.0,
        "Total Unusual Items Excluding Goodwill": -1000000.0,
        "Net Income From Continuing Operation Net Minority Interest": 368000000.0,
        "Reconciled Depreciation": 48000000.0,
        "Net Interest Income": 1184000000.0,
        "Interest Expense": 540000000.0,
        "Interest Income": 1724000000.0,
        "Normalized Income": 368793000.0,
        "Net Income From Continuing And Discontinued Operation": 368000000.0,
        "Diluted Average Shares": 923000000.0,
        "Basic Average Shares": 921000000.0,
        "Diluted EPS": 0.37,
        "Basic EPS": 0.37,
        "Diluted NI Availto Com Stockholders": 343000000.0,
        "Net Income Common Stockholders": 343000000.0,
        "Preferred Stock Dividends": 25000000.0,
        "Net Income": 368000000.0,
        "Net Income Including Noncontrolling Interests": 368000000.0,
        "Net Income Continuous Operations": 368000000.0,
        "Tax Provision": 96000000.0,
        "Pretax Income": 464000000.0,
        "Special Income Charges": -1000000.0,
        "Restructuring And Mergern Acquisition": 1000000.0,
        "Gain On Sale Of Security": -50000000.0,
        "Selling General And Administration": 728000000.0,
        "Selling And Marketing Expense": 27000000.0,
        "General And Administrative Expense": 701000000.0,
        "Insurance And Claims": 43000000.0,
        "Salaries And Wages": 658000000.0,
        "Total Revenue": 1747000000.0,
        "Operating Revenue": 1747000000.0,
        "Occupancy And Equipment": 175000000.0,
        "Professional Expense And Contract Services Expense": 28000000.0,
        "Other Non Interest Expense": 199000000.0
    },
    "2024-06-30": {
        "Tax Effect Of Unusual Items": -198000.0,
        "Tax Rate For Calcs": 0.198,
        "Total Unusual Items": -1000000.0,
        "Total Unusual Items Excluding Goodwill": -1000000.0,
        "Net Income From Continuing Operation Net Minority Interest": 501000000.0,
        "Reconciled Depreciation": 41000000.0,
        "Net Interest Income": 1186000000.0,
        "Interest Expense": 576000000.0,
        "Interest Income": 1762000000.0,
        "Normalized Income": 501802000.0,
        "Net Income From Continuing And Discontinued Operation": 501000000.0,
        "Diluted Average Shares": 918000000.0,
        "Basic Average Shares": 917000000.0,
        "Diluted EPS": 0.52,
        "Basic EPS": 0.52,
        "Diluted NI Availto Com Stockholders": 477000000.0,
        "Net Income Common Stockholders": 477000000.0,
        "Preferred Stock Dividends": 24000000.0,
        "Net Income": 501000000.0,
        "Net Income Including Noncontrolling Interests": 501000000.0,
        "Net Income Continuous Operations": 501000000.0,
        "Tax Provision": 124000000.0,
        "Pretax Income": 625000000.0,
        "Special Income Charges": -1000000.0,
        "Restructuring And Mergern Acquisition": 1000000.0,
        "Gain On Sale Of Security": -50000000.0,
        "Selling General And Administration": 665000000.0,
        "Selling And Marketing Expense": 27000000.0,
        "General And Administrative Expense": 638000000.0,
        "Insurance And Claims": 29000000.0,
        "Salaries And Wages": 609000000.0,
        "Total Revenue": 1731000000.0,
        "Operating Revenue": 1731000000.0,
        "Occupancy And Equipment": 168000000.0,
        "Professional Expense And Contract Services Expense": 25000000.0,
        "Other Non Interest Expense": 145000000.0
    },
    "2024-09-30": {
        "Tax Effect Of Unusual Items": 0.0,
        "Tax Rate For Calcs": 0.194,
        "Total Unusual Items": 0.0,
        "Total Unusual Items Excluding Goodwill": 0.0,
        "Net Income From Continuing Operation Net Minority Interest": 490000000.0,
        "Reconciled Depreciation": 34000000.0,
        "Net Interest Income": 1218000000.0,
        "Interest Expense": 602000000.0,
        "Interest Income": 1820000000.0,
        "Normalized Income": 490000000.0,
        "Net Income From Continuing And Discontinued Operation": 490000000.0,
        "Diluted Average Shares": 918000000.0,
        "Basic Average Shares": 914000000.0,
        "Diluted EPS": 0.49,
        "Basic EPS": 0.49,
        "Diluted NI Availto Com Stockholders": 446000000.0,
        "Net Income Common Stockholders": 446000000.0,
        "Preferred Stock Dividends": 44000000.0,
        "Net Income": 490000000.0,
        "Net Income Including Noncontrolling Interests": 490000000.0,
        "Net Income Continuous Operations": 490000000.0,
        "Tax Provision": 118000000.0,
        "Pretax Income": 608000000.0,
        "Special Income Charges": 0.0,
        "Restructuring And Mergern Acquisition": 0.0,
        "Gain On Sale Of Security": -78000000.0,
        "Selling General And Administration": 690000000.0,
        "Selling And Marketing Expense": 28000000.0,
        "General And Administrative Expense": 662000000.0,
        "Insurance And Claims": 17000000.0,
        "Salaries And Wages": 645000000.0,
        "Total Revenue": 1790000000.0,
        "Operating Revenue": 1790000000.0,
        "Occupancy And Equipment": 170000000.0,
        "Professional Expense And Contract Services Expense": 21000000.0,
        "Other Non Interest Expense": 188000000.0
    }
}