{
    "2023-03-31": {
        "Diluted EPS": 0.64,
        "Total Revenue": 38,
        "Gross Profit": 17,
        "Operating Income": 10,
        "EBIT": 12,
        "Net Income": 6
    },
    "2022-12-31": {
        "Diluted EPS": 0.33,
        "Total Revenue": 33,
        "Gross Profit": 12,
        "Operating Income": 6,
        "EBIT": 8,
        "Net Income": 3
    },
    "2022-09-30": {
        "Diluted EPS": -1.08,
        "Total Revenue": 14,
        "Gross Profit": 7,
        "Operating Income": 0,
        "EBIT": 3,
        "Net Income": -11
    },
    "2022-06-30": {
        "Diluted EPS": 0.06,
        "Total Revenue": 17,
        "Gross Profit": 8,
        "Operating Income": 2,
        "EBIT": 4,
        "Net Income": 1
    },
    "2022-03-31": {
        "Diluted EPS": -2.89,
        "Total Revenue": 30,
        "Gross Profit": 15,
        "Operating Income": 7,
        "EBIT": 10,
        "Net Income": -24
    },
    "2021-12-31": {
        "Diluted EPS": 0.43,
        "Total Revenue": 23,
        "Gross Profit": 12,
        "Operating Income": 5,
        "EBIT": 8,
        "Net Income": 4
    },
    "2021-09-30": {
        "Diluted EPS": -0.01,
        "Total Revenue": 13,
        "Gross Profit": 7,
        "Operating Income": 1,
        "EBIT": 3,
        "Net Income": 0
    },
    "2021-06-30": {
        "Diluted EPS": 0.07,
        "Total Revenue": 14,
        "Gross Profit": 8,
        "Operating Income": 2,
        "EBIT": 4,
        "Net Income": 1
    },
    "2021-03-31": {
        "Diluted EPS": 0.58,
        "Total Revenue": 28,
        "Gross Profit": 14,
        "Operating Income": 7,
        "EBIT": 9,
        "Net Income": 5
    },
    "2020-12-31": {
        "Diluted EPS": 0.58,
        "Total Revenue": 20,
        "Gross Profit": 12,
        "Operating Income": 6,
        "EBIT": 8,
        "Net Income": 5
    },
    "2020-09-30": {
        "Diluted EPS": -0.04,
        "Total Revenue": 10,
        "Gross Profit": 6,
        "Operating Income": -1,
        "EBIT": 1,
        "Net Income": 0
    },
    "2020-06-30": {
        "Diluted EPS": 0.15,
        "Total Revenue": 11,
        "Gross Profit": 7,
        "Operating Income": 1,
        "EBIT": 3,
        "Net Income": 1
    },
    "2020-03-31": {
        "Diluted EPS": 0.7,
        "Total Revenue": 22,
        "Gross Profit": 14,
        "Operating Income": 7,
        "EBIT": 9,
        "Net Income": 6
    },
    "2019-12-31": {
        "Diluted EPS": 0.49,
        "Total Revenue": 20,
        "Gross Profit": 12,
        "Operating Income": 5,
        "EBIT": 7,
        "Net Income": 4
    },
    "2019-09-30": {
        "Diluted EPS": 0.06,
        "Total Revenue": 10,
        "Gross Profit": 6,
        "Operating Income": 0,
        "EBIT": 2,
        "Net Income": 0
    },
    "2019-06-30": {
        "Diluted EPS": 0.14,
        "Total Revenue": 12,
        "Gross Profit": 7,
        "Operating Income": 2,
        "EBIT": 4,
        "Net Income": 1
    },
    "2019-03-31": {
        "Diluted EPS": 0.58,
        "Total Revenue": 25,
        "Gross Profit": 12,
        "Operating Income": 6,
        "EBIT": 8,
        "Net Income": 5
    },
    "2018-12-31": {
        "Diluted EPS": 0.3,
        "Total Revenue": 21,
        "Gross Profit": 9,
        "Operating Income": 3,
        "EBIT": 5,
        "Net Income": 2
    },
    "2018-09-30": {
        "Diluted EPS": 0.06,
        "Total Revenue": 10,
        "Gross Profit": 6,
        "Operating Income": 1,
        "EBIT": 3,
        "Net Income": 1
    },
    "2018-06-30": {
        "Diluted EPS": 0.14,
        "Total Revenue": 12,
        "Gross Profit": 7,
        "Operating Income": 2,
        "EBIT": 4,
        "Net Income": 1
    },
    "2018-03-31": {
        "Diluted EPS": 0.47,
        "Total Revenue": 25,
        "Gross Profit": 11,
        "Operating Income": 5,
        "EBIT": 7,
        "Net Income": 3
    },
    "2017-12-31": {
        "Diluted EPS": 0.28,
        "Total Revenue": 19,
        "Gross Profit": 9,
        "Operating Income": 4,
        "EBIT": 5,
        "Net Income": 2
    },
    "2017-09-30": {
        "Diluted EPS": 0.02,
        "Total Revenue": 10,
        "Gross Profit": 6,
        "Operating Income": 1,
        "EBIT": 1,
        "Net Income": 0
    },
    "2017-06-30": {
        "Diluted EPS": 0.08,
        "Total Revenue": 11,
        "Gross Profit": 7,
        "Operating Income": 1,
        "EBIT": 3,
        "Net Income": 1
    },
    "2017-03-31": {
        "Diluted EPS": 0.45,
        "Total Revenue": 22,
        "Gross Profit": 11,
        "Operating Income": 6,
        "EBIT": 7,
        "Net Income": 3
    },
    "2016-12-31": {
        "Diluted EPS": 0.31,
        "Total Revenue": 19,
        "Gross Profit": 9,
        "Operating Income": 4,
        "EBIT": 6,
        "Net Income": 2
    },
    "2016-09-30": {
        "Diluted EPS": 0.01,
        "Total Revenue": 10,
        "Gross Profit": 6,
        "Operating Income": 1,
        "EBIT": 2,
        "Net Income": 0
    },
    "2016-06-30": {
        "Diluted EPS": 0.09,
        "Total Revenue": 11,
        "Gross Profit": 6,
        "Operating Income": 1,
        "EBIT": 3,
        "Net Income": 1
    },
    "2016-03-31": {
        "Diluted EPS": 0.44,
        "Total Revenue": 22,
        "Gross Profit": 11,
        "Operating Income": 5,
        "EBIT": 7,
        "Net Income": 3
    },
    "2015-12-31": {
        "Diluted EPS": 0.27,
        "Total Revenue": 16,
        "Gross Profit": 9,
        "Operating Income": 3,
        "EBIT": 5,
        "Net Income": 2
    },
    "2015-09-30": {
        "Diluted EPS": 0.01,
        "Total Revenue": 10,
        "Gross Profit": 5,
        "Operating Income": 1,
        "EBIT": 2,
        "Net Income": 0
    },
    "2015-06-30": {
        "Diluted EPS": 0.05,
        "Total Revenue": 11,
        "Gross Profit": 6,
        "Operating Income": 1,
        "EBIT": 2,
        "Net Income": 0
    },
    "2015-03-31": {
        "Diluted EPS": 0.39,
        "Total Revenue": 26,
        "Gross Profit": 10,
        "Operating Income": 5,
        "EBIT": 6,
        "Net Income": 3
    },
    "2014-12-31": {
        "Diluted EPS": 0.27,
        "Total Revenue": 21,
        "Gross Profit": 9,
        "Operating Income": 4,
        "EBIT": 5,
        "Net Income": 2
    },
    "2014-09-30": {
        "Diluted EPS": -0.02,
        "Total Revenue": 10,
        "Gross Profit": 5,
        "Operating Income": 0,
        "EBIT": 1,
        "Net Income": 0
    },
    "2014-06-30": {
        "Diluted EPS": 0.04,
        "Total Revenue": 12,
        "Gross Profit": 6,
        "Operating Income": 1,
        "EBIT": 2,
        "Net Income": 0
    },
    "2014-03-31": {
        "Diluted EPS": 0.4,
        "Total Revenue": 33,
        "Gross Profit": 10,
        "Operating Income": 5,
        "EBIT": 6,
        "Net Income": 3
    },
    "2013-12-31": {
        "Diluted EPS": 0.25,
        "Total Revenue": 20,
        "Gross Profit": 8,
        "Operating Income": 3,
        "EBIT": 5,
        "Net Income": 2
    },
    "2013-09-30": {
        "Diluted EPS": -0.01,
        "Total Revenue": 9,
        "Gross Profit": 5,
        "Operating Income": 0,
        "EBIT": 2,
        "Net Income": 0
    },
    "2013-06-30": {
        "Diluted EPS": 0.01,
        "Total Revenue": 11,
        "Gross Profit": 5,
        "Operating Income": 1,
        "EBIT": 2,
        "Net Income": 0
    },
    "2013-03-31": {
        "Diluted EPS": 0.38,
        "Total Revenue": 24,
        "Gross Profit": 10,
        "Operating Income": 5,
        "EBIT": 6,
        "Net Income": 3
    },
    "2012-12-31": {
        "Diluted EPS": 0.22,
        "Total Revenue": 19,
        "Gross Profit": 8,
        "Operating Income": 3,
        "EBIT": 4,
        "Net Income": 2
    },
    "2012-09-30": {
        "Diluted EPS": -0.01,
        "Total Revenue": 9,
        "Gross Profit": 5,
        "Operating Income": 0,
        "EBIT": 1,
        "Net Income": 0
    },
    "2012-06-30": {
        "Diluted EPS": 0.01,
        "Total Revenue": 10,
        "Gross Profit": 5,
        "Operating Income": 1,
        "EBIT": 2,
        "Net Income": 0
    },
    "2012-03-31": {
        "Diluted EPS": 0.35,
        "Total Revenue": 21,
        "Gross Profit": 9,
        "Operating Income": 4,
        "EBIT": 6,
        "Net Income": 2
    },
    "2011-12-31": {
        "Diluted EPS": 0.27,
        "Total Revenue": 18,
        "Gross Profit": 8,
        "Operating Income": 3,
        "EBIT": 5,
        "Net Income": 2
    },
    "2011-09-30": {
        "Diluted EPS": 0.0,
        "Total Revenue": 10,
        "Gross Profit": 5,
        "Operating Income": 0,
        "EBIT": 1,
        "Net Income": 0
    },
    "2011-06-30": {
        "Diluted EPS": 0.03,
        "Total Revenue": 11,
        "Gross Profit": 5,
        "Operating Income": 1,
        "EBIT": 2,
        "Net Income": 0
    },
    "2011-03-31": {
        "Diluted EPS": 0.37,
        "Total Revenue": 27,
        "Gross Profit": 9,
        "Operating Income": 5,
        "EBIT": 6,
        "Net Income": 3
    },
    "2010-12-31": {
        "Diluted EPS": 0.29,
        "Total Revenue": 23,
        "Gross Profit": 8,
        "Operating Income": 4,
        "EBIT": 5,
        "Net Income": 2
    },
    "2010-09-30": {
        "Diluted EPS": -0.02,
        "Total Revenue": 9,
        "Gross Profit": 5,
        "Operating Income": 0,
        "EBIT": 1,
        "Net Income": 0
    },
    "2010-06-30": {
        "Diluted EPS": 0.0,
        "Total Revenue": 10,
        "Gross Profit": 5,
        "Operating Income": 0,
        "EBIT": 1,
        "Net Income": 0
    },
    "2010-03-31": {
        "Diluted EPS": 0.41,
        "Total Revenue": 32,
        "Gross Profit": 9,
        "Operating Income": 5,
        "EBIT": 6,
        "Net Income": 3
    },
    "2009-12-31": {
        "Diluted EPS": 0.27,
        "Total Revenue": 23,
        "Gross Profit": 8,
        "Operating Income": 3,
        "EBIT": 4,
        "Net Income": 2
    },
    "2009-09-30": {
        "Diluted EPS": 0.02,
        "Total Revenue": 9,
        "Gross Profit": 5,
        "Operating Income": 1,
        "EBIT": 1,
        "Net Income": 0
    },
    "2009-06-30": {
        "Diluted EPS": 0.02,
        "Total Revenue": 11,
        "Gross Profit": 5,
        "Operating Income": 1,
        "EBIT": 2,
        "Net Income": 0
    },
    "2009-03-31": {
        "Diluted EPS": 0.4,
        "Total Revenue": 34,
        "Gross Profit": 9,
        "Operating Income": 5,
        "EBIT": 6,
        "Net Income": 3
    }
}