{
    "2023-03-31": {
        "Tax Effect Of Unusual Items": 0.0,
        "Tax Rate For Calcs": 0.237777,
        "Normalized EBITDA": 9716113.0,
        "Total Unusual Items": 0.0,
        "Total Unusual Items Excluding Goodwill": 0.0,
        "Net Income From Continuing Operation Net Minority Interest": 6341886.0,
        "Reconciled Depreciation": 2477083.0,
        "Reconciled Cost Of Revenue": 25322923.0,
        "EBITDA": 9716113.0,
        "EBIT": 9716113.0,
        "Net Interest Income": -1395862.0,
        "Interest Expense": 1395862.0,
        "Normalized Income": 6341886.0,
        "Net Income From Continuing And Discontinued Operation": 6341886.0,
        "Total Expenses": 28438235.0,
        "Total Operating Income As Reported": 9591422.0,
        "Diluted Average Shares": 9918708.0,
        "Basic Average Shares": 9911202.0,
        "Diluted EPS": 0.64,
        "Basic EPS": 0.64,
        "Diluted NI Availto Com Stockholders": 6341886.0,
        "Net Income Common Stockholders": 6341886.0,
        "Net Income": 6341886.0,
        "Net Income Including Noncontrolling Interests": 6341886.0,
        "Net Income Continuous Operations": 6341886.0,
        "Tax Provision": 1978365.0,
        "Pretax Income": 8320251.0,
        "Other Income Expense": 124691.0,
        "Other Non Operating Income Expenses": 121824.0,
        "Special Income Charges": 0.0,
        "Write Off": 0.0,
        "Earnings From Equity Interest": 2867.0,
        "Net Non Operating Interest Income Expense": -1395862.0,
        "Interest Expense Non Operating": 1395862.0,
        "Operating Income": 9591422.0,
        "Operating Expense": 28438235.0,
        "Other Operating Expenses": 28438235.0,
        "Other Taxes": 638229.0,
        "Depreciation Amortization Depletion Income Statement": 2419541.0,
        "Depreciation And Amortization In Income Statement": 2419541.0,
        "Gross Profit": 12649192.0,
        "Cost Of Revenue": 25380465.0,
        "Total Revenue": 38029657.0,
        "Operating Revenue": 38029657.0
    },
    "2022-12-31": {
        "Tax Effect Of Unusual Items": 0.0,
        "Tax Rate For Calcs": 0.234,
        "Normalized EBITDA": 8097407.0,
        "Total Unusual Items": NaN,
        "Total Unusual Items Excluding Goodwill": NaN,
        "Net Income From Continuing Operation Net Minority Interest": 3256405.0,
        "Reconciled Depreciation": 2477084.0,
        "Reconciled Cost Of Revenue": 24671716.0,
        "EBITDA": 8097407.0,
        "EBIT": 5620323.0,
        "Net Interest Income": -1369164.0,
        "Interest Expense": 1369164.0,
        "Normalized Income": 3256405.0,
        "Net Income From Continuing And Discontinued Operation": 3256405.0,
        "Total Expenses": 27737850.0,
        "Total Operating Income As Reported": 5544485.0,
        "Diluted Average Shares": 9837188.0,
        "Basic Average Shares": 9830206.0,
        "Diluted EPS": 0.33,
        "Basic EPS": 0.33,
        "Diluted NI Availto Com Stockholders": 3256405.0,
        "Net Income Common Stockholders": 3256405.0,
        "Net Income": 3256405.0,
        "Net Income Including Noncontrolling Interests": 3256405.0,
        "Net Income Continuous Operations": 3256405.0,
        "Tax Provision": 994754.0,
        "Pretax Income": 4251159.0,
        "Other Income Expense": 75838.0,
        "Other Non Operating Income Expenses": 74606.0,
        "Special Income Charges": NaN,
        "Write Off": NaN,
        "Earnings From Equity Interest": 1232.0,
        "Net Non Operating Interest Income Expense": -1369164.0,
        "Interest Expense Non Operating": 1369164.0,
        "Operating Income": 5544485.0,
        "Operating Expense": 3008591.0,
        "Other Operating Expenses": NaN,
        "Other Taxes": 589050.0,
        "Depreciation Amortization Depletion Income Statement": 2419541.0,
        "Depreciation And Amortization In Income Statement": 2419541.0,
        "Gross Profit": 8553076.0,
        "Cost Of Revenue": 24729259.0,
        "Total Revenue": 33282335.0,
        "Operating Revenue": 33282335.0
    },
    "2022-09-30": {
        "Tax Effect Of Unusual Items": -3974708.214838,
        "Tax Rate For Calcs": 0.260294,
        "Normalized EBITDA": 1024995.0,
        "Total Unusual Items": -15270090.0,
        "Total Unusual Items Excluding Goodwill": -15270090.0,
        "Net Income From Continuing Operation Net Minority Interest": -11415229.0,
        "Reconciled Depreciation": 2248885.0,
        "Reconciled Cost Of Revenue": 10953951.0,
        "EBITDA": -14245095.0,
        "EBIT": -14245095.0,
        "Net Interest Income": -1187015.0,
        "Interest Expense": 1187015.0,
        "Normalized Income": -119847.214838,
        "Net Income From Continuing And Discontinued Operation": -11415229.0,
        "Total Expenses": 13657868.0,
        "Total Operating Income As Reported": 454692.0,
        "Diluted Average Shares": 9815028.0,
        "Basic Average Shares": 9815028.0,
        "Diluted EPS": -1.16,
        "Basic EPS": -1.16,
        "Diluted NI Availto Com Stockholders": -11415229.0,
        "Net Income Common Stockholders": -11415229.0,
        "Net Income": -11415229.0,
        "Net Income Including Noncontrolling Interests": -11415229.0,
        "Net Income Continuous Operations": -11415229.0,
        "Tax Provision": -4016881.0,
        "Pretax Income": -15432110.0,
        "Other Income Expense": -14699787.0,
        "Other Non Operating Income Expenses": 568893.0,
        "Special Income Charges": -15270090.0,
        "Write Off": 15270090.0,
        "Earnings From Equity Interest": 1410.0,
        "Net Non Operating Interest Income Expense": -1187015.0,
        "Interest Expense Non Operating": 1187015.0,
        "Operating Income": 454692.0,
        "Operating Expense": 13657868.0,
        "Other Operating Expenses": 13657868.0,
        "Other Taxes": 455032.0,
        "Depreciation Amortization Depletion Income Statement": 2191203.0,
        "Depreciation And Amortization In Income Statement": 2191203.0,
        "Gross Profit": 3100927.0,
        "Cost Of Revenue": 11011633.0,
        "Total Revenue": 14112560.0,
        "Operating Revenue": 14112560.0
    },
    "2022-06-30": {
        "Tax Effect Of Unusual Items": 0.0,
        "Tax Rate For Calcs": 0.22,
        "Normalized EBITDA": 4138585.0,
        "Total Unusual Items": 0.0,
        "Total Unusual Items Excluding Goodwill": 0.0,
        "Net Income From Continuing Operation Net Minority Interest": 592527.0,
        "Reconciled Depreciation": 2277037.0,
        "Reconciled Cost Of Revenue": 12762981.0,
        "EBITDA": 4138585.0,
        "EBIT": 1861548.0,
        "Net Interest Income": -1102214.0,
        "Interest Expense": 1102214.0,
        "Normalized Income": 592527.0,
        "Net Income From Continuing And Discontinued Operation": 592527.0,
        "Total Expenses": 15619727.0,
        "Total Operating Income As Reported": 1640172.0,
        "Diluted Average Shares": 9804289.0,
        "Basic Average Shares": 9798700.0,
        "Diluted EPS": 0.06,
        "Basic EPS": 0.06,
        "Diluted NI Availto Com Stockholders": 592527.0,
        "Net Income Common Stockholders": 592527.0,
        "Net Income": 592527.0,
        "Net Income Including Noncontrolling Interests": 592527.0,
        "Net Income Continuous Operations": 592527.0,
        "Tax Provision": 166807.0,
        "Pretax Income": 759334.0,
        "Other Income Expense": 221376.0,
        "Other Non Operating Income Expenses": 221141.0,
        "Special Income Charges": 0.0,
        "Write Off": 0.0,
        "Earnings From Equity Interest": 235.0,
        "Net Non Operating Interest Income Expense": -1102214.0,
        "Interest Expense Non Operating": 1102214.0,
        "Operating Income": 1640172.0,
        "Operating Expense": 2798031.0,
        "Other Operating Expenses": NaN,
        "Other Taxes": 579709.0,
        "Depreciation Amortization Depletion Income Statement": 2218322.0,
        "Depreciation And Amortization In Income Statement": 2218322.0,
        "Gross Profit": 4438203.0,
        "Cost Of Revenue": 12821696.0,
        "Total Revenue": 17259899.0,
        "Operating Revenue": 17259899.0
    },
    "2022-03-31": {
        "Diluted EPS": -2.89,
        "Total Revenue": 30,
        "Gross Profit": 15,
        "Operating Income": 7,
        "EBIT": 10,
        "Net Income": -24
    },
    "2021-12-31": {
        "Diluted EPS": 0.43,
        "Total Revenue": 23,
        "Gross Profit": 12,
        "Operating Income": 5,
        "EBIT": 8,
        "Net Income": 4
    },
    "2021-09-30": {
        "Diluted EPS": -0.01,
        "Total Revenue": 13,
        "Gross Profit": 7,
        "Operating Income": 1,
        "EBIT": 3,
        "Net Income": 0
    },
    "2021-06-30": {
        "Diluted EPS": 0.07,
        "Total Revenue": 14,
        "Gross Profit": 8,
        "Operating Income": 2,
        "EBIT": 4,
        "Net Income": 1
    },
    "2021-03-31": {
        "Diluted EPS": 0.58,
        "Total Revenue": 28,
        "Gross Profit": 14,
        "Operating Income": 7,
        "EBIT": 9,
        "Net Income": 5
    },
    "2020-12-31": {
        "Diluted EPS": 0.58,
        "Total Revenue": 20,
        "Gross Profit": 12,
        "Operating Income": 6,
        "EBIT": 8,
        "Net Income": 5
    },
    "2020-09-30": {
        "Diluted EPS": -0.04,
        "Total Revenue": 10,
        "Gross Profit": 6,
        "Operating Income": -1,
        "EBIT": 1,
        "Net Income": 0
    },
    "2020-06-30": {
        "Diluted EPS": 0.15,
        "Total Revenue": 11,
        "Gross Profit": 7,
        "Operating Income": 1,
        "EBIT": 3,
        "Net Income": 1
    },
    "2020-03-31": {
        "Diluted EPS": 0.7,
        "Total Revenue": 22,
        "Gross Profit": 14,
        "Operating Income": 7,
        "EBIT": 9,
        "Net Income": 6
    },
    "2019-12-31": {
        "Diluted EPS": 0.49,
        "Total Revenue": 20,
        "Gross Profit": 12,
        "Operating Income": 5,
        "EBIT": 7,
        "Net Income": 4
    },
    "2019-09-30": {
        "Diluted EPS": 0.06,
        "Total Revenue": 10,
        "Gross Profit": 6,
        "Operating Income": 0,
        "EBIT": 2,
        "Net Income": 0
    },
    "2019-06-30": {
        "Diluted EPS": 0.14,
        "Total Revenue": 12,
        "Gross Profit": 7,
        "Operating Income": 2,
        "EBIT": 4,
        "Net Income": 1
    },
    "2019-03-31": {
        "Diluted EPS": 0.58,
        "Total Revenue": 25,
        "Gross Profit": 12,
        "Operating Income": 6,
        "EBIT": 8,
        "Net Income": 5
    },
    "2018-12-31": {
        "Diluted EPS": 0.3,
        "Total Revenue": 21,
        "Gross Profit": 9,
        "Operating Income": 3,
        "EBIT": 5,
        "Net Income": 2
    },
    "2018-09-30": {
        "Diluted EPS": 0.06,
        "Total Revenue": 10,
        "Gross Profit": 6,
        "Operating Income": 1,
        "EBIT": 3,
        "Net Income": 1
    },
    "2018-06-30": {
        "Diluted EPS": 0.14,
        "Total Revenue": 12,
        "Gross Profit": 7,
        "Operating Income": 2,
        "EBIT": 4,
        "Net Income": 1
    },
    "2018-03-31": {
        "Diluted EPS": 0.47,
        "Total Revenue": 25,
        "Gross Profit": 11,
        "Operating Income": 5,
        "EBIT": 7,
        "Net Income": 3
    },
    "2017-12-31": {
        "Diluted EPS": 0.28,
        "Total Revenue": 19,
        "Gross Profit": 9,
        "Operating Income": 4,
        "EBIT": 5,
        "Net Income": 2
    },
    "2017-09-30": {
        "Diluted EPS": 0.02,
        "Total Revenue": 10,
        "Gross Profit": 6,
        "Operating Income": 1,
        "EBIT": 1,
        "Net Income": 0
    },
    "2017-06-30": {
        "Diluted EPS": 0.08,
        "Total Revenue": 11,
        "Gross Profit": 7,
        "Operating Income": 1,
        "EBIT": 3,
        "Net Income": 1
    },
    "2017-03-31": {
        "Diluted EPS": 0.45,
        "Total Revenue": 22,
        "Gross Profit": 11,
        "Operating Income": 6,
        "EBIT": 7,
        "Net Income": 3
    },
    "2016-12-31": {
        "Diluted EPS": 0.31,
        "Total Revenue": 19,
        "Gross Profit": 9,
        "Operating Income": 4,
        "EBIT": 6,
        "Net Income": 2
    },
    "2016-09-30": {
        "Diluted EPS": 0.01,
        "Total Revenue": 10,
        "Gross Profit": 6,
        "Operating Income": 1,
        "EBIT": 2,
        "Net Income": 0
    },
    "2016-06-30": {
        "Diluted EPS": 0.09,
        "Total Revenue": 11,
        "Gross Profit": 6,
        "Operating Income": 1,
        "EBIT": 3,
        "Net Income": 1
    },
    "2016-03-31": {
        "Diluted EPS": 0.44,
        "Total Revenue": 22,
        "Gross Profit": 11,
        "Operating Income": 5,
        "EBIT": 7,
        "Net Income": 3
    },
    "2015-12-31": {
        "Diluted EPS": 0.27,
        "Total Revenue": 16,
        "Gross Profit": 9,
        "Operating Income": 3,
        "EBIT": 5,
        "Net Income": 2
    },
    "2015-09-30": {
        "Diluted EPS": 0.01,
        "Total Revenue": 10,
        "Gross Profit": 5,
        "Operating Income": 1,
        "EBIT": 2,
        "Net Income": 0
    },
    "2015-06-30": {
        "Diluted EPS": 0.05,
        "Total Revenue": 11,
        "Gross Profit": 6,
        "Operating Income": 1,
        "EBIT": 2,
        "Net Income": 0
    },
    "2015-03-31": {
        "Diluted EPS": 0.39,
        "Total Revenue": 26,
        "Gross Profit": 10,
        "Operating Income": 5,
        "EBIT": 6,
        "Net Income": 3
    },
    "2014-12-31": {
        "Diluted EPS": 0.27,
        "Total Revenue": 21,
        "Gross Profit": 9,
        "Operating Income": 4,
        "EBIT": 5,
        "Net Income": 2
    },
    "2014-09-30": {
        "Diluted EPS": -0.02,
        "Total Revenue": 10,
        "Gross Profit": 5,
        "Operating Income": 0,
        "EBIT": 1,
        "Net Income": 0
    },
    "2014-06-30": {
        "Diluted EPS": 0.04,
        "Total Revenue": 12,
        "Gross Profit": 6,
        "Operating Income": 1,
        "EBIT": 2,
        "Net Income": 0
    },
    "2014-03-31": {
        "Diluted EPS": 0.4,
        "Total Revenue": 33,
        "Gross Profit": 10,
        "Operating Income": 5,
        "EBIT": 6,
        "Net Income": 3
    },
    "2013-12-31": {
        "Diluted EPS": 0.25,
        "Total Revenue": 20,
        "Gross Profit": 8,
        "Operating Income": 3,
        "EBIT": 5,
        "Net Income": 2
    },
    "2013-09-30": {
        "Diluted EPS": -0.01,
        "Total Revenue": 9,
        "Gross Profit": 5,
        "Operating Income": 0,
        "EBIT": 2,
        "Net Income": 0
    },
    "2013-06-30": {
        "Diluted EPS": 0.01,
        "Total Revenue": 11,
        "Gross Profit": 5,
        "Operating Income": 1,
        "EBIT": 2,
        "Net Income": 0
    },
    "2013-03-31": {
        "Diluted EPS": 0.38,
        "Total Revenue": 24,
        "Gross Profit": 10,
        "Operating Income": 5,
        "EBIT": 6,
        "Net Income": 3
    },
    "2012-12-31": {
        "Diluted EPS": 0.22,
        "Total Revenue": 19,
        "Gross Profit": 8,
        "Operating Income": 3,
        "EBIT": 4,
        "Net Income": 2
    },
    "2012-09-30": {
        "Diluted EPS": -0.01,
        "Total Revenue": 9,
        "Gross Profit": 5,
        "Operating Income": 0,
        "EBIT": 1,
        "Net Income": 0
    },
    "2012-06-30": {
        "Diluted EPS": 0.01,
        "Total Revenue": 10,
        "Gross Profit": 5,
        "Operating Income": 1,
        "EBIT": 2,
        "Net Income": 0
    },
    "2012-03-31": {
        "Diluted EPS": 0.35,
        "Total Revenue": 21,
        "Gross Profit": 9,
        "Operating Income": 4,
        "EBIT": 6,
        "Net Income": 2
    },
    "2011-12-31": {
        "Diluted EPS": 0.27,
        "Total Revenue": 18,
        "Gross Profit": 8,
        "Operating Income": 3,
        "EBIT": 5,
        "Net Income": 2
    },
    "2011-09-30": {
        "Diluted EPS": 0.0,
        "Total Revenue": 10,
        "Gross Profit": 5,
        "Operating Income": 0,
        "EBIT": 1,
        "Net Income": 0
    },
    "2011-06-30": {
        "Diluted EPS": 0.03,
        "Total Revenue": 11,
        "Gross Profit": 5,
        "Operating Income": 1,
        "EBIT": 2,
        "Net Income": 0
    },
    "2011-03-31": {
        "Diluted EPS": 0.37,
        "Total Revenue": 27,
        "Gross Profit": 9,
        "Operating Income": 5,
        "EBIT": 6,
        "Net Income": 3
    },
    "2010-12-31": {
        "Diluted EPS": 0.29,
        "Total Revenue": 23,
        "Gross Profit": 8,
        "Operating Income": 4,
        "EBIT": 5,
        "Net Income": 2
    },
    "2010-09-30": {
        "Diluted EPS": -0.02,
        "Total Revenue": 9,
        "Gross Profit": 5,
        "Operating Income": 0,
        "EBIT": 1,
        "Net Income": 0
    },
    "2010-06-30": {
        "Diluted EPS": 0.0,
        "Total Revenue": 10,
        "Gross Profit": 5,
        "Operating Income": 0,
        "EBIT": 1,
        "Net Income": 0
    },
    "2010-03-31": {
        "Diluted EPS": 0.41,
        "Total Revenue": 32,
        "Gross Profit": 9,
        "Operating Income": 5,
        "EBIT": 6,
        "Net Income": 3
    },
    "2009-12-31": {
        "Diluted EPS": 0.27,
        "Total Revenue": 23,
        "Gross Profit": 8,
        "Operating Income": 3,
        "EBIT": 4,
        "Net Income": 2
    },
    "2009-09-30": {
        "Diluted EPS": 0.02,
        "Total Revenue": 9,
        "Gross Profit": 5,
        "Operating Income": 1,
        "EBIT": 1,
        "Net Income": 0
    },
    "2009-06-30": {
        "Diluted EPS": 0.02,
        "Total Revenue": 11,
        "Gross Profit": 5,
        "Operating Income": 1,
        "EBIT": 2,
        "Net Income": 0
    },
    "2009-03-31": {
        "Diluted EPS": 0.4,
        "Total Revenue": 34,
        "Gross Profit": 9,
        "Operating Income": 5,
        "EBIT": 6,
        "Net Income": 3
    },
    "2023-06-30": {
        "Tax Effect Of Unusual Items": 0.0,
        "Tax Rate For Calcs": 0.238,
        "Normalized EBITDA": 4801756.0,
        "Total Unusual Items": 0.0,
        "Total Unusual Items Excluding Goodwill": 0.0,
        "Net Income From Continuing Operation Net Minority Interest": 686816.0,
        "Reconciled Depreciation": 2477084.0,
        "Reconciled Cost Of Revenue": 8795929.0,
        "EBITDA": 4801756.0,
        "EBIT": 2324672.0,
        "Net Interest Income": -1423566.0,
        "Interest Expense": 1423566.0,
        "Normalized Income": 686816.0,
        "Net Income From Continuing And Discontinued Operation": 686816.0,
        "Total Expenses": 11861780.0,
        "Total Operating Income As Reported": 1798465.0,
        "Diluted Average Shares": 9942871.0,
        "Basic Average Shares": 9939843.0,
        "Diluted EPS": 0.07,
        "Basic EPS": 0.07,
        "Diluted NI Availto Com Stockholders": 686816.0,
        "Net Income Common Stockholders": 686816.0,
        "Net Income": 686816.0,
        "Net Income Including Noncontrolling Interests": 686816.0,
        "Net Income Continuous Operations": 686816.0,
        "Tax Provision": 214290.0,
        "Pretax Income": 901106.0,
        "Other Income Expense": 526207.0,
        "Other Non Operating Income Expenses": 6725.0,
        "Special Income Charges": 0.0,
        "Write Off": 0.0,
        "Earnings From Equity Interest": 519482.0,
        "Net Non Operating Interest Income Expense": -1423566.0,
        "Interest Expense Non Operating": 1423566.0,
        "Operating Income": 1798465.0,
        "Operating Expense": 3008308.0,
        "Other Operating Expenses": NaN,
        "Other Taxes": 588767.0,
        "Depreciation Amortization Depletion Income Statement": 2419541.0,
        "Depreciation And Amortization In Income Statement": 2419541.0,
        "Gross Profit": 4806773.0,
        "Cost Of Revenue": 8853472.0,
        "Total Revenue": 13660245.0,
        "Operating Revenue": 13631856.0
    },
    "2023-09-30": {
        "Tax Effect Of Unusual Items": 0.0,
        "Tax Rate For Calcs": 0.230915,
        "Normalized EBITDA": 2748890.0,
        "Total Unusual Items": 0.0,
        "Total Unusual Items Excluding Goodwill": 0.0,
        "Net Income From Continuing Operation Net Minority Interest": 1014175.0,
        "Reconciled Depreciation": NaN,
        "Reconciled Cost Of Revenue": NaN,
        "EBITDA": 2748890.0,
        "EBIT": 2748890.0,
        "Net Interest Income": -1430213.0,
        "Interest Expense": 1430213.0,
        "Normalized Income": 1014175.0,
        "Net Income From Continuing And Discontinued Operation": 1014175.0,
        "Total Expenses": 11723420.0,
        "Total Operating Income As Reported": 744108.0,
        "Diluted Average Shares": 10011039.0,
        "Basic Average Shares": 10009491.0,
        "Diluted EPS": 0.1,
        "Basic EPS": 0.1,
        "Diluted NI Availto Com Stockholders": 1014175.0,
        "Net Income Common Stockholders": 1014175.0,
        "Net Income": 1014175.0,
        "Net Income Including Noncontrolling Interests": 1014175.0,
        "Net Income Continuous Operations": 1014175.0,
        "Tax Provision": 304502.0,
        "Pretax Income": 1318677.0,
        "Other Income Expense": 2004782.0,
        "Other Non Operating Income Expenses": 443373.0,
        "Special Income Charges": 0.0,
        "Write Off": 0.0,
        "Earnings From Equity Interest": 1561409.0,
        "Net Non Operating Interest Income Expense": -1430213.0,
        "Interest Expense Non Operating": 1430213.0,
        "Operating Income": 744108.0,
        "Operating Expense": 11723420.0,
        "Other Operating Expenses": 11723420.0,
        "Other Taxes": NaN,
        "Depreciation Amortization Depletion Income Statement": NaN,
        "Depreciation And Amortization In Income Statement": NaN,
        "Gross Profit": NaN,
        "Cost Of Revenue": NaN,
        "Total Revenue": 12467528.0,
        "Operating Revenue": 12467528.0
    }
}