{
    "2023-03-31": {
        "Tax Effect Of Unusual Items": NaN,
        "Tax Rate For Calcs": NaN,
        "Normalized EBITDA": NaN,
        "Total Unusual Items": NaN,
        "Total Unusual Items Excluding Goodwill": NaN,
        "Net Income From Continuing Operation Net Minority Interest": NaN,
        "Reconciled Depreciation": NaN,
        "Reconciled Cost Of Revenue": NaN,
        "EBITDA": NaN,
        "EBIT": NaN,
        "Net Interest Income": NaN,
        "Interest Expense": NaN,
        "Normalized Income": NaN,
        "Net Income From Continuing And Discontinued Operation": NaN,
        "Total Expenses": NaN,
        "Total Operating Income As Reported": NaN,
        "Diluted Average Shares": NaN,
        "Basic Average Shares": NaN,
        "Diluted EPS": NaN,
        "Basic EPS": NaN,
        "Diluted NI Availto Com Stockholders": NaN,
        "Average Dilution Earnings": 0.0,
        "Net Income Common Stockholders": NaN,
        "Net Income": NaN,
        "Net Income Including Noncontrolling Interests": NaN,
        "Net Income Continuous Operations": NaN,
        "Tax Provision": NaN,
        "Pretax Income": NaN,
        "Other Income Expense": NaN,
        "Other Non Operating Income Expenses": NaN,
        "Special Income Charges": NaN,
        "Restructuring And Mergern Acquisition": NaN,
        "Gain On Sale Of Security": NaN,
        "Net Non Operating Interest Income Expense": NaN,
        "Total Other Finance Cost": NaN,
        "Interest Expense Non Operating": NaN,
        "Operating Income": NaN,
        "Operating Expense": NaN,
        "Research And Development": NaN,
        "Selling General And Administration": NaN,
        "General And Administrative Expense": 56170000.0,
        "Other Gand A": 50294000.0,
        "Salaries And Wages": 5876000.0,
        "Gross Profit": NaN,
        "Cost Of Revenue": NaN,
        "Total Revenue": NaN,
        "Operating Revenue": NaN
    },
    "2022-12-31": {
        "Tax Effect Of Unusual Items": 1698509.738421,
        "Tax Rate For Calcs": 0.080342,
        "Normalized EBITDA": 46495000.0,
        "Total Unusual Items": 21141000.0,
        "Total Unusual Items Excluding Goodwill": 21141000.0,
        "Net Income From Continuing Operation Net Minority Interest": 48729000.0,
        "Reconciled Depreciation": 14380000.0,
        "Reconciled Cost Of Revenue": 90700000.0,
        "EBITDA": 67636000.0,
        "EBIT": 53256000.0,
        "Net Interest Income": -725000.0,
        "Interest Expense": 270000.0,
        "Normalized Income": 29286509.738421,
        "Net Income From Continuing And Discontinued Operation": 48729000.0,
        "Total Expenses": 155050000.0,
        "Total Operating Income As Reported": 48837000.0,
        "Diluted Average Shares": 57105172.0,
        "Basic Average Shares": 55542248.0,
        "Diluted EPS": 0.85,
        "Basic EPS": 0.88,
        "Diluted NI Availto Com Stockholders": 48342000.0,
        "Average Dilution Earnings": NaN,
        "Net Income Common Stockholders": 48729000.0,
        "Net Income": 48729000.0,
        "Net Income Including Noncontrolling Interests": 48729000.0,
        "Net Income Continuous Operations": 48729000.0,
        "Tax Provision": 4257000.0,
        "Pretax Income": 52986000.0,
        "Other Income Expense": 21999000.0,
        "Other Non Operating Income Expenses": 858000.0,
        "Special Income Charges": 17125000.0,
        "Restructuring And Mergern Acquisition": -17125000.0,
        "Gain On Sale Of Security": 4016000.0,
        "Net Non Operating Interest Income Expense": -725000.0,
        "Total Other Finance Cost": 455000.0,
        "Interest Expense Non Operating": 270000.0,
        "Operating Income": 31712000.0,
        "Operating Expense": 64350000.0,
        "Research And Development": 11113000.0,
        "Selling General And Administration": 53237000.0,
        "Gross Profit": 96062000.0,
        "Cost Of Revenue": 90700000.0,
        "Total Revenue": 186762000.0,
        "Operating Revenue": 186762000.0
    },
    "2022-09-30": {
        "Tax Effect Of Unusual Items": NaN,
        "Tax Rate For Calcs": NaN,
        "Normalized EBITDA": NaN,
        "Total Unusual Items": NaN,
        "Total Unusual Items Excluding Goodwill": NaN,
        "Net Income From Continuing Operation Net Minority Interest": NaN,
        "Reconciled Depreciation": NaN,
        "Reconciled Cost Of Revenue": NaN,
        "EBITDA": NaN,
        "EBIT": NaN,
        "Net Interest Income": NaN,
        "Interest Expense": NaN,
        "Normalized Income": NaN,
        "Net Income From Continuing And Discontinued Operation": NaN,
        "Total Expenses": NaN,
        "Total Operating Income As Reported": NaN,
        "Diluted Average Shares": NaN,
        "Basic Average Shares": NaN,
        "Diluted EPS": NaN,
        "Basic EPS": NaN,
        "Diluted NI Availto Com Stockholders": NaN,
        "Average Dilution Earnings": 0.0,
        "Net Income Common Stockholders": NaN,
        "Net Income": NaN,
        "Net Income Including Noncontrolling Interests": NaN,
        "Net Income Continuous Operations": NaN,
        "Tax Provision": NaN,
        "Pretax Income": NaN,
        "Other Income Expense": NaN,
        "Other Non Operating Income Expenses": NaN,
        "Special Income Charges": NaN,
        "Restructuring And Mergern Acquisition": NaN,
        "Gain On Sale Of Security": NaN,
        "Net Non Operating Interest Income Expense": NaN,
        "Total Other Finance Cost": NaN,
        "Interest Expense Non Operating": NaN,
        "Operating Income": NaN,
        "Operating Expense": NaN,
        "Research And Development": NaN,
        "Selling General And Administration": NaN,
        "General And Administrative Expense": NaN,
        "Other Gand A": NaN,
        "Salaries And Wages": NaN,
        "Gross Profit": NaN,
        "Cost Of Revenue": NaN,
        "Total Revenue": NaN,
        "Operating Revenue": NaN
    },
    "2022-06-30": {
        "Tax Effect Of Unusual Items": 1260272.0,
        "Tax Rate For Calcs": 0.166,
        "Normalized EBITDA": 64534000.0,
        "Total Unusual Items": 7592000.0,
        "Total Unusual Items Excluding Goodwill": 7592000.0,
        "Net Income From Continuing Operation Net Minority Interest": 49861000.0,
        "Reconciled Depreciation": 12099000.0,
        "Reconciled Cost Of Revenue": 86260000.0,
        "EBITDA": 72126000.0,
        "EBIT": 60027000.0,
        "Net Interest Income": -724000.0,
        "Interest Expense": 271000.0,
        "Normalized Income": 43529272.0,
        "Net Income From Continuing And Discontinued Operation": 49861000.0,
        "Total Expenses": 151349000.0,
        "Total Operating Income As Reported": 63168000.0,
        "Diluted Average Shares": 56721000.0,
        "Basic Average Shares": 55444000.0,
        "Diluted EPS": 0.88,
        "Basic EPS": 0.9,
        "Diluted NI Availto Com Stockholders": 49861000.0,
        "Average Dilution Earnings": 0.0,
        "Net Income Common Stockholders": 49861000.0,
        "Net Income": 49861000.0,
        "Net Income Including Noncontrolling Interests": 49861000.0,
        "Net Income Continuous Operations": 49861000.0,
        "Tax Provision": 9895000.0,
        "Pretax Income": 59756000.0,
        "Other Income Expense": 4196000.0,
        "Other Non Operating Income Expenses": -3396000.0,
        "Special Income Charges": 6884000.0,
        "Restructuring And Mergern Acquisition": -6884000.0,
        "Gain On Sale Of Security": 708000.0,
        "Net Non Operating Interest Income Expense": -724000.0,
        "Total Other Finance Cost": 453000.0,
        "Interest Expense Non Operating": 271000.0,
        "Operating Income": 56284000.0,
        "Operating Expense": 65089000.0,
        "Research And Development": 10440000.0,
        "Selling General And Administration": 54649000.0,
        "Gross Profit": 121373000.0,
        "Cost Of Revenue": 86260000.0,
        "Total Revenue": 207633000.0,
        "Operating Revenue": 207633000.0
    },
    "2023-06-30": {
        "Tax Effect Of Unusual Items": NaN,
        "Tax Rate For Calcs": NaN,
        "Normalized EBITDA": NaN,
        "Total Unusual Items": NaN,
        "Total Unusual Items Excluding Goodwill": NaN,
        "Net Income From Continuing Operation Net Minority Interest": NaN,
        "Reconciled Depreciation": NaN,
        "Reconciled Cost Of Revenue": NaN,
        "EBITDA": NaN,
        "EBIT": NaN,
        "Net Interest Income": NaN,
        "Interest Expense": NaN,
        "Normalized Income": NaN,
        "Net Income From Continuing And Discontinued Operation": NaN,
        "Total Expenses": NaN,
        "Total Operating Income As Reported": NaN,
        "Diluted Average Shares": NaN,
        "Basic Average Shares": NaN,
        "Diluted EPS": NaN,
        "Basic EPS": NaN,
        "Diluted NI Availto Com Stockholders": NaN,
        "Average Dilution Earnings": 0.0,
        "Net Income Common Stockholders": NaN,
        "Net Income": NaN,
        "Net Income Including Noncontrolling Interests": NaN,
        "Net Income Continuous Operations": NaN,
        "Tax Provision": NaN,
        "Pretax Income": NaN,
        "Other Income Expense": NaN,
        "Other Non Operating Income Expenses": NaN,
        "Special Income Charges": NaN,
        "Restructuring And Mergern Acquisition": NaN,
        "Gain On Sale Of Security": NaN,
        "Net Non Operating Interest Income Expense": NaN,
        "Total Other Finance Cost": NaN,
        "Interest Expense Non Operating": NaN,
        "Operating Income": NaN,
        "Operating Expense": NaN,
        "Research And Development": NaN,
        "Selling General And Administration": NaN,
        "General And Administrative Expense": NaN,
        "Other Gand A": NaN,
        "Salaries And Wages": NaN,
        "Gross Profit": NaN,
        "Cost Of Revenue": NaN,
        "Total Revenue": NaN,
        "Operating Revenue": NaN
    },
    "2022-03-31": {
        "Diluted EPS": 0.81,
        "Total Revenue": 206,
        "Gross Profit": 124,
        "Operating Income": 60,
        "EBIT": 72,
        "Net Income": 47
    },
    "2021-12-31": {
        "Diluted EPS": 0.5,
        "Total Revenue": 187,
        "Gross Profit": 104,
        "Operating Income": 37,
        "EBIT": 51,
        "Net Income": 29
    },
    "2021-09-30": {
        "Diluted EPS": 0.58,
        "Total Revenue": 178,
        "Gross Profit": 103,
        "Operating Income": 45,
        "EBIT": 58,
        "Net Income": 33
    },
    "2021-06-30": {
        "Diluted EPS": 0.64,
        "Total Revenue": 163,
        "Gross Profit": 101,
        "Operating Income": 48,
        "EBIT": 60,
        "Net Income": 36
    },
    "2021-03-31": {
        "Diluted EPS": 0.52,
        "Total Revenue": 143,
        "Gross Profit": 83,
        "Operating Income": 36,
        "EBIT": 48,
        "Net Income": 29
    },
    "2020-12-31": {
        "Diluted EPS": 0.36,
        "Total Revenue": 109,
        "Gross Profit": 60,
        "Operating Income": 17,
        "EBIT": 28,
        "Net Income": 20
    },
    "2020-09-30": {
        "Diluted EPS": 0.27,
        "Total Revenue": 94,
        "Gross Profit": 54,
        "Operating Income": 21,
        "EBIT": 30,
        "Net Income": 15
    },
    "2020-06-30": {
        "Diluted EPS": 0.3,
        "Total Revenue": 87,
        "Gross Profit": 51,
        "Operating Income": 20,
        "EBIT": 29,
        "Net Income": 16
    },
    "2020-03-31": {
        "Diluted EPS": 0.18,
        "Total Revenue": 76,
        "Gross Profit": 44,
        "Operating Income": 12,
        "EBIT": 21,
        "Net Income": 10
    },
    "2019-12-31": {
        "Diluted EPS": 0.07,
        "Total Revenue": 69,
        "Gross Profit": 39,
        "Operating Income": 6,
        "EBIT": 20,
        "Net Income": 4
    },
    "2019-09-30": {
        "Diluted EPS": 0.03,
        "Total Revenue": 69,
        "Gross Profit": 38,
        "Operating Income": 8,
        "EBIT": 14,
        "Net Income": 2
    },
    "2019-06-30": {
        "Diluted EPS": 0.17,
        "Total Revenue": 71,
        "Gross Profit": 40,
        "Operating Income": 11,
        "EBIT": 16,
        "Net Income": 8
    },
    "2019-03-31": {
        "Diluted EPS": 0.17,
        "Total Revenue": 61,
        "Gross Profit": 34,
        "Operating Income": 11,
        "EBIT": 15,
        "Net Income": 8
    },
    "2018-12-31": {
        "Diluted EPS": 0.13,
        "Total Revenue": 52,
        "Gross Profit": 28,
        "Operating Income": 8,
        "EBIT": 16,
        "Net Income": 6
    },
    "2018-09-30": {
        "Diluted EPS": 0.1,
        "Total Revenue": 50,
        "Gross Profit": 27,
        "Operating Income": 8,
        "EBIT": 12,
        "Net Income": 5
    },
    "2018-06-30": {
        "Diluted EPS": 0.06,
        "Total Revenue": 48,
        "Gross Profit": 27,
        "Operating Income": 4,
        "EBIT": 8,
        "Net Income": 3
    },
    "2018-03-31": {
        "Diluted EPS": 0.08,
        "Total Revenue": 45,
        "Gross Profit": 25,
        "Operating Income": 6,
        "EBIT": 10,
        "Net Income": 3
    },
    "2017-12-31": {
        "Diluted EPS": 0.28,
        "Total Revenue": 42,
        "Gross Profit": 22,
        "Operating Income": 3,
        "EBIT": 7,
        "Net Income": 12
    },
    "2017-09-30": {
        "Diluted EPS": 0.11,
        "Total Revenue": 37,
        "Gross Profit": 17,
        "Operating Income": 0,
        "EBIT": 3,
        "Net Income": 5
    },
    "2017-06-30": {
        "Diluted EPS": 0.24,
        "Total Revenue": 32,
        "Gross Profit": 19,
        "Operating Income": 5,
        "EBIT": 7,
        "Net Income": 8
    },
    "2017-03-31": {
        "Diluted EPS": 0.09,
        "Total Revenue": 31,
        "Gross Profit": 17,
        "Operating Income": 6,
        "EBIT": 7,
        "Net Income": 3
    },
    "2016-12-31": {
        "Diluted EPS": 0.15,
        "Total Revenue": 26,
        "Gross Profit": 13,
        "Operating Income": 3,
        "EBIT": 4,
        "Net Income": 5
    },
    "2016-09-30": {
        "Diluted EPS": 0.03,
        "Total Revenue": 25,
        "Gross Profit": 13,
        "Operating Income": 4,
        "EBIT": 5,
        "Net Income": 1
    },
    "2016-06-30": {
        "Diluted EPS": 0.11,
        "Total Revenue": 29,
        "Gross Profit": 17,
        "Operating Income": 6,
        "EBIT": 7,
        "Net Income": 4
    },
    "2016-03-31": {
        "Diluted EPS": 0.05,
        "Total Revenue": 25,
        "Gross Profit": 14,
        "Operating Income": 3,
        "EBIT": 5,
        "Net Income": 2
    },
    "2015-12-31": {
        "Diluted EPS": 0.0,
        "Total Revenue": 21,
        "Gross Profit": 11,
        "Operating Income": 1,
        "EBIT": 3,
        "Net Income": 0
    },
    "2015-09-30": {
        "Diluted EPS": 0.08,
        "Total Revenue": 20,
        "Gross Profit": 11,
        "Operating Income": 4,
        "EBIT": 5,
        "Net Income": 3
    },
    "2015-06-30": {
        "Diluted EPS": 0.11,
        "Total Revenue": 21,
        "Gross Profit": 13,
        "Operating Income": 5,
        "EBIT": 6,
        "Net Income": 4
    },
    "2015-03-31": {
        "Diluted EPS": 0.09,
        "Total Revenue": 21,
        "Gross Profit": 13,
        "Operating Income": 4,
        "EBIT": 5,
        "Net Income": 3
    },
    "2014-12-31": {
        "Diluted EPS": -0.01,
        "Total Revenue": 16,
        "Gross Profit": 8,
        "Operating Income": 0,
        "EBIT": 1,
        "Net Income": 0
    },
    "2014-09-30": {
        "Diluted EPS": 0.04,
        "Total Revenue": 15,
        "Gross Profit": 8,
        "Operating Income": 2,
        "EBIT": 3,
        "Net Income": 1
    },
    "2014-06-30": {
        "Diluted EPS": 0.09,
        "Total Revenue": 16,
        "Gross Profit": 9,
        "Operating Income": 3,
        "EBIT": 4,
        "Net Income": 3
    },
    "2014-03-31": {
        "Diluted EPS": 0.13,
        "Total Revenue": 16,
        "Gross Profit": 10,
        "Operating Income": 5,
        "EBIT": 6,
        "Net Income": 4
    },
    "2013-12-31": {
        "Diluted EPS": 0.11,
        "Total Revenue": 15,
        "Gross Profit": 10,
        "Operating Income": 5,
        "EBIT": 6,
        "Net Income": 3
    },
    "2013-09-30": {
        "Diluted EPS": 0.18,
        "Total Revenue": 19,
        "Gross Profit": 12,
        "Operating Income": 8,
        "EBIT": 9,
        "Net Income": 6
    },
    "2013-06-30": {
        "Diluted EPS": 0.14,
        "Total Revenue": 18,
        "Gross Profit": 12,
        "Operating Income": 6,
        "EBIT": 7,
        "Net Income": 5
    },
    "2013-03-31": {
        "Diluted EPS": 0.07,
        "Total Revenue": 16,
        "Gross Profit": 9,
        "Operating Income": 4,
        "EBIT": 4,
        "Net Income": 2
    },
    "2012-12-31": {
        "Diluted EPS": 0.3,
        "Total Revenue": 19,
        "Gross Profit": 12,
        "Operating Income": 6,
        "EBIT": 7,
        "Net Income": 10
    },
    "2012-09-30": {
        "Diluted EPS": 0.06,
        "Total Revenue": 15,
        "Gross Profit": 8,
        "Operating Income": 2,
        "EBIT": 3,
        "Net Income": 2
    },
    "2012-06-30": {
        "Diluted EPS": 0.05,
        "Total Revenue": 16,
        "Gross Profit": 8,
        "Operating Income": 1,
        "EBIT": 2,
        "Net Income": 2
    },
    "2012-03-31": {
        "Diluted EPS": 0.04,
        "Total Revenue": 13,
        "Gross Profit": 7,
        "Operating Income": 1,
        "EBIT": 2,
        "Net Income": 1
    },
    "2011-12-31": {
        "Diluted EPS": 0.0,
        "Total Revenue": NaN,
        "Gross Profit": NaN,
        "Operating Income": NaN,
        "EBIT": NaN,
        "Net Income": NaN
    },
    "2011-09-30": {
        "Diluted EPS": 0.02,
        "Total Revenue": 9,
        "Gross Profit": 6,
        "Operating Income": 1,
        "EBIT": 1,
        "Net Income": 1
    },
    "2011-06-30": {
        "Diluted EPS": 0.0,
        "Total Revenue": 8,
        "Gross Profit": 6,
        "Operating Income": 0,
        "EBIT": 0,
        "Net Income": 0
    },
    "2011-03-31": {
        "Diluted EPS": -0.07,
        "Total Revenue": 6,
        "Gross Profit": 4,
        "Operating Income": -2,
        "EBIT": -2,
        "Net Income": -2
    },
    "2010-12-31": {
        "Diluted EPS": 0.01,
        "Total Revenue": 7,
        "Gross Profit": 5,
        "Operating Income": 7,
        "EBIT": 8,
        "Net Income": 0
    },
    "2010-09-30": {
        "Diluted EPS": 0.02,
        "Total Revenue": 7,
        "Gross Profit": 5,
        "Operating Income": 1,
        "EBIT": 1,
        "Net Income": 1
    },
    "2010-06-30": {
        "Diluted EPS": 0.03,
        "Total Revenue": 7,
        "Gross Profit": 5,
        "Operating Income": 1,
        "EBIT": 1,
        "Net Income": 1
    },
    "2010-03-31": {
        "Diluted EPS": 0.0,
        "Total Revenue": NaN,
        "Gross Profit": NaN,
        "Operating Income": NaN,
        "EBIT": NaN,
        "Net Income": NaN
    },
    "2009-12-31": {
        "Diluted EPS": -0.01,
        "Total Revenue": 6,
        "Gross Profit": 4,
        "Operating Income": 6,
        "EBIT": 6,
        "Net Income": 0
    },
    "2009-09-30": {
        "Diluted EPS": -0.03,
        "Total Revenue": 5,
        "Gross Profit": 4,
        "Operating Income": -1,
        "EBIT": -1,
        "Net Income": -1
    },
    "2009-06-30": {
        "Diluted EPS": -0.04,
        "Total Revenue": 5,
        "Gross Profit": 3,
        "Operating Income": -1,
        "EBIT": -1,
        "Net Income": -1
    },
    "2009-03-31": {
        "Diluted EPS": 0.0,
        "Total Revenue": NaN,
        "Gross Profit": NaN,
        "Operating Income": NaN,
        "EBIT": NaN,
        "Net Income": NaN
    },
    "2023-09-30": {
        "Tax Effect Of Unusual Items": 8600340.0,
        "Tax Rate For Calcs": 0.21,
        "Normalized EBITDA": -9343000.0,
        "Total Unusual Items": 40954000.0,
        "Total Unusual Items Excluding Goodwill": 40954000.0,
        "Net Income From Continuing Operation Net Minority Interest": 16923000.0,
        "Reconciled Depreciation": 19822000.0,
        "Reconciled Cost Of Revenue": 104634000.0,
        "EBITDA": 31611000.0,
        "EBIT": 11789000.0,
        "Net Interest Income": -867000.0,
        "Interest Expense": 408000.0,
        "Normalized Income": -15430660.0,
        "Net Income From Continuing And Discontinued Operation": 16923000.0,
        "Total Expenses": 170793000.0,
        "Total Operating Income As Reported": 4691000.0,
        "Diluted Average Shares": 56940000.0,
        "Basic Average Shares": 55766000.0,
        "Diluted EPS": 0.3,
        "Basic EPS": 0.3,
        "Diluted NI Availto Com Stockholders": 16923000.0,
        "Average Dilution Earnings": 0.0,
        "Net Income Common Stockholders": 16923000.0,
        "Net Income": 16923000.0,
        "Net Income Including Noncontrolling Interests": 16923000.0,
        "Net Income Continuous Operations": 16923000.0,
        "Tax Provision": -5542000.0,
        "Pretax Income": 11381000.0,
        "Other Income Expense": 41849000.0,
        "Other Non Operating Income Expenses": 895000.0,
        "Special Income Charges": 34292000.0,
        "Restructuring And Mergern Acquisition": -34292000.0,
        "Gain On Sale Of Security": 6662000.0,
        "Net Non Operating Interest Income Expense": -867000.0,
        "Total Other Finance Cost": 459000.0,
        "Interest Expense Non Operating": 408000.0,
        "Operating Income": -29601000.0,
        "Operating Expense": 66159000.0,
        "Research And Development": 10577000.0,
        "Selling General And Administration": 55582000.0,
        "General And Administrative Expense": NaN,
        "Other Gand A": NaN,
        "Salaries And Wages": NaN,
        "Gross Profit": 36558000.0,
        "Cost Of Revenue": 104634000.0,
        "Total Revenue": 141192000.0,
        "Operating Revenue": 141192000.0
    },
    "2023-12-31": {
        "Tax Effect Of Unusual Items": -1543500.0,
        "Tax Rate For Calcs": 0.21,
        "Normalized EBITDA": 16874000.0,
        "Total Unusual Items": -7350000.0,
        "Total Unusual Items Excluding Goodwill": -7350000.0,
        "Net Income From Continuing Operation Net Minority Interest": -25488000.0,
        "Reconciled Depreciation": 17143000.0,
        "Reconciled Cost Of Revenue": 88136000.0,
        "EBITDA": 9524000.0,
        "EBIT": -7619000.0,
        "Net Interest Income": -7840000.0,
        "Interest Expense": 1138000.0,
        "Normalized Income": -19681500.0,
        "Net Income From Continuing And Discontinued Operation": -25488000.0,
        "Total Expenses": 155933000.0,
        "Total Operating Income As Reported": -887000.0,
        "Diluted Average Shares": 55815666.0,
        "Basic Average Shares": 55815666.0,
        "Diluted EPS": -0.46,
        "Basic EPS": -0.46,
        "Diluted NI Availto Com Stockholders": -25488000.0,
        "Average Dilution Earnings": NaN,
        "Net Income Common Stockholders": -25488000.0,
        "Net Income": -25488000.0,
        "Net Income Including Noncontrolling Interests": -25488000.0,
        "Net Income Continuous Operations": -25488000.0,
        "Tax Provision": 16731000.0,
        "Pretax Income": -8757000.0,
        "Other Income Expense": -727000.0,
        "Other Non Operating Income Expenses": 6623000.0,
        "Special Income Charges": -13373000.0,
        "Restructuring And Mergern Acquisition": 697000.0,
        "Gain On Sale Of Security": 6023000.0,
        "Net Non Operating Interest Income Expense": -7840000.0,
        "Total Other Finance Cost": 6702000.0,
        "Interest Expense Non Operating": 1138000.0,
        "Operating Income": -190000.0,
        "Operating Expense": 67797000.0,
        "Research And Development": 10285000.0,
        "Selling General And Administration": 57512000.0,
        "General And Administrative Expense": NaN,
        "Other Gand A": NaN,
        "Salaries And Wages": NaN,
        "Gross Profit": 67607000.0,
        "Cost Of Revenue": 88136000.0,
        "Total Revenue": 155743000.0,
        "Operating Revenue": 155743000.0
    },
    "2024-03-31": {
        "Tax Effect Of Unusual Items": 971097.97023,
        "Tax Rate For Calcs": 0.107984,
        "Normalized EBITDA": 16640000.0,
        "Total Unusual Items": 8993000.0,
        "Total Unusual Items Excluding Goodwill": 8993000.0,
        "Net Income From Continuing Operation Net Minority Interest": 3296000.0,
        "Reconciled Depreciation": 16909000.0,
        "Reconciled Cost Of Revenue": 76391000.0,
        "EBITDA": 25633000.0,
        "EBIT": 8724000.0,
        "Net Interest Income": -5512000.0,
        "Interest Expense": 5029000.0,
        "Normalized Income": -4725902.02977,
        "Net Income From Continuing And Discontinued Operation": 3296000.0,
        "Total Expenses": 149432000.0,
        "Total Operating Income As Reported": 3750000.0,
        "Diluted Average Shares": 56531000.0,
        "Basic Average Shares": 55791000.0,
        "Diluted EPS": 0.06,
        "Basic EPS": 0.06,
        "Diluted NI Availto Com Stockholders": 3296000.0,
        "Average Dilution Earnings": NaN,
        "Net Income Common Stockholders": 3296000.0,
        "Net Income": 3296000.0,
        "Net Income Including Noncontrolling Interests": 3296000.0,
        "Net Income Continuous Operations": 3296000.0,
        "Tax Provision": 399000.0,
        "Pretax Income": 3695000.0,
        "Other Income Expense": 5457000.0,
        "Other Non Operating Income Expenses": -3536000.0,
        "Special Income Charges": 0.0,
        "Restructuring And Mergern Acquisition": 0.0,
        "Gain On Sale Of Security": 8993000.0,
        "Net Non Operating Interest Income Expense": -5512000.0,
        "Total Other Finance Cost": 483000.0,
        "Interest Expense Non Operating": 5029000.0,
        "Operating Income": 3750000.0,
        "Operating Expense": 73041000.0,
        "Research And Development": 11238000.0,
        "Selling General And Administration": 61803000.0,
        "General And Administrative Expense": 60986000.0,
        "Other Gand A": 53758000.0,
        "Salaries And Wages": 7228000.0,
        "Gross Profit": 76791000.0,
        "Cost Of Revenue": 76391000.0,
        "Total Revenue": 153182000.0,
        "Operating Revenue": 153182000.0
    },
    "2024-06-30": {
        "Tax Effect Of Unusual Items": 3454974.410103,
        "Tax Rate For Calcs": 0.367121,
        "Normalized EBITDA": 21709000.0,
        "Total Unusual Items": 9411000.0,
        "Total Unusual Items Excluding Goodwill": 9411000.0,
        "Net Income From Continuing Operation Net Minority Interest": 5713000.0,
        "Reconciled Depreciation": 16975000.0,
        "Reconciled Cost Of Revenue": 77314000.0,
        "EBITDA": 31120000.0,
        "EBIT": 14145000.0,
        "Net Interest Income": -5638000.0,
        "Interest Expense": 5118000.0,
        "Normalized Income": -243025.589897,
        "Net Income From Continuing And Discontinued Operation": 5713000.0,
        "Total Expenses": 153370000.0,
        "Total Operating Income As Reported": 5469000.0,
        "Diluted Average Shares": 56434000.0,
        "Basic Average Shares": 55884000.0,
        "Diluted EPS": 0.1,
        "Basic EPS": 0.1,
        "Diluted NI Availto Com Stockholders": 5713000.0,
        "Average Dilution Earnings": NaN,
        "Net Income Common Stockholders": 5713000.0,
        "Net Income": 5713000.0,
        "Net Income Including Noncontrolling Interests": 5713000.0,
        "Net Income Continuous Operations": 5713000.0,
        "Tax Provision": 3314000.0,
        "Pretax Income": 9027000.0,
        "Other Income Expense": 9196000.0,
        "Other Non Operating Income Expenses": -215000.0,
        "Special Income Charges": 0.0,
        "Restructuring And Mergern Acquisition": 0.0,
        "Gain On Sale Of Security": 9411000.0,
        "Net Non Operating Interest Income Expense": -5638000.0,
        "Total Other Finance Cost": 520000.0,
        "Interest Expense Non Operating": 5118000.0,
        "Operating Income": 5469000.0,
        "Operating Expense": 76056000.0,
        "Research And Development": 10575000.0,
        "Selling General And Administration": 65481000.0,
        "General And Administrative Expense": NaN,
        "Other Gand A": NaN,
        "Salaries And Wages": NaN,
        "Gross Profit": 81525000.0,
        "Cost Of Revenue": 77314000.0,
        "Total Revenue": 158839000.0,
        "Operating Revenue": 158839000.0
    },
    "2024-09-30": {
        "Tax Effect Of Unusual Items": 1917300.0,
        "Tax Rate For Calcs": 0.21,
        "Normalized EBITDA": 12265000.0,
        "Total Unusual Items": 9130000.0,
        "Total Unusual Items Excluding Goodwill": 9130000.0,
        "Net Income From Continuing Operation Net Minority Interest": -654000.0,
        "Reconciled Depreciation": 17422000.0,
        "Reconciled Cost Of Revenue": 77383000.0,
        "EBITDA": 21395000.0,
        "EBIT": 3973000.0,
        "Net Interest Income": -5551000.0,
        "Interest Expense": 5122000.0,
        "Normalized Income": -7866700.0,
        "Net Income From Continuing And Discontinued Operation": -654000.0,
        "Total Expenses": 162703000.0,
        "Total Operating Income As Reported": -7832000.0,
        "Diluted Average Shares": 56012000.0,
        "Basic Average Shares": 56012000.0,
        "Diluted EPS": -0.01,
        "Basic EPS": -0.01,
        "Diluted NI Availto Com Stockholders": -654000.0,
        "Average Dilution Earnings": NaN,
        "Net Income Common Stockholders": -654000.0,
        "Net Income": -654000.0,
        "Net Income Including Noncontrolling Interests": -654000.0,
        "Net Income Continuous Operations": -654000.0,
        "Tax Provision": -495000.0,
        "Pretax Income": -1149000.0,
        "Other Income Expense": 12234000.0,
        "Other Non Operating Income Expenses": 3104000.0,
        "Special Income Charges": 0.0,
        "Restructuring And Mergern Acquisition": 0.0,
        "Gain On Sale Of Security": 9130000.0,
        "Net Non Operating Interest Income Expense": -5551000.0,
        "Total Other Finance Cost": 429000.0,
        "Interest Expense Non Operating": 5122000.0,
        "Operating Income": -7832000.0,
        "Operating Expense": 85320000.0,
        "Research And Development": 9710000.0,
        "Selling General And Administration": 75610000.0,
        "General And Administrative Expense": NaN,
        "Other Gand A": NaN,
        "Salaries And Wages": NaN,
        "Gross Profit": 77488000.0,
        "Cost Of Revenue": 77383000.0,
        "Total Revenue": 154871000.0,
        "Operating Revenue": 154871000.0
    }
}