{
    "2023-03-31": {
        "Tax Effect Of Unusual Items": 0.0,
        "Tax Rate For Calcs": 0.0,
        "Normalized EBITDA": -8804000.0,
        "Net Income From Continuing Operation Net Minority Interest": -3693000.0,
        "Reconciled Depreciation": 1591000.0,
        "Reconciled Cost Of Revenue": 24810000.0,
        "EBITDA": -8804000.0,
        "EBIT": -10395000.0,
        "Net Interest Income": -3282000.0,
        "Interest Expense": 3282000.0,
        "Normalized Income": -3693000.0,
        "Net Income From Continuing And Discontinued Operation": -3693000.0,
        "Total Expenses": 40541000.0,
        "Total Operating Income As Reported": -10743000.0,
        "Diluted Average Shares": 6992101.0,
        "Basic Average Shares": 6992101.0,
        "Diluted EPS": -0.53,
        "Basic EPS": -0.53,
        "Diluted NI Availto Com Stockholders": -3693000.0,
        "Net Income Common Stockholders": -3693000.0,
        "Net Income": -3693000.0,
        "Minority Interests": 9984000.0,
        "Net Income Including Noncontrolling Interests": -13677000.0,
        "Net Income Continuous Operations": -13677000.0,
        "Tax Provision": 0.0,
        "Pretax Income": -13677000.0,
        "Other Income Expense": 348000.0,
        "Other Non Operating Income Expenses": 348000.0,
        "Net Non Operating Interest Income Expense": -3282000.0,
        "Interest Expense Non Operating": 3282000.0,
        "Operating Income": -10743000.0,
        "Operating Expense": 15731000.0,
        "Selling General And Administration": 15731000.0,
        "Selling And Marketing Expense": 7058000.0,
        "General And Administrative Expense": 8673000.0,
        "Other Gand A": 8673000.0,
        "Gross Profit": 4988000.0,
        "Cost Of Revenue": 24810000.0,
        "Total Revenue": 29798000.0,
        "Operating Revenue": 29798000.0
    },
    "2022-12-31": {
        "Tax Effect Of Unusual Items": 0.0,
        "Tax Rate For Calcs": 0.0,
        "Normalized EBITDA": -7708000.0,
        "Net Income From Continuing Operation Net Minority Interest": -2880000.0,
        "Reconciled Depreciation": 1426000.0,
        "Reconciled Cost Of Revenue": 30770000.0,
        "EBITDA": -7708000.0,
        "EBIT": -9134000.0,
        "Net Interest Income": -2771000.0,
        "Interest Expense": 2771000.0,
        "Normalized Income": -2880000.0,
        "Net Income From Continuing And Discontinued Operation": -2880000.0,
        "Total Expenses": 44931000.0,
        "Total Operating Income As Reported": -9278000.0,
        "Diluted Average Shares": 6251706.0,
        "Basic Average Shares": 6251706.0,
        "Diluted EPS": -0.46,
        "Basic EPS": -0.46,
        "Diluted NI Availto Com Stockholders": -2881000.0,
        "Net Income Common Stockholders": -2881000.0,
        "Net Income": -2880000.0,
        "Minority Interests": 9025000.0,
        "Net Income Including Noncontrolling Interests": -11905000.0,
        "Net Income Continuous Operations": -11905000.0,
        "Tax Provision": 0.0,
        "Pretax Income": -11905000.0,
        "Other Income Expense": NaN,
        "Other Non Operating Income Expenses": NaN,
        "Net Non Operating Interest Income Expense": -2771000.0,
        "Interest Expense Non Operating": 2771000.0,
        "Operating Income": -9278000.0,
        "Operating Expense": 14161000.0,
        "Selling General And Administration": 14161000.0,
        "Selling And Marketing Expense": 7159000.0,
        "General And Administrative Expense": 7002000.0,
        "Other Gand A": 7002000.0,
        "Gross Profit": 4883000.0,
        "Cost Of Revenue": 30770000.0,
        "Total Revenue": 35653000.0,
        "Operating Revenue": 35653000.0
    },
    "2022-09-30": {
        "Tax Effect Of Unusual Items": 0.0,
        "Tax Rate For Calcs": 0.0,
        "Normalized EBITDA": -10648000.0,
        "Net Income From Continuing Operation Net Minority Interest": -3148000.0,
        "Reconciled Depreciation": 971000.0,
        "Reconciled Cost Of Revenue": 35782000.0,
        "EBITDA": -10648000.0,
        "EBIT": -10648000.0,
        "Net Interest Income": -2469000.0,
        "Interest Expense": 2469000.0,
        "Normalized Income": -3148000.0,
        "Net Income From Continuing And Discontinued Operation": -3148000.0,
        "Total Expenses": 48198000.0,
        "Total Operating Income As Reported": -10648000.0,
        "Diluted Average Shares": 6180592.0,
        "Basic Average Shares": 6180592.0,
        "Diluted EPS": -0.51,
        "Basic EPS": -0.51,
        "Diluted NI Availto Com Stockholders": -3148000.0,
        "Net Income Common Stockholders": -3148000.0,
        "Net Income": -3148000.0,
        "Minority Interests": 9969000.0,
        "Net Income Including Noncontrolling Interests": -13117000.0,
        "Net Income Continuous Operations": -13117000.0,
        "Tax Provision": 0.0,
        "Pretax Income": -13117000.0,
        "Other Income Expense": NaN,
        "Other Non Operating Income Expenses": NaN,
        "Net Non Operating Interest Income Expense": -2469000.0,
        "Interest Expense Non Operating": 2469000.0,
        "Operating Income": -10648000.0,
        "Operating Expense": 12416000.0,
        "Selling General And Administration": 12416000.0,
        "Selling And Marketing Expense": 6274000.0,
        "General And Administrative Expense": 6142000.0,
        "Other Gand A": 6142000.0,
        "Gross Profit": 1768000.0,
        "Cost Of Revenue": 35782000.0,
        "Total Revenue": 37550000.0,
        "Operating Revenue": 37550000.0
    },
    "2022-06-30": {
        "Tax Effect Of Unusual Items": 0.0,
        "Tax Rate For Calcs": 0.0,
        "Normalized EBITDA": -9819000.0,
        "Net Income From Continuing Operation Net Minority Interest": -2661000.0,
        "Reconciled Depreciation": 404000.0,
        "Reconciled Cost Of Revenue": 28458000.0,
        "EBITDA": -9819000.0,
        "EBIT": -9819000.0,
        "Net Interest Income": -1291000.0,
        "Interest Expense": 1291000.0,
        "Normalized Income": -2661000.0,
        "Net Income From Continuing And Discontinued Operation": -2661000.0,
        "Total Expenses": 40628000.0,
        "Total Operating Income As Reported": -9819000.0,
        "Diluted Average Shares": 6169885.0,
        "Basic Average Shares": 6169885.0,
        "Diluted EPS": -0.43,
        "Basic EPS": -0.43,
        "Diluted NI Availto Com Stockholders": -2661000.0,
        "Net Income Common Stockholders": -2661000.0,
        "Net Income": -2661000.0,
        "Minority Interests": 8449000.0,
        "Net Income Including Noncontrolling Interests": -11110000.0,
        "Net Income Continuous Operations": -11110000.0,
        "Tax Provision": 0.0,
        "Pretax Income": -11110000.0,
        "Other Income Expense": NaN,
        "Other Non Operating Income Expenses": NaN,
        "Net Non Operating Interest Income Expense": -1291000.0,
        "Interest Expense Non Operating": 1291000.0,
        "Operating Income": -9819000.0,
        "Operating Expense": 12170000.0,
        "Selling General And Administration": 12170000.0,
        "Selling And Marketing Expense": 6081000.0,
        "General And Administrative Expense": 6089000.0,
        "Other Gand A": 6089000.0,
        "Gross Profit": 2351000.0,
        "Cost Of Revenue": 28458000.0,
        "Total Revenue": 30809000.0,
        "Operating Revenue": 30809000.0
    },
    "2022-03-31": {
        "Diluted EPS": -0.37,
        "Total Revenue": 38,
        "Gross Profit": 4,
        "Operating Income": -9,
        "EBIT": -8,
        "Net Income": -2
    },
    "2021-12-31": {
        "Diluted EPS": 0.93,
        "Total Revenue": 26,
        "Gross Profit": 1,
        "Operating Income": -41,
        "EBIT": -41,
        "Net Income": 12
    },
    "2021-09-30": {
        "Diluted EPS": -1.36,
        "Total Revenue": 23,
        "Gross Profit": 2,
        "Operating Income": -6,
        "EBIT": -5,
        "Net Income": -12
    },
    "2021-06-30": {
        "Diluted EPS": -0.69,
        "Total Revenue": 19,
        "Gross Profit": 3,
        "Operating Income": -4,
        "EBIT": -3,
        "Net Income": -6
    },
    "2021-03-31": {
        "Diluted EPS": -0.52,
        "Total Revenue": 17,
        "Gross Profit": 4,
        "Operating Income": -2,
        "EBIT": -1,
        "Net Income": -5
    },
    "2020-12-31": {
        "Diluted EPS": 0.0,
        "Total Revenue": NaN,
        "Gross Profit": NaN,
        "Operating Income": NaN,
        "EBIT": NaN,
        "Net Income": NaN
    },
    "2020-09-30": {
        "Diluted EPS": -70.1,
        "Total Revenue": 10,
        "Gross Profit": 0,
        "Operating Income": -3,
        "EBIT": -3,
        "Net Income": -4
    },
    "2023-06-30": {
        "Tax Effect Of Unusual Items": 0.0,
        "Tax Rate For Calcs": 0.0,
        "Normalized EBITDA": -9011000.0,
        "Net Income From Continuing Operation Net Minority Interest": -4173000.0,
        "Reconciled Depreciation": 1626000.0,
        "Reconciled Cost Of Revenue": 30551000.0,
        "EBITDA": -9011000.0,
        "EBIT": -10637000.0,
        "Net Interest Income": -3949000.0,
        "Interest Expense": 3949000.0,
        "Normalized Income": -4173000.0,
        "Net Income From Continuing And Discontinued Operation": -4173000.0,
        "Total Expenses": 46000000.0,
        "Total Operating Income As Reported": -10637000.0,
        "Diluted Average Shares": 7197137.0,
        "Basic Average Shares": 7197137.0,
        "Diluted EPS": -0.58,
        "Basic EPS": -0.58,
        "Diluted NI Availto Com Stockholders": -4173000.0,
        "Net Income Common Stockholders": -4173000.0,
        "Net Income": -4173000.0,
        "Minority Interests": 10413000.0,
        "Net Income Including Noncontrolling Interests": -14586000.0,
        "Net Income Continuous Operations": -14586000.0,
        "Tax Provision": 0.0,
        "Pretax Income": -14586000.0,
        "Other Income Expense": NaN,
        "Other Non Operating Income Expenses": NaN,
        "Net Non Operating Interest Income Expense": -3949000.0,
        "Interest Expense Non Operating": 3949000.0,
        "Operating Income": -10637000.0,
        "Operating Expense": 15449000.0,
        "Selling General And Administration": 15449000.0,
        "Selling And Marketing Expense": 6179000.0,
        "General And Administrative Expense": 9270000.0,
        "Other Gand A": 9270000.0,
        "Gross Profit": 4812000.0,
        "Cost Of Revenue": 30551000.0,
        "Total Revenue": 35363000.0,
        "Operating Revenue": 35363000.0
    },
    "2023-09-30": {
        "Tax Effect Of Unusual Items": 0.0,
        "Tax Rate For Calcs": 0.0,
        "Normalized EBITDA": -7295000.0,
        "Net Income From Continuing Operation Net Minority Interest": -4436000.0,
        "Reconciled Depreciation": 1569000.0,
        "Reconciled Cost Of Revenue": 43977000.0,
        "EBITDA": -7295000.0,
        "EBIT": -8864000.0,
        "Net Interest Income": -4257000.0,
        "Interest Expense": 4257000.0,
        "Normalized Income": -4436000.0,
        "Net Income From Continuing And Discontinued Operation": -4436000.0,
        "Total Expenses": 64429000.0,
        "Total Operating Income As Reported": -8864000.0,
        "Diluted Average Shares": 8880552.0,
        "Basic Average Shares": 8880552.0,
        "Diluted EPS": -0.5,
        "Basic EPS": -0.5,
        "Diluted NI Availto Com Stockholders": -4436000.0,
        "Net Income Common Stockholders": -4436000.0,
        "Net Income": -4436000.0,
        "Minority Interests": 8685000.0,
        "Net Income Including Noncontrolling Interests": -13121000.0,
        "Net Income Continuous Operations": -13121000.0,
        "Tax Provision": 0.0,
        "Pretax Income": -13121000.0,
        "Other Income Expense": NaN,
        "Other Non Operating Income Expenses": NaN,
        "Net Non Operating Interest Income Expense": -4257000.0,
        "Interest Expense Non Operating": 4257000.0,
        "Operating Income": -8864000.0,
        "Operating Expense": 20452000.0,
        "Selling General And Administration": 20452000.0,
        "Selling And Marketing Expense": 10330000.0,
        "General And Administrative Expense": 10122000.0,
        "Other Gand A": 10122000.0,
        "Gross Profit": 11588000.0,
        "Cost Of Revenue": 43977000.0,
        "Total Revenue": 55565000.0,
        "Operating Revenue": 55565000.0
    }
}