{
    "2023-03-31": {
        "Tax Effect Of Unusual Items": 159001.0,
        "Tax Rate For Calcs": 0.199,
        "Normalized EBITDA": 134646000.0,
        "Total Unusual Items": 799000.0,
        "Total Unusual Items Excluding Goodwill": 799000.0,
        "Net Income From Continuing Operation Net Minority Interest": 63875000.0,
        "Reconciled Depreciation": 46328000.0,
        "Reconciled Cost Of Revenue": 73337000.0,
        "EBIT": 89117000.0,
        "Net Interest Income": -6912000.0,
        "Interest Expense": 9175000.0,
        "Interest Income": 2263000.0,
        "Normalized Income": 63235001.0,
        "Net Income From Continuing And Discontinued Operation": 63875000.0,
        "Total Expenses": 84337000.0,
        "Total Operating Income As Reported": 86055000.0,
        "Diluted Average Shares": 65709095.0,
        "Basic Average Shares": 65594977.0,
        "Diluted EPS": 0.97,
        "Basic EPS": 0.97,
        "Diluted NI Availto Com Stockholders": 63875000.0,
        "Net Income Common Stockholders": 63875000.0,
        "Net Income": 63875000.0,
        "Minority Interests": -196000.0,
        "Net Income Including Noncontrolling Interests": 64071000.0,
        "Net Income Continuous Operations": 64071000.0,
        "Tax Provision": 15871000.0,
        "Pretax Income": 79942000.0,
        "Other Income Expense": 799000.0,
        "Special Income Charges": NaN,
        "Impairment Of Capital Assets": NaN,
        "Gain On Sale Of Security": 799000.0,
        "Net Non Operating Interest Income Expense": -6912000.0,
        "Interest Expense Non Operating": 9175000.0,
        "Interest Income Non Operating": 2263000.0,
        "Operating Income": 86055000.0,
        "Operating Expense": 11000000.0,
        "Selling General And Administration": 11000000.0,
        "General And Administrative Expense": 11000000.0,
        "Other Gand A": 11000000.0,
        "Gross Profit": 97055000.0,
        "Cost Of Revenue": 73337000.0,
        "Total Revenue": 170392000.0,
        "Operating Revenue": 170392000.0
    },
    "2022-12-31": {
        "Tax Effect Of Unusual Items": -831558.0,
        "Tax Rate For Calcs": 0.182,
        "Normalized EBITDA": 129104000.0,
        "Total Unusual Items": -4569000.0,
        "Total Unusual Items Excluding Goodwill": -4569000.0,
        "Net Income From Continuing Operation Net Minority Interest": 56373000.0,
        "Reconciled Depreciation": 49196000.0,
        "Reconciled Cost Of Revenue": 76424000.0,
        "EBIT": 75339000.0,
        "Net Interest Income": -3893000.0,
        "Interest Expense": 6060000.0,
        "Interest Income": 2167000.0,
        "Normalized Income": 60110442.0,
        "Net Income From Continuing And Discontinued Operation": 56373000.0,
        "Total Expenses": 85239000.0,
        "Total Operating Income As Reported": 73454000.0,
        "Diluted Average Shares": 65663401.0,
        "Basic Average Shares": 65592769.0,
        "Diluted EPS": 0.86,
        "Basic EPS": 0.86,
        "Diluted NI Availto Com Stockholders": 56373000.0,
        "Net Income Common Stockholders": 56373000.0,
        "Net Income": 56373000.0,
        "Minority Interests": -327000.0,
        "Net Income Including Noncontrolling Interests": 56700000.0,
        "Net Income Continuous Operations": 56700000.0,
        "Tax Provision": 12579000.0,
        "Pretax Income": 69279000.0,
        "Other Income Expense": -4569000.0,
        "Special Income Charges": -4287000.0,
        "Impairment Of Capital Assets": 4287000.0,
        "Gain On Sale Of Security": -282000.0,
        "Net Non Operating Interest Income Expense": -3893000.0,
        "Interest Expense Non Operating": 6060000.0,
        "Interest Income Non Operating": 2167000.0,
        "Operating Income": 77741000.0,
        "Operating Expense": 8815000.0,
        "Selling General And Administration": 8815000.0,
        "General And Administrative Expense": 8815000.0,
        "Other Gand A": 8815000.0,
        "Gross Profit": 86556000.0,
        "Cost Of Revenue": 76424000.0,
        "Total Revenue": 162980000.0,
        "Operating Revenue": 162980000.0
    },
    "2022-09-30": {
        "Tax Effect Of Unusual Items": 68708.0,
        "Tax Rate For Calcs": 0.193,
        "Normalized EBITDA": 103108000.0,
        "Total Unusual Items": 356000.0,
        "Total Unusual Items Excluding Goodwill": 356000.0,
        "Net Income From Continuing Operation Net Minority Interest": 45792000.0,
        "Reconciled Depreciation": 37763000.0,
        "Reconciled Cost Of Revenue": 62101000.0,
        "EBIT": 65701000.0,
        "Net Interest Income": -5243000.0,
        "Interest Expense": 8814000.0,
        "Interest Income": 3571000.0,
        "Normalized Income": 45504708.0,
        "Net Income From Continuing And Discontinued Operation": 45792000.0,
        "Total Expenses": 69655000.0,
        "Total Operating Income As Reported": 61774000.0,
        "Diluted Average Shares": 65660152.0,
        "Basic Average Shares": 65579834.0,
        "Diluted EPS": 0.7,
        "Basic EPS": 0.7,
        "Diluted NI Availto Com Stockholders": 45792000.0,
        "Net Income Common Stockholders": 45792000.0,
        "Net Income": 45792000.0,
        "Minority Interests": -141000.0,
        "Net Income Including Noncontrolling Interests": 45933000.0,
        "Net Income Continuous Operations": 45933000.0,
        "Tax Provision": 10954000.0,
        "Pretax Income": 56887000.0,
        "Other Income Expense": 356000.0,
        "Special Income Charges": NaN,
        "Impairment Of Capital Assets": NaN,
        "Gain On Sale Of Security": 356000.0,
        "Net Non Operating Interest Income Expense": -5243000.0,
        "Interest Expense Non Operating": 8814000.0,
        "Interest Income Non Operating": 3571000.0,
        "Operating Income": 61774000.0,
        "Operating Expense": 7554000.0,
        "Selling General And Administration": 7554000.0,
        "General And Administrative Expense": 7554000.0,
        "Other Gand A": 7554000.0,
        "Gross Profit": 69328000.0,
        "Cost Of Revenue": 62101000.0,
        "Total Revenue": 131429000.0,
        "Operating Revenue": 131429000.0
    },
    "2022-06-30": {
        "Tax Effect Of Unusual Items": -197190.0,
        "Tax Rate For Calcs": 0.09,
        "Normalized EBITDA": 113011000.0,
        "Total Unusual Items": -2191000.0,
        "Total Unusual Items Excluding Goodwill": -2191000.0,
        "Net Income From Continuing Operation Net Minority Interest": 71140000.0,
        "Reconciled Depreciation": 43988000.0,
        "Reconciled Cost Of Revenue": 69224000.0,
        "EBIT": 66832000.0,
        "Net Interest Income": -280000.0,
        "Interest Expense": 1398000.0,
        "Interest Income": 1118000.0,
        "Normalized Income": 73133810.0,
        "Net Income From Continuing And Discontinued Operation": 71140000.0,
        "Total Expenses": 78536000.0,
        "Total Operating Income As Reported": 67905000.0,
        "Diluted Average Shares": 65678320.0,
        "Basic Average Shares": 65569190.0,
        "Diluted EPS": 1.08,
        "Basic EPS": 1.08,
        "Diluted NI Availto Com Stockholders": 71140000.0,
        "Net Income Common Stockholders": 71140000.0,
        "Net Income": 71140000.0,
        "Minority Interests": -205000.0,
        "Net Income Including Noncontrolling Interests": 71345000.0,
        "Net Income Continuous Operations": 71345000.0,
        "Tax Provision": -5911000.0,
        "Pretax Income": 65434000.0,
        "Other Income Expense": -2191000.0,
        "Special Income Charges": NaN,
        "Impairment Of Capital Assets": NaN,
        "Gain On Sale Of Security": -2191000.0,
        "Net Non Operating Interest Income Expense": -280000.0,
        "Interest Expense Non Operating": 1398000.0,
        "Interest Income Non Operating": 1118000.0,
        "Operating Income": 67905000.0,
        "Operating Expense": 9312000.0,
        "Selling General And Administration": 9312000.0,
        "General And Administrative Expense": 9312000.0,
        "Other Gand A": 9312000.0,
        "Gross Profit": 77217000.0,
        "Cost Of Revenue": 69224000.0,
        "Total Revenue": 146441000.0,
        "Operating Revenue": 146441000.0
    },
    "2023-06-30": {
        "Tax Effect Of Unusual Items": -15736.351308,
        "Tax Rate For Calcs": 0.030916,
        "Normalized EBITDA": 112959000.0,
        "Total Unusual Items": -509000.0,
        "Total Unusual Items Excluding Goodwill": -509000.0,
        "Net Income From Continuing Operation Net Minority Interest": 63449000.0,
        "Reconciled Depreciation": 38413000.0,
        "Reconciled Cost Of Revenue": 63053000.0,
        "EBIT": 74037000.0,
        "Net Interest Income": -5758000.0,
        "Interest Expense": 8408000.0,
        "Interest Income": 2650000.0,
        "Normalized Income": 63942263.648692,
        "Net Income From Continuing And Discontinued Operation": 63449000.0,
        "Total Expenses": 72146000.0,
        "Total Operating Income As Reported": 71896000.0,
        "Diluted Average Shares": 65762903.0,
        "Basic Average Shares": 65605391.0,
        "Diluted EPS": 0.97,
        "Basic EPS": 0.97,
        "Diluted NI Availto Com Stockholders": 63449000.0,
        "Net Income Common Stockholders": 63449000.0,
        "Net Income": 63449000.0,
        "Minority Interests": -151000.0,
        "Net Income Including Noncontrolling Interests": 63600000.0,
        "Net Income Continuous Operations": 63600000.0,
        "Tax Provision": 2029000.0,
        "Pretax Income": 65629000.0,
        "Other Income Expense": -509000.0,
        "Special Income Charges": NaN,
        "Impairment Of Capital Assets": NaN,
        "Gain On Sale Of Security": -509000.0,
        "Net Non Operating Interest Income Expense": -5758000.0,
        "Interest Expense Non Operating": 8408000.0,
        "Interest Income Non Operating": 2650000.0,
        "Operating Income": 71896000.0,
        "Operating Expense": 9093000.0,
        "Selling General And Administration": 9093000.0,
        "General And Administrative Expense": 9093000.0,
        "Other Gand A": 9093000.0,
        "Gross Profit": 80989000.0,
        "Cost Of Revenue": 63053000.0,
        "Total Revenue": 144042000.0,
        "Operating Revenue": 144042000.0
    },
    "2022-03-31": {
        "Diluted EPS": 1.0,
        "Total Revenue": 162,
        "Gross Profit": 140,
        "Operating Income": 81,
        "EBIT": 129,
        "Net Income": 66
    },
    "2021-12-31": {
        "Diluted EPS": 0.0,
        "Total Revenue": NaN,
        "Gross Profit": NaN,
        "Operating Income": NaN,
        "EBIT": NaN,
        "Net Income": NaN
    },
    "2021-09-30": {
        "Diluted EPS": 1.07,
        "Total Revenue": 174,
        "Gross Profit": 147,
        "Operating Income": 87,
        "EBIT": 138,
        "Net Income": 70
    },
    "2021-06-30": {
        "Diluted EPS": 1.24,
        "Total Revenue": 168,
        "Gross Profit": 143,
        "Operating Income": 86,
        "EBIT": 134,
        "Net Income": 82
    },
    "2021-03-31": {
        "Diluted EPS": 0.82,
        "Total Revenue": 143,
        "Gross Profit": 121,
        "Operating Income": 71,
        "EBIT": 112,
        "Net Income": 54
    },
    "2020-12-31": {
        "Diluted EPS": 0.91,
        "Total Revenue": 158,
        "Gross Profit": 134,
        "Operating Income": 158,
        "EBIT": 206,
        "Net Income": 60
    },
    "2020-09-30": {
        "Diluted EPS": 1.63,
        "Total Revenue": 147,
        "Gross Profit": 125,
        "Operating Income": 103,
        "EBIT": 103,
        "Net Income": 107
    },
    "2020-06-30": {
        "Diluted EPS": 0.0,
        "Total Revenue": NaN,
        "Gross Profit": NaN,
        "Operating Income": NaN,
        "EBIT": NaN,
        "Net Income": NaN
    },
    "2020-03-31": {
        "Diluted EPS": 0.59,
        "Total Revenue": 136,
        "Gross Profit": 114,
        "Operating Income": 52,
        "EBIT": 182,
        "Net Income": 39
    },
    "2019-12-31": {
        "Diluted EPS": 0.63,
        "Total Revenue": 124,
        "Gross Profit": 103,
        "Operating Income": 124,
        "EBIT": 164,
        "Net Income": 41
    },
    "2019-09-30": {
        "Diluted EPS": 1.07,
        "Total Revenue": 119,
        "Gross Profit": 99,
        "Operating Income": 49,
        "EBIT": 49,
        "Net Income": 70
    },
    "2019-06-30": {
        "Diluted EPS": 0.0,
        "Total Revenue": NaN,
        "Gross Profit": NaN,
        "Operating Income": NaN,
        "EBIT": NaN,
        "Net Income": NaN
    },
    "2019-03-31": {
        "Diluted EPS": 0.44,
        "Total Revenue": 110,
        "Gross Profit": 91,
        "Operating Income": 43,
        "EBIT": 176,
        "Net Income": 29
    },
    "2018-12-31": {
        "Diluted EPS": 0.36,
        "Total Revenue": 98,
        "Gross Profit": 79,
        "Operating Income": 98,
        "EBIT": 140,
        "Net Income": 24
    },
    "2018-09-30": {
        "Diluted EPS": 0.23,
        "Total Revenue": 100,
        "Gross Profit": 83,
        "Operating Income": 25,
        "EBIT": 25,
        "Net Income": 15
    },
    "2018-06-30": {
        "Diluted EPS": 0.0,
        "Total Revenue": NaN,
        "Gross Profit": NaN,
        "Operating Income": NaN,
        "EBIT": NaN,
        "Net Income": NaN
    },
    "2018-03-31": {
        "Diluted EPS": -2.35,
        "Total Revenue": 116,
        "Gross Profit": 95,
        "Operating Income": -193,
        "EBIT": -61,
        "Net Income": -154
    },
    "2017-12-31": {
        "Diluted EPS": -0.23,
        "Total Revenue": 114,
        "Gross Profit": 94,
        "Operating Income": 114,
        "EBIT": 160,
        "Net Income": -15
    },
    "2017-09-30": {
        "Diluted EPS": 0.44,
        "Total Revenue": 112,
        "Gross Profit": 92,
        "Operating Income": 42,
        "EBIT": 42,
        "Net Income": 29
    },
    "2017-06-30": {
        "Diluted EPS": 0.0,
        "Total Revenue": NaN,
        "Gross Profit": NaN,
        "Operating Income": NaN,
        "EBIT": NaN,
        "Net Income": NaN
    },
    "2017-03-31": {
        "Diluted EPS": 0.36,
        "Total Revenue": 107,
        "Gross Profit": 85,
        "Operating Income": 36,
        "EBIT": 166,
        "Net Income": 24
    },
    "2016-12-31": {
        "Diluted EPS": 0.43,
        "Total Revenue": 107,
        "Gross Profit": 84,
        "Operating Income": 107,
        "EBIT": 150,
        "Net Income": 28
    },
    "2016-09-30": {
        "Diluted EPS": 0.46,
        "Total Revenue": 118,
        "Gross Profit": 95,
        "Operating Income": 41,
        "EBIT": 41,
        "Net Income": 30
    },
    "2016-06-30": {
        "Diluted EPS": 0.0,
        "Total Revenue": NaN,
        "Gross Profit": NaN,
        "Operating Income": NaN,
        "EBIT": NaN,
        "Net Income": NaN
    },
    "2016-03-31": {
        "Diluted EPS": -1.04,
        "Total Revenue": 93,
        "Gross Profit": 76,
        "Operating Income": -72,
        "EBIT": 43,
        "Net Income": -68
    },
    "2015-12-31": {
        "Diluted EPS": 0.23,
        "Total Revenue": 98,
        "Gross Profit": 76,
        "Operating Income": 98,
        "EBIT": 142,
        "Net Income": 15
    },
    "2015-09-30": {
        "Diluted EPS": -0.69,
        "Total Revenue": 74,
        "Gross Profit": 63,
        "Operating Income": 21,
        "EBIT": 21,
        "Net Income": -45
    },
    "2015-06-30": {
        "Diluted EPS": 0.0,
        "Total Revenue": NaN,
        "Gross Profit": NaN,
        "Operating Income": NaN,
        "EBIT": NaN,
        "Net Income": NaN
    },
    "2015-03-31": {
        "Diluted EPS": 0.38,
        "Total Revenue": 74,
        "Gross Profit": 64,
        "Operating Income": 32,
        "EBIT": 107,
        "Net Income": 25
    },
    "2014-12-31": {
        "Diluted EPS": -0.1,
        "Total Revenue": 61,
        "Gross Profit": 55,
        "Operating Income": 61,
        "EBIT": 84,
        "Net Income": -7
    },
    "2014-09-30": {
        "Diluted EPS": 0.29,
        "Total Revenue": 69,
        "Gross Profit": 62,
        "Operating Income": 30,
        "EBIT": 30,
        "Net Income": 19
    },
    "2014-06-30": {
        "Diluted EPS": 0.0,
        "Total Revenue": NaN,
        "Gross Profit": NaN,
        "Operating Income": NaN,
        "EBIT": NaN,
        "Net Income": NaN
    },
    "2014-03-31": {
        "Diluted EPS": 0.31,
        "Total Revenue": 58,
        "Gross Profit": 56,
        "Operating Income": 29,
        "EBIT": 102,
        "Net Income": 20
    },
    "2013-12-31": {
        "Diluted EPS": 0.16,
        "Total Revenue": 53,
        "Gross Profit": 52,
        "Operating Income": 53,
        "EBIT": 78,
        "Net Income": 11
    },
    "2013-09-30": {
        "Diluted EPS": 0.23,
        "Total Revenue": 56,
        "Gross Profit": 56,
        "Operating Income": 26,
        "EBIT": 26,
        "Net Income": 15
    },
    "2013-06-30": {
        "Diluted EPS": 0.0,
        "Total Revenue": NaN,
        "Gross Profit": NaN,
        "Operating Income": NaN,
        "EBIT": NaN,
        "Net Income": NaN
    },
    "2013-03-31": {
        "Diluted EPS": 0.1,
        "Total Revenue": 74,
        "Gross Profit": 74,
        "Operating Income": 43,
        "EBIT": 114,
        "Net Income": 6
    },
    "2012-12-31": {
        "Diluted EPS": 0.42,
        "Total Revenue": 80,
        "Gross Profit": 80,
        "Operating Income": 80,
        "EBIT": 103,
        "Net Income": 27
    },
    "2012-09-30": {
        "Diluted EPS": 0.41,
        "Total Revenue": 78,
        "Gross Profit": 78,
        "Operating Income": 48,
        "EBIT": 48,
        "Net Income": 25
    },
    "2012-06-30": {
        "Diluted EPS": 0.0,
        "Total Revenue": NaN,
        "Gross Profit": NaN,
        "Operating Income": NaN,
        "EBIT": NaN,
        "Net Income": NaN
    },
    "2012-03-31": {
        "Diluted EPS": 0.44,
        "Total Revenue": 70,
        "Gross Profit": 70,
        "Operating Income": 43,
        "EBIT": 101,
        "Net Income": 26
    },
    "2011-12-31": {
        "Diluted EPS": 0.42,
        "Total Revenue": 69,
        "Gross Profit": 69,
        "Operating Income": 69,
        "EBIT": 90,
        "Net Income": 23
    },
    "2011-09-30": {
        "Diluted EPS": 0.4,
        "Total Revenue": 64,
        "Gross Profit": 64,
        "Operating Income": 37,
        "EBIT": 37,
        "Net Income": 22
    },
    "2011-06-30": {
        "Diluted EPS": 0.0,
        "Total Revenue": NaN,
        "Gross Profit": NaN,
        "Operating Income": NaN,
        "EBIT": NaN,
        "Net Income": NaN
    },
    "2011-03-31": {
        "Diluted EPS": 0.35,
        "Total Revenue": 56,
        "Gross Profit": 56,
        "Operating Income": 32,
        "EBIT": 83,
        "Net Income": 20
    },
    "2010-12-31": {
        "Diluted EPS": 0.33,
        "Total Revenue": 56,
        "Gross Profit": 56,
        "Operating Income": 56,
        "EBIT": 72,
        "Net Income": 18
    },
    "2010-09-30": {
        "Diluted EPS": 0.21,
        "Total Revenue": 45,
        "Gross Profit": 45,
        "Operating Income": 21,
        "EBIT": 21,
        "Net Income": 12
    },
    "2010-06-30": {
        "Diluted EPS": 0.0,
        "Total Revenue": NaN,
        "Gross Profit": NaN,
        "Operating Income": NaN,
        "EBIT": NaN,
        "Net Income": NaN
    },
    "2010-03-31": {
        "Diluted EPS": -0.13,
        "Total Revenue": 35,
        "Gross Profit": 33,
        "Operating Income": -1,
        "EBIT": 35,
        "Net Income": -6
    },
    "2009-12-31": {
        "Diluted EPS": 0.23,
        "Total Revenue": 35,
        "Gross Profit": 33,
        "Operating Income": 35,
        "EBIT": 47,
        "Net Income": 10
    },
    "2009-09-30": {
        "Diluted EPS": 0.17,
        "Total Revenue": 26,
        "Gross Profit": 25,
        "Operating Income": 11,
        "EBIT": 11,
        "Net Income": 7
    },
    "2009-06-30": {
        "Diluted EPS": 0.0,
        "Total Revenue": NaN,
        "Gross Profit": NaN,
        "Operating Income": NaN,
        "EBIT": NaN,
        "Net Income": NaN
    },
    "2009-03-31": {
        "Diluted EPS": 0.12,
        "Total Revenue": 21,
        "Gross Profit": 20,
        "Operating Income": 7,
        "EBIT": 30,
        "Net Income": 4
    }
}