{
    "2023-03-31": {
        "Tax Effect Of Unusual Items": NaN,
        "Tax Rate For Calcs": NaN,
        "Normalized EBITDA": NaN,
        "Total Unusual Items": NaN,
        "Total Unusual Items Excluding Goodwill": NaN,
        "Net Income From Continuing Operation Net Minority Interest": NaN,
        "Reconciled Depreciation": NaN,
        "Reconciled Cost Of Revenue": NaN,
        "EBITDA": NaN,
        "EBIT": NaN,
        "Net Interest Income": NaN,
        "Interest Expense": NaN,
        "Interest Income": NaN,
        "Normalized Income": NaN,
        "Net Income From Continuing And Discontinued Operation": NaN,
        "Total Expenses": NaN,
        "Total Operating Income As Reported": NaN,
        "Diluted Average Shares": 43451000.0,
        "Basic Average Shares": 43451000.0,
        "Diluted EPS": -1.53,
        "Basic EPS": -1.53,
        "Diluted NI Availto Com Stockholders": NaN,
        "Net Income Common Stockholders": NaN,
        "Net Income": NaN,
        "Net Income Including Noncontrolling Interests": NaN,
        "Net Income Continuous Operations": NaN,
        "Tax Provision": 0.0,
        "Pretax Income": NaN,
        "Other Income Expense": NaN,
        "Special Income Charges": 0.0,
        "Impairment Of Capital Assets": 0.0,
        "Gain On Sale Of Security": NaN,
        "Net Non Operating Interest Income Expense": NaN,
        "Interest Expense Non Operating": NaN,
        "Interest Income Non Operating": NaN,
        "Operating Income": NaN,
        "Operating Expense": NaN,
        "Other Operating Expenses": NaN,
        "Provision For Doubtful Accounts": NaN,
        "Research And Development": NaN,
        "Selling General And Administration": NaN,
        "General And Administrative Expense": NaN,
        "Other Gand A": NaN,
        "Gross Profit": NaN,
        "Cost Of Revenue": NaN,
        "Total Revenue": NaN,
        "Operating Revenue": NaN
    },
    "2022-12-31": {
        "Tax Effect Of Unusual Items": NaN,
        "Tax Rate For Calcs": NaN,
        "Normalized EBITDA": NaN,
        "Total Unusual Items": NaN,
        "Total Unusual Items Excluding Goodwill": NaN,
        "Net Income From Continuing Operation Net Minority Interest": NaN,
        "Reconciled Depreciation": NaN,
        "Reconciled Cost Of Revenue": NaN,
        "EBITDA": NaN,
        "EBIT": NaN,
        "Net Interest Income": NaN,
        "Interest Expense": NaN,
        "Interest Income": NaN,
        "Normalized Income": NaN,
        "Net Income From Continuing And Discontinued Operation": NaN,
        "Total Expenses": NaN,
        "Total Operating Income As Reported": NaN,
        "Diluted Average Shares": NaN,
        "Basic Average Shares": NaN,
        "Diluted EPS": NaN,
        "Basic EPS": NaN,
        "Diluted NI Availto Com Stockholders": NaN,
        "Net Income Common Stockholders": NaN,
        "Net Income": NaN,
        "Net Income Including Noncontrolling Interests": NaN,
        "Net Income Continuous Operations": NaN,
        "Tax Provision": -43000.0,
        "Pretax Income": NaN,
        "Other Income Expense": NaN,
        "Special Income Charges": NaN,
        "Impairment Of Capital Assets": NaN,
        "Gain On Sale Of Security": NaN,
        "Net Non Operating Interest Income Expense": NaN,
        "Interest Expense Non Operating": NaN,
        "Interest Income Non Operating": NaN,
        "Operating Income": NaN,
        "Operating Expense": NaN,
        "Other Operating Expenses": NaN,
        "Provision For Doubtful Accounts": -703000.0,
        "Research And Development": NaN,
        "Selling General And Administration": NaN,
        "General And Administrative Expense": NaN,
        "Other Gand A": NaN,
        "Gross Profit": NaN,
        "Cost Of Revenue": NaN,
        "Total Revenue": NaN,
        "Operating Revenue": NaN
    },
    "2022-09-30": {
        "Tax Effect Of Unusual Items": NaN,
        "Tax Rate For Calcs": NaN,
        "Normalized EBITDA": NaN,
        "Total Unusual Items": NaN,
        "Total Unusual Items Excluding Goodwill": NaN,
        "Net Income From Continuing Operation Net Minority Interest": NaN,
        "Reconciled Depreciation": NaN,
        "Reconciled Cost Of Revenue": NaN,
        "EBITDA": NaN,
        "EBIT": NaN,
        "Net Interest Income": NaN,
        "Interest Expense": NaN,
        "Interest Income": NaN,
        "Normalized Income": NaN,
        "Net Income From Continuing And Discontinued Operation": NaN,
        "Total Expenses": NaN,
        "Total Operating Income As Reported": NaN,
        "Diluted Average Shares": NaN,
        "Basic Average Shares": NaN,
        "Diluted EPS": NaN,
        "Basic EPS": NaN,
        "Diluted NI Availto Com Stockholders": NaN,
        "Net Income Common Stockholders": NaN,
        "Net Income": NaN,
        "Net Income Including Noncontrolling Interests": NaN,
        "Net Income Continuous Operations": NaN,
        "Tax Provision": NaN,
        "Pretax Income": NaN,
        "Other Income Expense": NaN,
        "Special Income Charges": NaN,
        "Impairment Of Capital Assets": NaN,
        "Gain On Sale Of Security": NaN,
        "Net Non Operating Interest Income Expense": NaN,
        "Interest Expense Non Operating": NaN,
        "Interest Income Non Operating": NaN,
        "Operating Income": NaN,
        "Operating Expense": NaN,
        "Other Operating Expenses": NaN,
        "Provision For Doubtful Accounts": 229000.0,
        "Research And Development": NaN,
        "Selling General And Administration": NaN,
        "General And Administrative Expense": NaN,
        "Other Gand A": NaN,
        "Gross Profit": NaN,
        "Cost Of Revenue": NaN,
        "Total Revenue": NaN,
        "Operating Revenue": NaN
    },
    "2022-06-30": {
        "Tax Effect Of Unusual Items": 0.0,
        "Tax Rate For Calcs": 0.0,
        "Normalized EBITDA": -59737000.0,
        "Total Unusual Items": 1061000.0,
        "Total Unusual Items Excluding Goodwill": 1061000.0,
        "Net Income From Continuing Operation Net Minority Interest": -68179000.0,
        "Reconciled Depreciation": 2643000.0,
        "Reconciled Cost Of Revenue": 12951000.0,
        "EBITDA": -58676000.0,
        "EBIT": -61319000.0,
        "Net Interest Income": -6707000.0,
        "Interest Expense": 6860000.0,
        "Interest Income": 153000.0,
        "Normalized Income": -69240000.0,
        "Net Income From Continuing And Discontinued Operation": -68179000.0,
        "Total Expenses": 95182000.0,
        "Total Operating Income As Reported": -62533000.0,
        "Diluted Average Shares": 43111000.0,
        "Basic Average Shares": 43111000.0,
        "Diluted EPS": -1.58,
        "Basic EPS": -1.58,
        "Diluted NI Availto Com Stockholders": -68179000.0,
        "Net Income Common Stockholders": -68179000.0,
        "Net Income": -68179000.0,
        "Net Income Including Noncontrolling Interests": -68179000.0,
        "Net Income Continuous Operations": -68179000.0,
        "Tax Provision": 0.0,
        "Pretax Income": -68179000.0,
        "Other Income Expense": 1061000.0,
        "Gain On Sale Of Security": 1061000.0,
        "Net Non Operating Interest Income Expense": -6707000.0,
        "Interest Expense Non Operating": 6860000.0,
        "Interest Income Non Operating": 153000.0,
        "Operating Income": -62533000.0,
        "Operating Expense": 82231000.0,
        "Other Operating Expenses": 391000.0,
        "Provision For Doubtful Accounts": 391000.0,
        "Research And Development": 61008000.0,
        "Selling General And Administration": 20832000.0,
        "General And Administrative Expense": 20832000.0,
        "Other Gand A": 20832000.0,
        "Gross Profit": 19698000.0,
        "Cost Of Revenue": 12951000.0,
        "Total Revenue": 32649000.0,
        "Operating Revenue": 32649000.0
    },
    "2023-06-30": {
        "Tax Effect Of Unusual Items": 0.0,
        "Tax Rate For Calcs": 0.0,
        "Normalized EBITDA": -68633000.0,
        "Total Unusual Items": 2127000.0,
        "Total Unusual Items Excluding Goodwill": 2127000.0,
        "Net Income From Continuing Operation Net Minority Interest": -72061000.0,
        "Reconciled Depreciation": 4435000.0,
        "Reconciled Cost Of Revenue": 9475000.0,
        "EBITDA": -66506000.0,
        "EBIT": -70941000.0,
        "Net Interest Income": -1080000.0,
        "Interest Expense": 1120000.0,
        "Interest Income": 40000.0,
        "Normalized Income": -74188000.0,
        "Net Income From Continuing And Discontinued Operation": -72061000.0,
        "Total Expenses": 93085000.0,
        "Total Operating Income As Reported": -73108000.0,
        "Diluted Average Shares": 43531000.0,
        "Basic Average Shares": 43531000.0,
        "Diluted EPS": -1.66,
        "Basic EPS": -1.66,
        "Diluted NI Availto Com Stockholders": -72061000.0,
        "Net Income Common Stockholders": -72061000.0,
        "Net Income": -72061000.0,
        "Net Income Including Noncontrolling Interests": -72061000.0,
        "Net Income Continuous Operations": -72061000.0,
        "Tax Provision": 0.0,
        "Pretax Income": -72061000.0,
        "Other Income Expense": 2127000.0,
        "Special Income Charges": NaN,
        "Impairment Of Capital Assets": NaN,
        "Gain On Sale Of Security": 2127000.0,
        "Net Non Operating Interest Income Expense": -1080000.0,
        "Interest Expense Non Operating": 1120000.0,
        "Interest Income Non Operating": 40000.0,
        "Operating Income": -73108000.0,
        "Operating Expense": 83610000.0,
        "Other Operating Expenses": 26000.0,
        "Provision For Doubtful Accounts": NaN,
        "Research And Development": 59886000.0,
        "Selling General And Administration": 23698000.0,
        "General And Administrative Expense": 23698000.0,
        "Other Gand A": 23698000.0,
        "Gross Profit": 10502000.0,
        "Cost Of Revenue": 9475000.0,
        "Total Revenue": 19977000.0,
        "Operating Revenue": 19977000.0
    },
    "2022-03-31": {
        "Diluted EPS": -1.79,
        "Total Revenue": 22,
        "Gross Profit": 7,
        "Operating Income": -72,
        "EBIT": -67,
        "Net Income": -77
    },
    "2021-12-31": {
        "Diluted EPS": 6.84,
        "Total Revenue": 399,
        "Gross Profit": 376,
        "Operating Income": 314,
        "EBIT": 318,
        "Net Income": 294
    },
    "2021-09-30": {
        "Diluted EPS": -1.37,
        "Total Revenue": 31,
        "Gross Profit": 17,
        "Operating Income": -57,
        "EBIT": -53,
        "Net Income": -58
    },
    "2021-06-30": {
        "Diluted EPS": -1.36,
        "Total Revenue": 22,
        "Gross Profit": 12,
        "Operating Income": -52,
        "EBIT": -48,
        "Net Income": -58
    },
    "2021-03-31": {
        "Diluted EPS": -1.2,
        "Total Revenue": 19,
        "Gross Profit": 14,
        "Operating Income": -44,
        "EBIT": -41,
        "Net Income": -50
    },
    "2020-12-31": {
        "Diluted EPS": -1.22,
        "Total Revenue": 21,
        "Gross Profit": 11,
        "Operating Income": -54,
        "EBIT": -51,
        "Net Income": -46
    },
    "2020-09-30": {
        "Diluted EPS": 0.23,
        "Total Revenue": 99,
        "Gross Profit": 82,
        "Operating Income": 14,
        "EBIT": 17,
        "Net Income": 9
    },
    "2020-06-30": {
        "Diluted EPS": -0.91,
        "Total Revenue": 17,
        "Gross Profit": 12,
        "Operating Income": -42,
        "EBIT": -40,
        "Net Income": -34
    },
    "2020-03-31": {
        "Diluted EPS": -1.08,
        "Total Revenue": 18,
        "Gross Profit": 14,
        "Operating Income": -38,
        "EBIT": -36,
        "Net Income": -40
    },
    "2019-12-31": {
        "Diluted EPS": -0.71,
        "Total Revenue": 12,
        "Gross Profit": 8,
        "Operating Income": -40,
        "EBIT": -39,
        "Net Income": -26
    },
    "2019-09-30": {
        "Diluted EPS": -0.94,
        "Total Revenue": 15,
        "Gross Profit": 12,
        "Operating Income": -36,
        "EBIT": -34,
        "Net Income": -35
    },
    "2019-06-30": {
        "Diluted EPS": -0.04,
        "Total Revenue": 8,
        "Gross Profit": 6,
        "Operating Income": -37,
        "EBIT": -36,
        "Net Income": -1
    },
    "2019-03-31": {
        "Diluted EPS": -0.89,
        "Total Revenue": 1,
        "Gross Profit": 1,
        "Operating Income": -36,
        "EBIT": -35,
        "Net Income": -32
    },
    "2018-12-31": {
        "Diluted EPS": -0.05,
        "Total Revenue": 41,
        "Gross Profit": 38,
        "Operating Income": 2,
        "EBIT": 4,
        "Net Income": 4
    },
    "2018-09-30": {
        "Diluted EPS": -0.56,
        "Total Revenue": 5,
        "Gross Profit": 5,
        "Operating Income": -23,
        "EBIT": -22,
        "Net Income": -19
    },
    "2018-06-30": {
        "Diluted EPS": 0.3,
        "Total Revenue": 40,
        "Gross Profit": 36,
        "Operating Income": 6,
        "EBIT": 8,
        "Net Income": 11
    },
    "2018-03-31": {
        "Diluted EPS": 3.04,
        "Total Revenue": 132,
        "Gross Profit": 130,
        "Operating Income": 102,
        "EBIT": 103,
        "Net Income": 104
    },
    "2017-12-31": {
        "Diluted EPS": -0.49,
        "Total Revenue": 2,
        "Gross Profit": 2,
        "Operating Income": -17,
        "EBIT": -15,
        "Net Income": -16
    },
    "2017-09-30": {
        "Diluted EPS": -0.67,
        "Total Revenue": 1,
        "Gross Profit": 1,
        "Operating Income": -21,
        "EBIT": -20,
        "Net Income": -21
    },
    "2017-06-30": {
        "Diluted EPS": -0.47,
        "Total Revenue": 7,
        "Gross Profit": 5,
        "Operating Income": -15,
        "EBIT": -14,
        "Net Income": -14
    },
    "2017-03-31": {
        "Diluted EPS": -0.82,
        "Total Revenue": 0,
        "Gross Profit": 0,
        "Operating Income": -23,
        "EBIT": -22,
        "Net Income": -22
    },
    "2016-12-31": {
        "Diluted EPS": -0.73,
        "Total Revenue": 2,
        "Gross Profit": 1,
        "Operating Income": -20,
        "EBIT": -20,
        "Net Income": -20
    },
    "2016-09-30": {
        "Diluted EPS": -0.69,
        "Total Revenue": 0,
        "Gross Profit": 0,
        "Operating Income": -19,
        "EBIT": -18,
        "Net Income": -18
    },
    "2016-06-30": {
        "Diluted EPS": -0.55,
        "Total Revenue": 2,
        "Gross Profit": 2,
        "Operating Income": -15,
        "EBIT": -14,
        "Net Income": -14
    },
    "2016-03-31": {
        "Diluted EPS": -0.41,
        "Total Revenue": 0,
        "Gross Profit": 0,
        "Operating Income": -11,
        "EBIT": -11,
        "Net Income": -11
    },
    "2015-12-31": {
        "Diluted EPS": 3.11,
        "Total Revenue": 4,
        "Gross Profit": 4,
        "Operating Income": -6,
        "EBIT": -5,
        "Net Income": -5
    },
    "2015-09-30": {
        "Diluted EPS": -1.52,
        "Total Revenue": 1,
        "Gross Profit": 1,
        "Operating Income": -7,
        "EBIT": -7,
        "Net Income": -7
    },
    "2015-06-30": {
        "Diluted EPS": -3.24,
        "Total Revenue": 1,
        "Gross Profit": 1,
        "Operating Income": -6,
        "EBIT": -6,
        "Net Income": -9
    },
    "2015-03-31": {
        "Diluted EPS": -0.94,
        "Total Revenue": 1,
        "Gross Profit": 1,
        "Operating Income": -4,
        "EBIT": -4,
        "Net Income": -2
    },
    "2014-12-31": {
        "Diluted EPS": 0.0,
        "Total Revenue": NaN,
        "Gross Profit": NaN,
        "Operating Income": NaN,
        "EBIT": NaN,
        "Net Income": NaN
    },
    "2014-09-30": {
        "Diluted EPS": -0.73,
        "Total Revenue": 0,
        "Gross Profit": 0,
        "Operating Income": -2,
        "EBIT": -2,
        "Net Income": -2
    },
    "2013-12-31": {
        "Diluted EPS": 0.0,
        "Total Revenue": NaN,
        "Gross Profit": NaN,
        "Operating Income": NaN,
        "EBIT": NaN,
        "Net Income": NaN
    },
    "2023-09-30": {
        "Tax Effect Of Unusual Items": 0.0,
        "Tax Rate For Calcs": 0.0,
        "Normalized EBITDA": -60532000.0,
        "Total Unusual Items": 4660000.0,
        "Total Unusual Items Excluding Goodwill": 4660000.0,
        "Net Income From Continuing Operation Net Minority Interest": -61868000.0,
        "Reconciled Depreciation": 4372000.0,
        "Reconciled Cost Of Revenue": 12388000.0,
        "EBITDA": -55872000.0,
        "EBIT": -60244000.0,
        "Net Interest Income": -1568000.0,
        "Interest Expense": 1624000.0,
        "Interest Income": 56000.0,
        "Normalized Income": -66528000.0,
        "Net Income From Continuing And Discontinued Operation": -61868000.0,
        "Total Expenses": 93874000.0,
        "Total Operating Income As Reported": -64960000.0,
        "Diluted Average Shares": 43945000.0,
        "Basic Average Shares": 43945000.0,
        "Diluted EPS": -1.41,
        "Basic EPS": -1.41,
        "Diluted NI Availto Com Stockholders": -61868000.0,
        "Net Income Common Stockholders": -61868000.0,
        "Net Income": -61868000.0,
        "Net Income Including Noncontrolling Interests": -61868000.0,
        "Net Income Continuous Operations": -61868000.0,
        "Tax Provision": 0.0,
        "Pretax Income": -61868000.0,
        "Other Income Expense": 4660000.0,
        "Special Income Charges": NaN,
        "Impairment Of Capital Assets": NaN,
        "Gain On Sale Of Security": 4660000.0,
        "Net Non Operating Interest Income Expense": -1568000.0,
        "Interest Expense Non Operating": 1624000.0,
        "Interest Income Non Operating": 56000.0,
        "Operating Income": -64960000.0,
        "Operating Expense": 81486000.0,
        "Other Operating Expenses": 220000.0,
        "Provision For Doubtful Accounts": NaN,
        "Research And Development": 58183000.0,
        "Selling General And Administration": 23083000.0,
        "General And Administrative Expense": 23083000.0,
        "Other Gand A": 23083000.0,
        "Gross Profit": 16526000.0,
        "Cost Of Revenue": 12388000.0,
        "Total Revenue": 28914000.0,
        "Operating Revenue": 28914000.0
    },
    "2023-12-31": {
        "Tax Effect Of Unusual Items": 5704.731841,
        "Tax Rate For Calcs": 0.002411,
        "Normalized EBITDA": -59709000.0,
        "Total Unusual Items": 2366000.0,
        "Total Unusual Items Excluding Goodwill": 2366000.0,
        "Net Income From Continuing Operation Net Minority Interest": -62889000.0,
        "Reconciled Depreciation": 4335000.0,
        "Reconciled Cost Of Revenue": 11238000.0,
        "EBITDA": -57343000.0,
        "EBIT": -61678000.0,
        "Net Interest Income": -1504000.0,
        "Interest Expense": 1363000.0,
        "Interest Income": -141000.0,
        "Normalized Income": -65249295.268159,
        "Net Income From Continuing And Discontinued Operation": -62889000.0,
        "Total Expenses": 86116000.0,
        "Total Operating Income As Reported": -63903000.0,
        "Diluted Average Shares": NaN,
        "Basic Average Shares": NaN,
        "Diluted EPS": NaN,
        "Basic EPS": NaN,
        "Diluted NI Availto Com Stockholders": -62889000.0,
        "Net Income Common Stockholders": -62889000.0,
        "Net Income": -62889000.0,
        "Net Income Including Noncontrolling Interests": -62889000.0,
        "Net Income Continuous Operations": -62889000.0,
        "Tax Provision": -152000.0,
        "Pretax Income": -63041000.0,
        "Other Income Expense": 2366000.0,
        "Special Income Charges": NaN,
        "Impairment Of Capital Assets": NaN,
        "Gain On Sale Of Security": 2366000.0,
        "Net Non Operating Interest Income Expense": -1504000.0,
        "Interest Expense Non Operating": 1363000.0,
        "Interest Income Non Operating": -141000.0,
        "Operating Income": -63903000.0,
        "Operating Expense": 74878000.0,
        "Other Operating Expenses": 118000.0,
        "Provision For Doubtful Accounts": NaN,
        "Research And Development": 55681000.0,
        "Selling General And Administration": 19079000.0,
        "General And Administrative Expense": 19079000.0,
        "Other Gand A": 19079000.0,
        "Gross Profit": 10975000.0,
        "Cost Of Revenue": 11238000.0,
        "Total Revenue": 22213000.0,
        "Operating Revenue": 22213000.0
    },
    "2024-03-31": {
        "Tax Effect Of Unusual Items": 0.0,
        "Tax Rate For Calcs": 0.0,
        "Normalized EBITDA": -57545000.0,
        "Total Unusual Items": 368000.0,
        "Total Unusual Items Excluding Goodwill": 368000.0,
        "Net Income From Continuing Operation Net Minority Interest": -63330000.0,
        "Reconciled Depreciation": 4180000.0,
        "Reconciled Cost Of Revenue": 4283000.0,
        "EBITDA": -57177000.0,
        "EBIT": -61357000.0,
        "Net Interest Income": -1936000.0,
        "Interest Expense": 1973000.0,
        "Interest Income": 37000.0,
        "Normalized Income": -63698000.0,
        "Net Income From Continuing And Discontinued Operation": -63330000.0,
        "Total Expenses": 77384000.0,
        "Total Operating Income As Reported": -63863000.0,
        "Diluted Average Shares": 45733000.0,
        "Basic Average Shares": 45733000.0,
        "Diluted EPS": -1.38,
        "Basic EPS": -1.38,
        "Diluted NI Availto Com Stockholders": -63330000.0,
        "Net Income Common Stockholders": -63330000.0,
        "Net Income": -63330000.0,
        "Net Income Including Noncontrolling Interests": -63330000.0,
        "Net Income Continuous Operations": -63330000.0,
        "Tax Provision": NaN,
        "Pretax Income": -63330000.0,
        "Other Income Expense": 368000.0,
        "Special Income Charges": -2101000.0,
        "Impairment Of Capital Assets": 2101000.0,
        "Gain On Sale Of Security": 2469000.0,
        "Net Non Operating Interest Income Expense": -1936000.0,
        "Interest Expense Non Operating": 1973000.0,
        "Interest Income Non Operating": 37000.0,
        "Operating Income": -61762000.0,
        "Operating Expense": 73101000.0,
        "Other Operating Expenses": -34000.0,
        "Provision For Doubtful Accounts": NaN,
        "Research And Development": 54844000.0,
        "Selling General And Administration": 18291000.0,
        "General And Administrative Expense": 18291000.0,
        "Other Gand A": 18291000.0,
        "Gross Profit": 11339000.0,
        "Cost Of Revenue": 4283000.0,
        "Total Revenue": 15622000.0,
        "Operating Revenue": 15622000.0
    },
    "2024-06-30": {
        "Tax Effect Of Unusual Items": 0.0,
        "Tax Rate For Calcs": 0.0,
        "Normalized EBITDA": -51957000.0,
        "Total Unusual Items": 3468000.0,
        "Total Unusual Items Excluding Goodwill": 3468000.0,
        "Net Income From Continuing Operation Net Minority Interest": -52989000.0,
        "Reconciled Depreciation": 4051000.0,
        "Reconciled Cost Of Revenue": 10579000.0,
        "EBITDA": -48489000.0,
        "EBIT": -52540000.0,
        "Net Interest Income": -420000.0,
        "Interest Expense": 449000.0,
        "Interest Income": 29000.0,
        "Normalized Income": -56457000.0,
        "Net Income From Continuing And Discontinued Operation": -52989000.0,
        "Total Expenses": 78332000.0,
        "Total Operating Income As Reported": -56037000.0,
        "Diluted Average Shares": 50601000.0,
        "Basic Average Shares": 50601000.0,
        "Diluted EPS": -1.05,
        "Basic EPS": -1.05,
        "Diluted NI Availto Com Stockholders": -52989000.0,
        "Net Income Common Stockholders": -52989000.0,
        "Net Income": -52989000.0,
        "Net Income Including Noncontrolling Interests": -52989000.0,
        "Net Income Continuous Operations": -52989000.0,
        "Tax Provision": NaN,
        "Pretax Income": -52989000.0,
        "Other Income Expense": 3468000.0,
        "Special Income Charges": 0.0,
        "Impairment Of Capital Assets": 0.0,
        "Gain On Sale Of Security": 3468000.0,
        "Net Non Operating Interest Income Expense": -420000.0,
        "Interest Expense Non Operating": 449000.0,
        "Interest Income Non Operating": 29000.0,
        "Operating Income": -56037000.0,
        "Operating Expense": 67753000.0,
        "Other Operating Expenses": 29000.0,
        "Provision For Doubtful Accounts": NaN,
        "Research And Development": 48869000.0,
        "Selling General And Administration": 18855000.0,
        "General And Administrative Expense": 18855000.0,
        "Other Gand A": 18855000.0,
        "Gross Profit": 11716000.0,
        "Cost Of Revenue": 10579000.0,
        "Total Revenue": 22295000.0,
        "Operating Revenue": 22295000.0
    }
}