{
    "2023-03-31": {
        "Tax Effect Of Unusual Items": 0.0,
        "Tax Rate For Calcs": 0.224,
        "Normalized EBITDA": 25053000.0,
        "Net Income From Continuing Operation Net Minority Interest": 14350000.0,
        "Reconciled Depreciation": 6536000.0,
        "Reconciled Cost Of Revenue": 110967000.0,
        "EBITDA": 25053000.0,
        "EBIT": 18517000.0,
        "Net Interest Income": 1189000.0,
        "Interest Expense": 25000.0,
        "Interest Income": 1214000.0,
        "Normalized Income": 14350000.0,
        "Net Income From Continuing And Discontinued Operation": 14350000.0,
        "Total Expenses": 132432000.0,
        "Total Operating Income As Reported": 17021000.0,
        "Diluted NI Availto Com Stockholders": 14350000.0,
        "Net Income Common Stockholders": 14350000.0,
        "Net Income": 14350000.0,
        "Net Income Including Noncontrolling Interests": 14350000.0,
        "Net Income Continuous Operations": 14350000.0,
        "Tax Provision": 4142000.0,
        "Pretax Income": 18492000.0,
        "Other Income Expense": 282000.0,
        "Other Non Operating Income Expenses": 282000.0,
        "Net Non Operating Interest Income Expense": 1189000.0,
        "Interest Expense Non Operating": 25000.0,
        "Interest Income Non Operating": 1214000.0,
        "Operating Income": 17021000.0,
        "Operating Expense": 21465000.0,
        "Selling General And Administration": 21465000.0,
        "Selling And Marketing Expense": 9225000.0,
        "General And Administrative Expense": 12240000.0,
        "Other Gand A": 12240000.0,
        "Gross Profit": 38486000.0,
        "Cost Of Revenue": 110967000.0,
        "Total Revenue": 149453000.0,
        "Operating Revenue": 149453000.0
    },
    "2022-12-31": {
        "Tax Effect Of Unusual Items": 0.0,
        "Tax Rate For Calcs": 0.125133,
        "Normalized EBITDA": 27385000.0,
        "Net Income From Continuing Operation Net Minority Interest": 18954000.0,
        "Reconciled Depreciation": 5669000.0,
        "Reconciled Cost Of Revenue": 109670000.0,
        "EBITDA": 27385000.0,
        "EBIT": 21716000.0,
        "Net Interest Income": 1550000.0,
        "Interest Expense": 51000.0,
        "Interest Income": 1601000.0,
        "Normalized Income": 18954000.0,
        "Net Income From Continuing And Discontinued Operation": 18954000.0,
        "Total Expenses": 129580000.0,
        "Total Operating Income As Reported": 19680000.0,
        "Diluted NI Availto Com Stockholders": 18954000.0,
        "Net Income Common Stockholders": 18954000.0,
        "Net Income": 18954000.0,
        "Net Income Including Noncontrolling Interests": 18954000.0,
        "Net Income Continuous Operations": 18954000.0,
        "Tax Provision": 2711000.0,
        "Pretax Income": 21665000.0,
        "Other Income Expense": 471000.0,
        "Other Non Operating Income Expenses": 435000.0,
        "Net Non Operating Interest Income Expense": 1550000.0,
        "Interest Expense Non Operating": 51000.0,
        "Interest Income Non Operating": 1601000.0,
        "Operating Income": 19644000.0,
        "Operating Expense": 19910000.0,
        "Selling General And Administration": 19910000.0,
        "Selling And Marketing Expense": 10286000.0,
        "General And Administrative Expense": 9624000.0,
        "Other Gand A": 9624000.0,
        "Gross Profit": 39554000.0,
        "Cost Of Revenue": 109670000.0,
        "Total Revenue": 149224000.0,
        "Operating Revenue": 149224000.0
    },
    "2022-09-30": {
        "Tax Effect Of Unusual Items": 0.0,
        "Tax Rate For Calcs": 0.123,
        "Normalized EBITDA": 27735000.0,
        "Net Income From Continuing Operation Net Minority Interest": 18389000.0,
        "Reconciled Depreciation": 6656000.0,
        "Reconciled Cost Of Revenue": 100521000.0,
        "EBITDA": 27735000.0,
        "EBIT": 21079000.0,
        "Net Interest Income": 642000.0,
        "Interest Expense": 88000.0,
        "Interest Income": 730000.0,
        "Normalized Income": 18389000.0,
        "Net Income From Continuing And Discontinued Operation": 18389000.0,
        "Total Expenses": 119531000.0,
        "Total Operating Income As Reported": 19859000.0,
        "Diluted Average Shares": 17825797.0,
        "Basic Average Shares": 17668435.0,
        "Diluted EPS": 1.03,
        "Basic EPS": 1.04,
        "Diluted NI Availto Com Stockholders": 18389000.0,
        "Net Income Common Stockholders": 18389000.0,
        "Net Income": 18389000.0,
        "Net Income Including Noncontrolling Interests": 18389000.0,
        "Net Income Continuous Operations": 18389000.0,
        "Tax Provision": 2602000.0,
        "Pretax Income": 20991000.0,
        "Other Income Expense": 490000.0,
        "Other Non Operating Income Expenses": 490000.0,
        "Net Non Operating Interest Income Expense": 642000.0,
        "Interest Expense Non Operating": 88000.0,
        "Interest Income Non Operating": 730000.0,
        "Operating Income": 19859000.0,
        "Operating Expense": 19010000.0,
        "Selling General And Administration": 19010000.0,
        "Selling And Marketing Expense": 8763000.0,
        "General And Administrative Expense": 10247000.0,
        "Other Gand A": 10247000.0,
        "Gross Profit": 38869000.0,
        "Cost Of Revenue": 100521000.0,
        "Total Revenue": 139390000.0,
        "Operating Revenue": 139390000.0
    },
    "2022-06-30": {
        "Tax Effect Of Unusual Items": 0.0,
        "Tax Rate For Calcs": 0.205,
        "Normalized EBITDA": 32839000.0,
        "Net Income From Continuing Operation Net Minority Interest": 20757000.0,
        "Reconciled Depreciation": 6709000.0,
        "Reconciled Cost Of Revenue": 97099000.0,
        "EBITDA": 32839000.0,
        "EBIT": 26130000.0,
        "Net Interest Income": 164000.0,
        "Interest Expense": 26000.0,
        "Interest Income": 190000.0,
        "Normalized Income": 20757000.0,
        "Net Income From Continuing And Discontinued Operation": 20757000.0,
        "Total Expenses": 115463000.0,
        "Total Operating Income As Reported": 25190000.0,
        "Diluted Average Shares": 17799707.0,
        "Basic Average Shares": 17652148.0,
        "Diluted EPS": 1.17,
        "Basic EPS": 1.18,
        "Diluted NI Availto Com Stockholders": 20757000.0,
        "Net Income Common Stockholders": 20757000.0,
        "Net Income": 20757000.0,
        "Net Income Including Noncontrolling Interests": 20757000.0,
        "Net Income Continuous Operations": 20757000.0,
        "Tax Provision": 5347000.0,
        "Pretax Income": 26104000.0,
        "Other Income Expense": 750000.0,
        "Other Non Operating Income Expenses": 750000.0,
        "Net Non Operating Interest Income Expense": 164000.0,
        "Interest Expense Non Operating": 26000.0,
        "Interest Income Non Operating": 190000.0,
        "Operating Income": 25190000.0,
        "Operating Expense": 18364000.0,
        "Selling General And Administration": 18364000.0,
        "Selling And Marketing Expense": 8630000.0,
        "General And Administrative Expense": 9734000.0,
        "Other Gand A": 9734000.0,
        "Gross Profit": 43554000.0,
        "Cost Of Revenue": 97099000.0,
        "Total Revenue": 140653000.0,
        "Operating Revenue": 140653000.0
    },
    "2023-06-30": {
        "Tax Effect Of Unusual Items": 0.0,
        "Tax Rate For Calcs": 0.2,
        "Normalized EBITDA": 26773000.0,
        "Net Income From Continuing Operation Net Minority Interest": 16185000.0,
        "Reconciled Depreciation": 6510000.0,
        "Reconciled Cost Of Revenue": 104656000.0,
        "EBITDA": 26773000.0,
        "EBIT": 20263000.0,
        "Net Interest Income": 1449000.0,
        "Interest Expense": 30000.0,
        "Interest Income": 1479000.0,
        "Normalized Income": 16185000.0,
        "Net Income From Continuing And Discontinued Operation": 16185000.0,
        "Total Expenses": 124389000.0,
        "Total Operating Income As Reported": 18415000.0,
        "Diluted NI Availto Com Stockholders": 16185000.0,
        "Net Income Common Stockholders": 16185000.0,
        "Net Income": 16185000.0,
        "Net Income Including Noncontrolling Interests": 16185000.0,
        "Net Income Continuous Operations": 16185000.0,
        "Tax Provision": 4048000.0,
        "Pretax Income": 20233000.0,
        "Other Income Expense": 369000.0,
        "Other Non Operating Income Expenses": 369000.0,
        "Net Non Operating Interest Income Expense": 1449000.0,
        "Interest Expense Non Operating": 30000.0,
        "Interest Income Non Operating": 1479000.0,
        "Operating Income": 18415000.0,
        "Operating Expense": 19733000.0,
        "Selling General And Administration": 19733000.0,
        "Selling And Marketing Expense": 9808000.0,
        "General And Administrative Expense": 9925000.0,
        "Other Gand A": 9925000.0,
        "Gross Profit": 38148000.0,
        "Cost Of Revenue": 104656000.0,
        "Total Revenue": 142804000.0,
        "Operating Revenue": 142804000.0
    },
    "2022-03-31": {
        "Diluted EPS": 1.7,
        "Total Revenue": 167,
        "Gross Profit": 58,
        "Operating Income": 39,
        "EBIT": 45,
        "Net Income": 30
    },
    "2021-12-31": {
        "Diluted EPS": 2.14,
        "Total Revenue": 168,
        "Gross Profit": 63,
        "Operating Income": 45,
        "EBIT": 49,
        "Net Income": 38
    },
    "2021-09-30": {
        "Diluted EPS": 1.98,
        "Total Revenue": 178,
        "Gross Profit": 65,
        "Operating Income": 47,
        "EBIT": 54,
        "Net Income": 35
    },
    "2021-06-30": {
        "Diluted EPS": 2.5,
        "Total Revenue": 200,
        "Gross Profit": 79,
        "Operating Income": 60,
        "EBIT": 67,
        "Net Income": 44
    },
    "2021-03-31": {
        "Diluted EPS": 2.16,
        "Total Revenue": 184,
        "Gross Profit": 73,
        "Operating Income": 52,
        "EBIT": 59,
        "Net Income": 38
    },
    "2020-12-31": {
        "Diluted EPS": 1.78,
        "Total Revenue": 169,
        "Gross Profit": 64,
        "Operating Income": 42,
        "EBIT": 48,
        "Net Income": 32
    },
    "2020-09-30": {
        "Diluted EPS": 1.39,
        "Total Revenue": 146,
        "Gross Profit": 51,
        "Operating Income": 33,
        "EBIT": 40,
        "Net Income": 25
    },
    "2020-06-30": {
        "Diluted EPS": 1.05,
        "Total Revenue": 130,
        "Gross Profit": 40,
        "Operating Income": 24,
        "EBIT": 31,
        "Net Income": 19
    },
    "2020-03-31": {
        "Diluted EPS": 0.87,
        "Total Revenue": 124,
        "Gross Profit": 36,
        "Operating Income": 20,
        "EBIT": 27,
        "Net Income": 15
    },
    "2019-12-31": {
        "Diluted EPS": 0.46,
        "Total Revenue": 105,
        "Gross Profit": 25,
        "Operating Income": 10,
        "EBIT": 17,
        "Net Income": 8
    },
    "2019-09-30": {
        "Diluted EPS": 0.27,
        "Total Revenue": 95,
        "Gross Profit": 20,
        "Operating Income": 6,
        "EBIT": 13,
        "Net Income": 5
    },
    "2019-06-30": {
        "Diluted EPS": 0.35,
        "Total Revenue": 96,
        "Gross Profit": 22,
        "Operating Income": 7,
        "EBIT": 15,
        "Net Income": 6
    },
    "2019-03-31": {
        "Diluted EPS": 0.74,
        "Total Revenue": 114,
        "Gross Profit": 33,
        "Operating Income": 16,
        "EBIT": 24,
        "Net Income": 13
    },
    "2018-12-31": {
        "Diluted EPS": 0.69,
        "Total Revenue": 121,
        "Gross Profit": 34,
        "Operating Income": 17,
        "EBIT": 25,
        "Net Income": 12
    },
    "2018-09-30": {
        "Diluted EPS": 0.52,
        "Total Revenue": 115,
        "Gross Profit": 28,
        "Operating Income": 12,
        "EBIT": 20,
        "Net Income": 9
    },
    "2018-06-30": {
        "Diluted EPS": 0.86,
        "Total Revenue": 128,
        "Gross Profit": 37,
        "Operating Income": 19,
        "EBIT": 28,
        "Net Income": 15
    },
    "2018-03-31": {
        "Diluted EPS": 0.81,
        "Total Revenue": 131,
        "Gross Profit": 36,
        "Operating Income": 19,
        "EBIT": 27,
        "Net Income": 14
    },
    "2017-12-31": {
        "Diluted EPS": 0.6,
        "Total Revenue": 118,
        "Gross Profit": 33,
        "Operating Income": 14,
        "EBIT": 22,
        "Net Income": 10
    },
    "2017-09-30": {
        "Diluted EPS": 0.53,
        "Total Revenue": 105,
        "Gross Profit": 30,
        "Operating Income": 13,
        "EBIT": 21,
        "Net Income": 9
    },
    "2017-06-30": {
        "Diluted EPS": 0.57,
        "Total Revenue": 132,
        "Gross Profit": 35,
        "Operating Income": 15,
        "EBIT": 25,
        "Net Income": 10
    },
    "2017-03-31": {
        "Diluted EPS": 1.21,
        "Total Revenue": 167,
        "Gross Profit": 56,
        "Operating Income": 34,
        "EBIT": 43,
        "Net Income": 22
    },
    "2016-12-31": {
        "Diluted EPS": 1.13,
        "Total Revenue": 162,
        "Gross Profit": 53,
        "Operating Income": 32,
        "EBIT": 42,
        "Net Income": 21
    },
    "2016-09-30": {
        "Diluted EPS": 1.03,
        "Total Revenue": 161,
        "Gross Profit": 50,
        "Operating Income": 30,
        "EBIT": 39,
        "Net Income": 20
    },
    "2016-06-30": {
        "Diluted EPS": 1.22,
        "Total Revenue": 168,
        "Gross Profit": 57,
        "Operating Income": 36,
        "EBIT": 45,
        "Net Income": 24
    },
    "2016-03-31": {
        "Diluted EPS": 1.21,
        "Total Revenue": 173,
        "Gross Profit": 59,
        "Operating Income": 36,
        "EBIT": 45,
        "Net Income": 23
    },
    "2015-12-31": {
        "Diluted EPS": 0.87,
        "Total Revenue": 152,
        "Gross Profit": 48,
        "Operating Income": 26,
        "EBIT": 36,
        "Net Income": 17
    },
    "2015-09-30": {
        "Diluted EPS": 0.62,
        "Total Revenue": 121,
        "Gross Profit": 34,
        "Operating Income": 18,
        "EBIT": 27,
        "Net Income": 12
    },
    "2015-06-30": {
        "Diluted EPS": 0.91,
        "Total Revenue": 141,
        "Gross Profit": 49,
        "Operating Income": 27,
        "EBIT": 36,
        "Net Income": 18
    },
    "2015-03-31": {
        "Diluted EPS": 0.81,
        "Total Revenue": 137,
        "Gross Profit": 41,
        "Operating Income": 24,
        "EBIT": 33,
        "Net Income": 16
    },
    "2014-12-31": {
        "Diluted EPS": -0.73,
        "Total Revenue": 123,
        "Gross Profit": 34,
        "Operating Income": -25,
        "EBIT": -15,
        "Net Income": -15
    },
    "2014-09-30": {
        "Diluted EPS": 0.34,
        "Total Revenue": 98,
        "Gross Profit": 24,
        "Operating Income": 10,
        "EBIT": 19,
        "Net Income": 7
    },
    "2014-06-30": {
        "Diluted EPS": 1.12,
        "Total Revenue": 154,
        "Gross Profit": 50,
        "Operating Income": 33,
        "EBIT": 42,
        "Net Income": 22
    },
    "2014-03-31": {
        "Diluted EPS": 1.22,
        "Total Revenue": 170,
        "Gross Profit": 61,
        "Operating Income": 38,
        "EBIT": 47,
        "Net Income": 24
    },
    "2013-12-31": {
        "Diluted EPS": 1.31,
        "Total Revenue": 182,
        "Gross Profit": 64,
        "Operating Income": 42,
        "EBIT": 48,
        "Net Income": 27
    },
    "2013-09-30": {
        "Diluted EPS": 1.44,
        "Total Revenue": 171,
        "Gross Profit": 63,
        "Operating Income": 45,
        "EBIT": 50,
        "Net Income": 29
    },
    "2013-06-30": {
        "Diluted EPS": 1.63,
        "Total Revenue": 180,
        "Gross Profit": 71,
        "Operating Income": 51,
        "EBIT": 56,
        "Net Income": 32
    },
    "2013-03-31": {
        "Diluted EPS": 1.2,
        "Total Revenue": 156,
        "Gross Profit": 61,
        "Operating Income": 37,
        "EBIT": 42,
        "Net Income": 24
    },
    "2012-12-31": {
        "Diluted EPS": 1.02,
        "Total Revenue": 142,
        "Gross Profit": 49,
        "Operating Income": 31,
        "EBIT": 36,
        "Net Income": 20
    },
    "2012-09-30": {
        "Diluted EPS": 0.88,
        "Total Revenue": 118,
        "Gross Profit": 43,
        "Operating Income": 27,
        "EBIT": 31,
        "Net Income": 17
    },
    "2012-06-30": {
        "Diluted EPS": 0.91,
        "Total Revenue": 120,
        "Gross Profit": 45,
        "Operating Income": 28,
        "EBIT": 32,
        "Net Income": 18
    },
    "2012-03-31": {
        "Diluted EPS": 0.79,
        "Total Revenue": 112,
        "Gross Profit": 42,
        "Operating Income": 24,
        "EBIT": 28,
        "Net Income": 15
    },
    "2011-12-31": {
        "Diluted EPS": 0.55,
        "Total Revenue": 93,
        "Gross Profit": 30,
        "Operating Income": 16,
        "EBIT": 19,
        "Net Income": 11
    },
    "2011-09-30": {
        "Diluted EPS": 0.56,
        "Total Revenue": 81,
        "Gross Profit": 29,
        "Operating Income": 17,
        "EBIT": 20,
        "Net Income": 11
    },
    "2011-06-30": {
        "Diluted EPS": 0.56,
        "Total Revenue": 80,
        "Gross Profit": 28,
        "Operating Income": 17,
        "EBIT": 20,
        "Net Income": 11
    },
    "2011-03-31": {
        "Diluted EPS": 0.42,
        "Total Revenue": 75,
        "Gross Profit": 24,
        "Operating Income": 12,
        "EBIT": 15,
        "Net Income": 8
    },
    "2010-12-31": {
        "Diluted EPS": 0.3,
        "Total Revenue": 64,
        "Gross Profit": 21,
        "Operating Income": 9,
        "EBIT": 11,
        "Net Income": 6
    },
    "2010-09-30": {
        "Diluted EPS": 0.31,
        "Total Revenue": 58,
        "Gross Profit": 19,
        "Operating Income": 9,
        "EBIT": 12,
        "Net Income": 6
    },
    "2010-06-30": {
        "Diluted EPS": 0.42,
        "Total Revenue": 64,
        "Gross Profit": 22,
        "Operating Income": 13,
        "EBIT": 15,
        "Net Income": 8
    },
    "2010-03-31": {
        "Diluted EPS": 0.43,
        "Total Revenue": 68,
        "Gross Profit": 23,
        "Operating Income": 13,
        "EBIT": 15,
        "Net Income": 8
    },
    "2009-12-31": {
        "Diluted EPS": 0.3,
        "Total Revenue": 64,
        "Gross Profit": 21,
        "Operating Income": 9,
        "EBIT": 11,
        "Net Income": 6
    },
    "2009-09-30": {
        "Diluted EPS": 0.37,
        "Total Revenue": 71,
        "Gross Profit": 22,
        "Operating Income": 11,
        "EBIT": 13,
        "Net Income": 7
    },
    "2009-06-30": {
        "Diluted EPS": 0.45,
        "Total Revenue": 72,
        "Gross Profit": 25,
        "Operating Income": 14,
        "EBIT": 16,
        "Net Income": 9
    },
    "2009-03-31": {
        "Diluted EPS": 0.3,
        "Total Revenue": 64,
        "Gross Profit": 20,
        "Operating Income": 9,
        "EBIT": 11,
        "Net Income": 6
    },
    "2023-09-30": {
        "Tax Effect Of Unusual Items": 0.0,
        "Tax Rate For Calcs": 0.081,
        "Normalized EBITDA": 14741000.0,
        "Net Income From Continuing Operation Net Minority Interest": 7431000.0,
        "Reconciled Depreciation": 6530000.0,
        "Reconciled Cost Of Revenue": 96165000.0,
        "EBITDA": 14741000.0,
        "EBIT": 8211000.0,
        "Net Interest Income": 1332000.0,
        "Interest Expense": 122000.0,
        "Interest Income": 1454000.0,
        "Normalized Income": 7431000.0,
        "Net Income From Continuing And Discontinued Operation": 7431000.0,
        "Total Expenses": 114567000.0,
        "Total Operating Income As Reported": 6326000.0,
        "Diluted NI Availto Com Stockholders": 7431000.0,
        "Net Income Common Stockholders": 7431000.0,
        "Net Income": 7431000.0,
        "Net Income Including Noncontrolling Interests": 7431000.0,
        "Net Income Continuous Operations": 7431000.0,
        "Tax Provision": 658000.0,
        "Pretax Income": 8089000.0,
        "Other Income Expense": 431000.0,
        "Other Non Operating Income Expenses": 431000.0,
        "Net Non Operating Interest Income Expense": 1332000.0,
        "Interest Expense Non Operating": 122000.0,
        "Interest Income Non Operating": 1454000.0,
        "Operating Income": 6326000.0,
        "Operating Expense": 18402000.0,
        "Selling General And Administration": 18402000.0,
        "Selling And Marketing Expense": 8669000.0,
        "General And Administrative Expense": 9733000.0,
        "Other Gand A": 9733000.0,
        "Gross Profit": 24728000.0,
        "Cost Of Revenue": 96165000.0,
        "Total Revenue": 120893000.0,
        "Operating Revenue": 120893000.0
    }
}