{
    "2023-03-31": {
        "Tax Effect Of Unusual Items": NaN,
        "Tax Rate For Calcs": NaN,
        "Normalized EBITDA": NaN,
        "Total Unusual Items": -3758000.0,
        "Total Unusual Items Excluding Goodwill": -3758000.0,
        "Net Income From Continuing Operation Net Minority Interest": NaN,
        "Reconciled Depreciation": NaN,
        "Reconciled Cost Of Revenue": NaN,
        "EBITDA": NaN,
        "EBIT": NaN,
        "Net Interest Income": NaN,
        "Interest Expense": NaN,
        "Interest Income": NaN,
        "Normalized Income": NaN,
        "Net Income From Continuing And Discontinued Operation": NaN,
        "Total Expenses": NaN,
        "Rent Expense Supplemental": NaN,
        "Total Operating Income As Reported": NaN,
        "Diluted Average Shares": NaN,
        "Basic Average Shares": NaN,
        "Diluted EPS": NaN,
        "Basic EPS": NaN,
        "Diluted NI Availto Com Stockholders": NaN,
        "Net Income Common Stockholders": NaN,
        "Net Income": NaN,
        "Minority Interests": NaN,
        "Net Income Including Noncontrolling Interests": NaN,
        "Net Income Continuous Operations": NaN,
        "Tax Provision": NaN,
        "Pretax Income": NaN,
        "Other Income Expense": NaN,
        "Other Non Operating Income Expenses": NaN,
        "Special Income Charges": -3758000.0,
        "Gain On Sale Of Business": -3000.0,
        "Other Special Charges": 3093000.0,
        "Write Off": 662000.0,
        "Net Non Operating Interest Income Expense": NaN,
        "Interest Expense Non Operating": NaN,
        "Interest Income Non Operating": NaN,
        "Operating Income": NaN,
        "Operating Expense": NaN,
        "Other Operating Expenses": NaN,
        "Other Taxes": NaN,
        "Depreciation Amortization Depletion Income Statement": NaN,
        "Depreciation And Amortization In Income Statement": NaN,
        "Selling General And Administration": NaN,
        "Selling And Marketing Expense": NaN,
        "General And Administrative Expense": NaN,
        "Other Gand A": NaN,
        "Insurance And Claims": NaN,
        "Rent And Landing Fees": NaN,
        "Salaries And Wages": NaN,
        "Gross Profit": NaN,
        "Cost Of Revenue": NaN,
        "Total Revenue": NaN,
        "Operating Revenue": NaN
    },
    "2022-12-31": {
        "Tax Effect Of Unusual Items": NaN,
        "Tax Rate For Calcs": NaN,
        "Normalized EBITDA": NaN,
        "Total Unusual Items": NaN,
        "Total Unusual Items Excluding Goodwill": NaN,
        "Net Income From Continuing Operation Net Minority Interest": NaN,
        "Reconciled Depreciation": NaN,
        "Reconciled Cost Of Revenue": NaN,
        "EBITDA": NaN,
        "EBIT": NaN,
        "Net Interest Income": NaN,
        "Interest Expense": NaN,
        "Interest Income": NaN,
        "Normalized Income": NaN,
        "Net Income From Continuing And Discontinued Operation": NaN,
        "Total Expenses": NaN,
        "Rent Expense Supplemental": NaN,
        "Total Operating Income As Reported": NaN,
        "Diluted Average Shares": NaN,
        "Basic Average Shares": NaN,
        "Diluted EPS": NaN,
        "Basic EPS": NaN,
        "Diluted NI Availto Com Stockholders": NaN,
        "Net Income Common Stockholders": NaN,
        "Net Income": NaN,
        "Minority Interests": NaN,
        "Net Income Including Noncontrolling Interests": NaN,
        "Net Income Continuous Operations": NaN,
        "Tax Provision": NaN,
        "Pretax Income": NaN,
        "Other Income Expense": NaN,
        "Other Non Operating Income Expenses": 654000.0,
        "Special Income Charges": NaN,
        "Gain On Sale Of Business": NaN,
        "Other Special Charges": NaN,
        "Write Off": NaN,
        "Net Non Operating Interest Income Expense": NaN,
        "Interest Expense Non Operating": NaN,
        "Interest Income Non Operating": NaN,
        "Operating Income": NaN,
        "Operating Expense": NaN,
        "Other Operating Expenses": NaN,
        "Other Taxes": NaN,
        "Depreciation Amortization Depletion Income Statement": NaN,
        "Depreciation And Amortization In Income Statement": NaN,
        "Selling General And Administration": NaN,
        "Selling And Marketing Expense": NaN,
        "General And Administrative Expense": NaN,
        "Other Gand A": NaN,
        "Insurance And Claims": NaN,
        "Rent And Landing Fees": NaN,
        "Salaries And Wages": NaN,
        "Gross Profit": NaN,
        "Cost Of Revenue": NaN,
        "Total Revenue": NaN,
        "Operating Revenue": NaN
    },
    "2022-09-30": {
        "Tax Effect Of Unusual Items": NaN,
        "Tax Rate For Calcs": NaN,
        "Normalized EBITDA": NaN,
        "Total Unusual Items": NaN,
        "Total Unusual Items Excluding Goodwill": NaN,
        "Net Income From Continuing Operation Net Minority Interest": NaN,
        "Reconciled Depreciation": NaN,
        "Reconciled Cost Of Revenue": NaN,
        "EBITDA": NaN,
        "EBIT": NaN,
        "Net Interest Income": NaN,
        "Interest Expense": NaN,
        "Interest Income": NaN,
        "Normalized Income": NaN,
        "Net Income From Continuing And Discontinued Operation": NaN,
        "Total Expenses": NaN,
        "Rent Expense Supplemental": NaN,
        "Total Operating Income As Reported": NaN,
        "Diluted Average Shares": NaN,
        "Basic Average Shares": NaN,
        "Diluted EPS": NaN,
        "Basic EPS": NaN,
        "Diluted NI Availto Com Stockholders": NaN,
        "Net Income Common Stockholders": NaN,
        "Net Income": NaN,
        "Minority Interests": NaN,
        "Net Income Including Noncontrolling Interests": NaN,
        "Net Income Continuous Operations": NaN,
        "Tax Provision": NaN,
        "Pretax Income": NaN,
        "Other Income Expense": NaN,
        "Other Non Operating Income Expenses": 137000.0,
        "Special Income Charges": NaN,
        "Gain On Sale Of Business": NaN,
        "Other Special Charges": NaN,
        "Write Off": 166000.0,
        "Net Non Operating Interest Income Expense": NaN,
        "Interest Expense Non Operating": NaN,
        "Interest Income Non Operating": NaN,
        "Operating Income": NaN,
        "Operating Expense": NaN,
        "Other Operating Expenses": NaN,
        "Other Taxes": NaN,
        "Depreciation Amortization Depletion Income Statement": NaN,
        "Depreciation And Amortization In Income Statement": NaN,
        "Selling General And Administration": NaN,
        "Selling And Marketing Expense": NaN,
        "General And Administrative Expense": NaN,
        "Other Gand A": NaN,
        "Insurance And Claims": NaN,
        "Rent And Landing Fees": NaN,
        "Salaries And Wages": NaN,
        "Gross Profit": NaN,
        "Cost Of Revenue": NaN,
        "Total Revenue": NaN,
        "Operating Revenue": NaN
    },
    "2022-06-30": {
        "Tax Effect Of Unusual Items": -308424.0,
        "Tax Rate For Calcs": 0.213,
        "Normalized EBITDA": 24750000.0,
        "Total Unusual Items": -1448000.0,
        "Total Unusual Items Excluding Goodwill": -1448000.0,
        "Net Income From Continuing Operation Net Minority Interest": 13902000.0,
        "Reconciled Depreciation": 2565000.0,
        "Reconciled Cost Of Revenue": 26569000.0,
        "EBITDA": 23302000.0,
        "EBIT": 20737000.0,
        "Net Interest Income": -2925000.0,
        "Interest Expense": 3028000.0,
        "Interest Income": 103000.0,
        "Normalized Income": 15041576.0,
        "Net Income From Continuing And Discontinued Operation": 13902000.0,
        "Total Expenses": 48706000.0,
        "Rent Expense Supplemental": 1736000.0,
        "Total Operating Income As Reported": 20507000.0,
        "Diluted Average Shares": 9389675.0,
        "Basic Average Shares": 9389675.0,
        "Diluted EPS": 1.48,
        "Basic EPS": 1.48,
        "Diluted NI Availto Com Stockholders": 13902000.0,
        "Net Income Common Stockholders": 13902000.0,
        "Net Income": 13902000.0,
        "Minority Interests": -40000.0,
        "Net Income Including Noncontrolling Interests": 13942000.0,
        "Net Income Continuous Operations": 13942000.0,
        "Tax Provision": 3767000.0,
        "Pretax Income": 17709000.0,
        "Other Income Expense": -1374000.0,
        "Other Non Operating Income Expenses": 74000.0,
        "Special Income Charges": -1448000.0,
        "Gain On Sale Of Business": 266000.0,
        "Other Special Charges": -8000.0,
        "Write Off": 1722000.0,
        "Net Non Operating Interest Income Expense": -2925000.0,
        "Interest Expense Non Operating": 3028000.0,
        "Interest Income Non Operating": 103000.0,
        "Operating Income": 22008000.0,
        "Operating Expense": 22137000.0,
        "Other Operating Expenses": 960000.0,
        "Other Taxes": 2418000.0,
        "Depreciation Amortization Depletion Income Statement": 2565000.0,
        "Depreciation And Amortization In Income Statement": 2565000.0,
        "Selling General And Administration": 16194000.0,
        "Selling And Marketing Expense": 2460000.0,
        "General And Administrative Expense": 13734000.0,
        "Other Gand A": 8436000.0,
        "Insurance And Claims": 2481000.0,
        "Rent And Landing Fees": 1736000.0,
        "Salaries And Wages": 1081000.0,
        "Gross Profit": 44145000.0,
        "Cost Of Revenue": 26569000.0,
        "Total Revenue": 70714000.0,
        "Operating Revenue": 66756000.0
    },
    "2022-03-31": {
        "Diluted EPS": 1.15,
        "Total Revenue": 64,
        "Gross Profit": 55,
        "Operating Income": 17,
        "EBIT": 20,
        "Net Income": 11
    },
    "2021-12-31": {
        "Diluted EPS": 1.12,
        "Total Revenue": 62,
        "Gross Profit": 53,
        "Operating Income": 16,
        "EBIT": 18,
        "Net Income": 11
    },
    "2021-09-30": {
        "Diluted EPS": 0.25,
        "Total Revenue": 55,
        "Gross Profit": 47,
        "Operating Income": 4,
        "EBIT": 6,
        "Net Income": 2
    },
    "2021-06-30": {
        "Diluted EPS": 1.37,
        "Total Revenue": 58,
        "Gross Profit": 49,
        "Operating Income": 19,
        "EBIT": 21,
        "Net Income": 12
    },
    "2021-03-31": {
        "Diluted EPS": 0.68,
        "Total Revenue": 44,
        "Gross Profit": 37,
        "Operating Income": 10,
        "EBIT": 12,
        "Net Income": 6
    },
    "2020-12-31": {
        "Diluted EPS": 1.07,
        "Total Revenue": 38,
        "Gross Profit": 32,
        "Operating Income": 7,
        "EBIT": 9,
        "Net Income": 10
    },
    "2020-09-30": {
        "Diluted EPS": -0.29,
        "Total Revenue": 29,
        "Gross Profit": 24,
        "Operating Income": 0,
        "EBIT": 2,
        "Net Income": -3
    },
    "2020-06-30": {
        "Diluted EPS": -0.6,
        "Total Revenue": 15,
        "Gross Profit": 12,
        "Operating Income": -5,
        "EBIT": -2,
        "Net Income": -5
    },
    "2020-03-31": {
        "Diluted EPS": -0.37,
        "Total Revenue": 40,
        "Gross Profit": 35,
        "Operating Income": -2,
        "EBIT": 0,
        "Net Income": -3
    },
    "2019-12-31": {
        "Diluted EPS": 0.6,
        "Total Revenue": 48,
        "Gross Profit": 42,
        "Operating Income": 10,
        "EBIT": 12,
        "Net Income": 6
    },
    "2019-09-30": {
        "Diluted EPS": 0.16,
        "Total Revenue": 45,
        "Gross Profit": 39,
        "Operating Income": 2,
        "EBIT": 5,
        "Net Income": 2
    },
    "2019-06-30": {
        "Diluted EPS": 0.59,
        "Total Revenue": 47,
        "Gross Profit": 40,
        "Operating Income": 10,
        "EBIT": 13,
        "Net Income": 6
    },
    "2019-03-31": {
        "Diluted EPS": 0.7,
        "Total Revenue": 45,
        "Gross Profit": 39,
        "Operating Income": 11,
        "EBIT": 13,
        "Net Income": 7
    },
    "2018-12-31": {
        "Diluted EPS": 0.65,
        "Total Revenue": 44,
        "Gross Profit": 38,
        "Operating Income": 11,
        "EBIT": 13,
        "Net Income": 6
    },
    "2018-09-30": {
        "Diluted EPS": -0.35,
        "Total Revenue": 41,
        "Gross Profit": 35,
        "Operating Income": 1,
        "EBIT": 3,
        "Net Income": -4
    },
    "2018-06-30": {
        "Diluted EPS": 0.55,
        "Total Revenue": 43,
        "Gross Profit": 37,
        "Operating Income": 9,
        "EBIT": 12,
        "Net Income": 5
    },
    "2018-03-31": {
        "Diluted EPS": 0.48,
        "Total Revenue": 41,
        "Gross Profit": 36,
        "Operating Income": 8,
        "EBIT": 10,
        "Net Income": 5
    },
    "2017-12-31": {
        "Diluted EPS": 1.47,
        "Total Revenue": 41,
        "Gross Profit": 35,
        "Operating Income": 9,
        "EBIT": 11,
        "Net Income": 14
    },
    "2017-09-30": {
        "Diluted EPS": -0.24,
        "Total Revenue": 39,
        "Gross Profit": 34,
        "Operating Income": 1,
        "EBIT": 3,
        "Net Income": -2
    },
    "2017-06-30": {
        "Diluted EPS": 0.4,
        "Total Revenue": 37,
        "Gross Profit": 32,
        "Operating Income": 8,
        "EBIT": 10,
        "Net Income": 4
    },
    "2017-03-31": {
        "Diluted EPS": 0.39,
        "Total Revenue": 35,
        "Gross Profit": 30,
        "Operating Income": 7,
        "EBIT": 9,
        "Net Income": 4
    },
    "2016-12-31": {
        "Diluted EPS": 0.3,
        "Total Revenue": 34,
        "Gross Profit": 29,
        "Operating Income": 6,
        "EBIT": 8,
        "Net Income": 3
    },
    "2016-09-30": {
        "Diluted EPS": 0.05,
        "Total Revenue": 33,
        "Gross Profit": 28,
        "Operating Income": 1,
        "EBIT": 3,
        "Net Income": 1
    },
    "2016-06-30": {
        "Diluted EPS": 0.27,
        "Total Revenue": 34,
        "Gross Profit": 29,
        "Operating Income": 7,
        "EBIT": 8,
        "Net Income": 3
    },
    "2016-03-31": {
        "Diluted EPS": 0.54,
        "Total Revenue": 34,
        "Gross Profit": 29,
        "Operating Income": 8,
        "EBIT": 9,
        "Net Income": 6
    },
    "2015-12-31": {
        "Diluted EPS": 0.25,
        "Total Revenue": 33,
        "Gross Profit": 28,
        "Operating Income": 6,
        "EBIT": 8,
        "Net Income": 3
    },
    "2015-09-30": {
        "Diluted EPS": 0.07,
        "Total Revenue": 33,
        "Gross Profit": 28,
        "Operating Income": 3,
        "EBIT": 5,
        "Net Income": 0
    },
    "2015-06-30": {
        "Diluted EPS": 0.78,
        "Total Revenue": 33,
        "Gross Profit": 28,
        "Operating Income": 14,
        "EBIT": 16,
        "Net Income": 8
    },
    "2015-03-31": {
        "Diluted EPS": -0.28,
        "Total Revenue": 35,
        "Gross Profit": 30,
        "Operating Income": -3,
        "EBIT": -1,
        "Net Income": -3
    },
    "2014-12-31": {
        "Diluted EPS": 0.32,
        "Total Revenue": 34,
        "Gross Profit": 29,
        "Operating Income": 6,
        "EBIT": 8,
        "Net Income": 3
    },
    "2014-09-30": {
        "Diluted EPS": 0.44,
        "Total Revenue": 26,
        "Gross Profit": 21,
        "Operating Income": 3,
        "EBIT": 5,
        "Net Income": 4
    },
    "2014-06-30": {
        "Diluted EPS": 0.07,
        "Total Revenue": 33,
        "Gross Profit": 29,
        "Operating Income": 3,
        "EBIT": 4,
        "Net Income": 1
    },
    "2014-03-31": {
        "Diluted EPS": 0.37,
        "Total Revenue": 33,
        "Gross Profit": 29,
        "Operating Income": 7,
        "EBIT": 9,
        "Net Income": 4
    },
    "2013-12-31": {
        "Diluted EPS": 0.25,
        "Total Revenue": 29,
        "Gross Profit": 26,
        "Operating Income": 6,
        "EBIT": 7,
        "Net Income": 2
    },
    "2013-09-30": {
        "Diluted EPS": 0.16,
        "Total Revenue": 28,
        "Gross Profit": 24,
        "Operating Income": 4,
        "EBIT": 6,
        "Net Income": 2
    },
    "2013-06-30": {
        "Diluted EPS": 0.23,
        "Total Revenue": 28,
        "Gross Profit": 25,
        "Operating Income": 5,
        "EBIT": 7,
        "Net Income": 2
    },
    "2013-03-31": {
        "Diluted EPS": 0.29,
        "Total Revenue": 29,
        "Gross Profit": 25,
        "Operating Income": 6,
        "EBIT": 8,
        "Net Income": 3
    },
    "2012-12-31": {
        "Diluted EPS": 0.28,
        "Total Revenue": 27,
        "Gross Profit": 24,
        "Operating Income": 6,
        "EBIT": 7,
        "Net Income": 3
    },
    "2012-09-30": {
        "Diluted EPS": 0.14,
        "Total Revenue": 24,
        "Gross Profit": 21,
        "Operating Income": 3,
        "EBIT": 5,
        "Net Income": 1
    },
    "2012-06-30": {
        "Diluted EPS": 0.19,
        "Total Revenue": 24,
        "Gross Profit": 21,
        "Operating Income": 4,
        "EBIT": 5,
        "Net Income": 2
    },
    "2012-03-31": {
        "Diluted EPS": 0.22,
        "Total Revenue": 25,
        "Gross Profit": 22,
        "Operating Income": 4,
        "EBIT": 6,
        "Net Income": 2
    },
    "2011-12-31": {
        "Diluted EPS": 0.23,
        "Total Revenue": 22,
        "Gross Profit": 19,
        "Operating Income": 4,
        "EBIT": 6,
        "Net Income": 2
    },
    "2011-09-30": {
        "Diluted EPS": 0.2,
        "Total Revenue": 21,
        "Gross Profit": 19,
        "Operating Income": 4,
        "EBIT": 5,
        "Net Income": 2
    },
    "2011-06-30": {
        "Diluted EPS": 0.09,
        "Total Revenue": 21,
        "Gross Profit": 18,
        "Operating Income": 4,
        "EBIT": 5,
        "Net Income": 1
    },
    "2011-03-31": {
        "Diluted EPS": 0.29,
        "Total Revenue": 22,
        "Gross Profit": 19,
        "Operating Income": 6,
        "EBIT": 7,
        "Net Income": 3
    },
    "2010-12-31": {
        "Diluted EPS": 0.21,
        "Total Revenue": 20,
        "Gross Profit": 17,
        "Operating Income": 4,
        "EBIT": 5,
        "Net Income": 2
    },
    "2010-09-30": {
        "Diluted EPS": -1.3,
        "Total Revenue": 14,
        "Gross Profit": 12,
        "Operating Income": 0,
        "EBIT": 1,
        "Net Income": -13
    },
    "2010-06-30": {
        "Diluted EPS": 0.09,
        "Total Revenue": 18,
        "Gross Profit": 16,
        "Operating Income": 4,
        "EBIT": 4,
        "Net Income": 1
    },
    "2010-03-31": {
        "Diluted EPS": 0.31,
        "Total Revenue": 22,
        "Gross Profit": 20,
        "Operating Income": 5,
        "EBIT": 6,
        "Net Income": 3
    },
    "2009-12-31": {
        "Diluted EPS": 0.08,
        "Total Revenue": 20,
        "Gross Profit": 18,
        "Operating Income": 2,
        "EBIT": 3,
        "Net Income": 1
    },
    "2009-09-30": {
        "Diluted EPS": 0.19,
        "Total Revenue": 9,
        "Gross Profit": 8,
        "Operating Income": 7,
        "EBIT": 7,
        "Net Income": 2
    },
    "2009-06-30": {
        "Diluted EPS": 0.19,
        "Total Revenue": 21,
        "Gross Profit": 19,
        "Operating Income": 4,
        "EBIT": 5,
        "Net Income": 2
    },
    "2009-03-31": {
        "Diluted EPS": 0.09,
        "Total Revenue": 18,
        "Gross Profit": 16,
        "Operating Income": 2,
        "EBIT": 3,
        "Net Income": 1
    },
    "2023-06-30": {
        "Tax Effect Of Unusual Items": -520389.0,
        "Tax Rate For Calcs": 0.201,
        "Normalized EBITDA": 22232000.0,
        "Total Unusual Items": -2589000.0,
        "Total Unusual Items Excluding Goodwill": -2589000.0,
        "Net Income From Continuing Operation Net Minority Interest": 9085000.0,
        "Reconciled Depreciation": 4041000.0,
        "Reconciled Cost Of Revenue": 31107000.0,
        "EBITDA": 19643000.0,
        "EBIT": 15602000.0,
        "Net Interest Income": -4229000.0,
        "Interest Expense": 4316000.0,
        "Interest Income": 87000.0,
        "Normalized Income": 11153611.0,
        "Net Income From Continuing And Discontinued Operation": 9085000.0,
        "Total Expenses": 58951000.0,
        "Rent Expense Supplemental": 1836000.0,
        "Total Operating Income As Reported": 15515000.0,
        "Diluted Average Shares": 9430225.0,
        "Basic Average Shares": 9430225.0,
        "Diluted EPS": 0.96,
        "Basic EPS": 0.96,
        "Diluted NI Availto Com Stockholders": 9085000.0,
        "Net Income Common Stockholders": 9085000.0,
        "Net Income": 9085000.0,
        "Minority Interests": 68000.0,
        "Net Income Including Noncontrolling Interests": 9017000.0,
        "Net Income Continuous Operations": 9017000.0,
        "Tax Provision": 2269000.0,
        "Pretax Income": 11286000.0,
        "Other Income Expense": -2589000.0,
        "Other Non Operating Income Expenses": NaN,
        "Special Income Charges": -2589000.0,
        "Gain On Sale Of Business": 105000.0,
        "Other Special Charges": 63000.0,
        "Write Off": 2631000.0,
        "Net Non Operating Interest Income Expense": -4229000.0,
        "Interest Expense Non Operating": 4316000.0,
        "Interest Income Non Operating": 87000.0,
        "Operating Income": 18104000.0,
        "Operating Expense": 27844000.0,
        "Other Operating Expenses": 1367000.0,
        "Other Taxes": 2969000.0,
        "Depreciation Amortization Depletion Income Statement": 4041000.0,
        "Depreciation And Amortization In Income Statement": 4041000.0,
        "Selling General And Administration": 19467000.0,
        "Selling And Marketing Expense": 3284000.0,
        "General And Administrative Expense": 16183000.0,
        "Other Gand A": 11159000.0,
        "Insurance And Claims": 2718000.0,
        "Rent And Landing Fees": 1836000.0,
        "Salaries And Wages": 470000.0,
        "Gross Profit": 45948000.0,
        "Cost Of Revenue": 31107000.0,
        "Total Revenue": 77055000.0,
        "Operating Revenue": 72219000.0
    },
    "2023-09-30": {
        "Tax Effect Of Unusual Items": -2086560.0,
        "Tax Rate For Calcs": 0.21,
        "Normalized EBITDA": 19743000.0,
        "Total Unusual Items": -9936000.0,
        "Total Unusual Items Excluding Goodwill": -9936000.0,
        "Net Income From Continuing Operation Net Minority Interest": 2191000.0,
        "Reconciled Depreciation": 4043000.0,
        "Reconciled Cost Of Revenue": 31164000.0,
        "EBITDA": 9807000.0,
        "EBIT": 5764000.0,
        "Net Interest Income": -4126000.0,
        "Interest Expense": 4246000.0,
        "Interest Income": 120000.0,
        "Normalized Income": 10040440.0,
        "Net Income From Continuing And Discontinued Operation": 2191000.0,
        "Total Expenses": 59670000.0,
        "Rent Expense Supplemental": 1843000.0,
        "Total Operating Income As Reported": 5644000.0,
        "Diluted Average Shares": 9417166.0,
        "Basic Average Shares": 9417166.0,
        "Diluted EPS": 0.23,
        "Basic EPS": 0.23,
        "Diluted NI Availto Com Stockholders": 2191000.0,
        "Net Income Common Stockholders": 2191000.0,
        "Net Income": 2191000.0,
        "Minority Interests": 72000.0,
        "Net Income Including Noncontrolling Interests": 2119000.0,
        "Net Income Continuous Operations": 2119000.0,
        "Tax Provision": -601000.0,
        "Pretax Income": 1518000.0,
        "Other Income Expense": -9936000.0,
        "Other Non Operating Income Expenses": NaN,
        "Special Income Charges": -9936000.0,
        "Gain On Sale Of Business": -10000.0,
        "Other Special Charges": 590000.0,
        "Write Off": 9336000.0,
        "Net Non Operating Interest Income Expense": -4126000.0,
        "Interest Expense Non Operating": 4246000.0,
        "Interest Income Non Operating": 120000.0,
        "Operating Income": 15580000.0,
        "Operating Expense": 28506000.0,
        "Other Operating Expenses": 1186000.0,
        "Other Taxes": 3574000.0,
        "Depreciation Amortization Depletion Income Statement": 4043000.0,
        "Depreciation And Amortization In Income Statement": 4043000.0,
        "Selling General And Administration": 19703000.0,
        "Selling And Marketing Expense": 3243000.0,
        "General And Administrative Expense": 16460000.0,
        "Other Gand A": 11416000.0,
        "Insurance And Claims": 2730000.0,
        "Rent And Landing Fees": 1843000.0,
        "Salaries And Wages": 471000.0,
        "Gross Profit": 44086000.0,
        "Cost Of Revenue": 31164000.0,
        "Total Revenue": 75250000.0,
        "Operating Revenue": 70135000.0
    },
    "2023-12-31": {
        "Tax Effect Of Unusual Items": 0.0,
        "Tax Rate For Calcs": 0.199,
        "Normalized EBITDA": 17112000.0,
        "Total Unusual Items": NaN,
        "Total Unusual Items Excluding Goodwill": NaN,
        "Net Income From Continuing Operation Net Minority Interest": 7226000.0,
        "Reconciled Depreciation": 3853000.0,
        "Reconciled Cost Of Revenue": 31691000.0,
        "EBITDA": 17112000.0,
        "EBIT": 13259000.0,
        "Net Interest Income": -4122000.0,
        "Interest Expense": 4216000.0,
        "Interest Income": 94000.0,
        "Normalized Income": 7226000.0,
        "Net Income From Continuing And Discontinued Operation": 7226000.0,
        "Total Expenses": 60745000.0,
        "Rent Expense Supplemental": 1824000.0,
        "Total Operating Income As Reported": 13165000.0,
        "Diluted Average Shares": 9367151.0,
        "Basic Average Shares": 9367151.0,
        "Diluted EPS": 0.77,
        "Basic EPS": 0.77,
        "Diluted NI Availto Com Stockholders": 7226000.0,
        "Net Income Common Stockholders": 7226000.0,
        "Net Income": 7226000.0,
        "Minority Interests": -18000.0,
        "Net Income Including Noncontrolling Interests": 7244000.0,
        "Net Income Continuous Operations": 7244000.0,
        "Tax Provision": 1799000.0,
        "Pretax Income": 9043000.0,
        "Other Income Expense": 3000.0,
        "Other Non Operating Income Expenses": 3000.0,
        "Special Income Charges": NaN,
        "Gain On Sale Of Business": NaN,
        "Other Special Charges": NaN,
        "Write Off": NaN,
        "Net Non Operating Interest Income Expense": -4122000.0,
        "Interest Expense Non Operating": 4216000.0,
        "Interest Income Non Operating": 94000.0,
        "Operating Income": 13162000.0,
        "Operating Expense": 29054000.0,
        "Other Operating Expenses": 1099000.0,
        "Other Taxes": 4042000.0,
        "Depreciation Amortization Depletion Income Statement": 3853000.0,
        "Depreciation And Amortization In Income Statement": 3853000.0,
        "Selling General And Administration": 20060000.0,
        "Selling And Marketing Expense": 3474000.0,
        "General And Administrative Expense": 16586000.0,
        "Other Gand A": 10977000.0,
        "Insurance And Claims": 3315000.0,
        "Rent And Landing Fees": 1824000.0,
        "Salaries And Wages": 470000.0,
        "Gross Profit": 42216000.0,
        "Cost Of Revenue": 31691000.0,
        "Total Revenue": 73907000.0,
        "Operating Revenue": 69237000.0
    },
    "2024-03-31": {
        "Tax Effect Of Unusual Items": -57365.0,
        "Tax Rate For Calcs": 0.007,
        "Normalized EBITDA": 16832000.0,
        "Total Unusual Items": -8195000.0,
        "Total Unusual Items Excluding Goodwill": -8195000.0,
        "Net Income From Continuing Operation Net Minority Interest": 774000.0,
        "Reconciled Depreciation": 3884000.0,
        "Reconciled Cost Of Revenue": 30894000.0,
        "EBITDA": 8637000.0,
        "EBIT": 4753000.0,
        "Net Interest Income": -3903000.0,
        "Interest Expense": 3999000.0,
        "Interest Income": 96000.0,
        "Normalized Income": 8911635.0,
        "Net Income From Continuing And Discontinued Operation": 774000.0,
        "Total Expenses": 59431000.0,
        "Rent Expense Supplemental": 1785000.0,
        "Total Operating Income As Reported": 4657000.0,
        "Diluted Average Shares": 9350292.0,
        "Basic Average Shares": 9350292.0,
        "Diluted EPS": 0.08,
        "Basic EPS": 0.08,
        "Diluted NI Availto Com Stockholders": 774000.0,
        "Net Income Common Stockholders": 774000.0,
        "Net Income": 774000.0,
        "Minority Interests": 25000.0,
        "Net Income Including Noncontrolling Interests": 749000.0,
        "Net Income Continuous Operations": 749000.0,
        "Tax Provision": 5000.0,
        "Pretax Income": 754000.0,
        "Other Income Expense": -8195000.0,
        "Other Non Operating Income Expenses": NaN,
        "Special Income Charges": -8195000.0,
        "Gain On Sale Of Business": 5000.0,
        "Other Special Charges": 167000.0,
        "Write Off": 8033000.0,
        "Net Non Operating Interest Income Expense": -3903000.0,
        "Interest Expense Non Operating": 3999000.0,
        "Interest Income Non Operating": 96000.0,
        "Operating Income": 12852000.0,
        "Operating Expense": 28537000.0,
        "Other Operating Expenses": 1114000.0,
        "Other Taxes": 3967000.0,
        "Depreciation Amortization Depletion Income Statement": 3884000.0,
        "Depreciation And Amortization In Income Statement": 3884000.0,
        "Selling General And Administration": 19572000.0,
        "Selling And Marketing Expense": 2993000.0,
        "General And Administrative Expense": 16579000.0,
        "Other Gand A": 11058000.0,
        "Insurance And Claims": 3265000.0,
        "Rent And Landing Fees": 1785000.0,
        "Salaries And Wages": 471000.0,
        "Gross Profit": 41389000.0,
        "Cost Of Revenue": 30894000.0,
        "Total Revenue": 72283000.0,
        "Operating Revenue": 67539000.0
    },
    "2024-06-30": {
        "Tax Effect Of Unusual Items": -3925900.0,
        "Tax Rate For Calcs": 0.215,
        "Normalized EBITDA": 19755000.0,
        "Total Unusual Items": -18260000.0,
        "Total Unusual Items Excluding Goodwill": -18260000.0,
        "Net Income From Continuing Operation Net Minority Interest": -5233000.0,
        "Reconciled Depreciation": 3901000.0,
        "Reconciled Cost Of Revenue": 31498000.0,
        "EBITDA": 1495000.0,
        "EBIT": -2406000.0,
        "Net Interest Income": -4110000.0,
        "Interest Expense": 4240000.0,
        "Interest Income": 130000.0,
        "Normalized Income": 9101100.0,
        "Net Income From Continuing And Discontinued Operation": -5233000.0,
        "Total Expenses": 60456000.0,
        "Rent Expense Supplemental": 1793000.0,
        "Total Operating Income As Reported": -2536000.0,
        "Diluted Average Shares": 9278921.0,
        "Basic Average Shares": 9278921.0,
        "Diluted EPS": -0.56,
        "Basic EPS": -0.56,
        "Diluted NI Availto Com Stockholders": -5233000.0,
        "Net Income Common Stockholders": -5233000.0,
        "Net Income": -5233000.0,
        "Minority Interests": -13000.0,
        "Net Income Including Noncontrolling Interests": -5220000.0,
        "Net Income Continuous Operations": -5220000.0,
        "Tax Provision": -1426000.0,
        "Pretax Income": -6646000.0,
        "Other Income Expense": -18260000.0,
        "Other Non Operating Income Expenses": NaN,
        "Special Income Charges": -18260000.0,
        "Gain On Sale Of Business": -188000.0,
        "Other Special Charges": 141000.0,
        "Write Off": 17931000.0,
        "Net Non Operating Interest Income Expense": -4110000.0,
        "Interest Expense Non Operating": 4240000.0,
        "Interest Income Non Operating": 130000.0,
        "Operating Income": 15724000.0,
        "Operating Expense": 28958000.0,
        "Other Operating Expenses": 1154000.0,
        "Other Taxes": 4575000.0,
        "Depreciation Amortization Depletion Income Statement": 3901000.0,
        "Depreciation And Amortization In Income Statement": 3901000.0,
        "Selling General And Administration": 19328000.0,
        "Selling And Marketing Expense": 3072000.0,
        "General And Administrative Expense": 16256000.0,
        "Other Gand A": 10809000.0,
        "Insurance And Claims": 3183000.0,
        "Rent And Landing Fees": 1793000.0,
        "Salaries And Wages": 471000.0,
        "Gross Profit": 44682000.0,
        "Cost Of Revenue": 31498000.0,
        "Total Revenue": 76180000.0,
        "Operating Revenue": 71446000.0
    }
}