{
    "2023-03-31": {
        "Tax Effect Of Unusual Items": 0.0,
        "Tax Rate For Calcs": 0.0,
        "Normalized EBITDA": -11975000.0,
        "Net Income From Continuing Operation Net Minority Interest": -13536000.0,
        "Reconciled Depreciation": 357000.0,
        "Reconciled Cost Of Revenue": 977000.0,
        "EBITDA": -11975000.0,
        "EBIT": -12332000.0,
        "Net Interest Income": -811000.0,
        "Interest Expense": 1204000.0,
        "Interest Income": 393000.0,
        "Normalized Income": -13536000.0,
        "Net Income From Continuing And Discontinued Operation": -13536000.0,
        "Total Expenses": 38795000.0,
        "Total Operating Income As Reported": -12725000.0,
        "Diluted Average Shares": 173568000.0,
        "Basic Average Shares": 173568000.0,
        "Diluted EPS": -0.08,
        "Basic EPS": -0.08,
        "Diluted NI Availto Com Stockholders": -13536000.0,
        "Net Income Common Stockholders": -13536000.0,
        "Net Income": -13536000.0,
        "Net Income Including Noncontrolling Interests": -13536000.0,
        "Net Income Continuous Operations": -13536000.0,
        "Tax Provision": NaN,
        "Pretax Income": -13536000.0,
        "Net Non Operating Interest Income Expense": -811000.0,
        "Interest Expense Non Operating": 1204000.0,
        "Interest Income Non Operating": 393000.0,
        "Operating Income": -12725000.0,
        "Operating Expense": 37818000.0,
        "Research And Development": 10089000.0,
        "Selling General And Administration": 27729000.0,
        "Gross Profit": 25093000.0,
        "Cost Of Revenue": 977000.0,
        "Total Revenue": 26070000.0,
        "Operating Revenue": 35523000.0
    },
    "2022-12-31": {
        "Tax Effect Of Unusual Items": NaN,
        "Tax Rate For Calcs": NaN,
        "Normalized EBITDA": NaN,
        "Net Income From Continuing Operation Net Minority Interest": NaN,
        "Reconciled Depreciation": NaN,
        "Reconciled Cost Of Revenue": NaN,
        "EBITDA": NaN,
        "EBIT": NaN,
        "Net Interest Income": NaN,
        "Interest Expense": NaN,
        "Interest Income": NaN,
        "Normalized Income": NaN,
        "Net Income From Continuing And Discontinued Operation": NaN,
        "Total Expenses": NaN,
        "Total Operating Income As Reported": NaN,
        "Diluted Average Shares": 172856000.0,
        "Basic Average Shares": 172851000.0,
        "Diluted EPS": 0.01,
        "Basic EPS": 0.01,
        "Diluted NI Availto Com Stockholders": NaN,
        "Net Income Common Stockholders": NaN,
        "Net Income": NaN,
        "Net Income Including Noncontrolling Interests": NaN,
        "Net Income Continuous Operations": NaN,
        "Tax Provision": 0.0,
        "Pretax Income": NaN,
        "Net Non Operating Interest Income Expense": NaN,
        "Interest Expense Non Operating": NaN,
        "Interest Income Non Operating": NaN,
        "Operating Income": NaN,
        "Operating Expense": NaN,
        "Research And Development": NaN,
        "Selling General And Administration": NaN,
        "Gross Profit": NaN,
        "Cost Of Revenue": NaN,
        "Total Revenue": NaN,
        "Operating Revenue": NaN
    },
    "2022-09-30": {
        "Tax Effect Of Unusual Items": NaN,
        "Tax Rate For Calcs": NaN,
        "Normalized EBITDA": NaN,
        "Net Income From Continuing Operation Net Minority Interest": NaN,
        "Reconciled Depreciation": NaN,
        "Reconciled Cost Of Revenue": NaN,
        "EBITDA": NaN,
        "EBIT": NaN,
        "Net Interest Income": NaN,
        "Interest Expense": NaN,
        "Interest Income": NaN,
        "Normalized Income": NaN,
        "Net Income From Continuing And Discontinued Operation": NaN,
        "Total Expenses": NaN,
        "Total Operating Income As Reported": NaN,
        "Diluted Average Shares": NaN,
        "Basic Average Shares": NaN,
        "Diluted EPS": NaN,
        "Basic EPS": NaN,
        "Diluted NI Availto Com Stockholders": NaN,
        "Net Income Common Stockholders": NaN,
        "Net Income": NaN,
        "Net Income Including Noncontrolling Interests": NaN,
        "Net Income Continuous Operations": NaN,
        "Tax Provision": 0.0,
        "Pretax Income": NaN,
        "Net Non Operating Interest Income Expense": NaN,
        "Interest Expense Non Operating": NaN,
        "Interest Income Non Operating": NaN,
        "Operating Income": NaN,
        "Operating Expense": NaN,
        "Research And Development": NaN,
        "Selling General And Administration": NaN,
        "Gross Profit": NaN,
        "Cost Of Revenue": NaN,
        "Total Revenue": NaN,
        "Operating Revenue": NaN
    },
    "2022-06-30": {
        "Tax Effect Of Unusual Items": 0.0,
        "Tax Rate For Calcs": 0.0,
        "Normalized EBITDA": -12686000.0,
        "Total Unusual Items": NaN,
        "Total Unusual Items Excluding Goodwill": NaN,
        "Net Income From Continuing Operation Net Minority Interest": -13492000.0,
        "Reconciled Depreciation": 237000.0,
        "Reconciled Cost Of Revenue": 1036000.0,
        "EBITDA": -12686000.0,
        "EBIT": -12923000.0,
        "Net Interest Income": -527000.0,
        "Interest Expense": 569000.0,
        "Interest Income": 42000.0,
        "Normalized Income": -13492000.0,
        "Net Income From Continuing And Discontinued Operation": -13492000.0,
        "Total Expenses": 42784000.0,
        "Total Operating Income As Reported": -12965000.0,
        "Diluted Average Shares": 172147000.0,
        "Basic Average Shares": 172147000.0,
        "Diluted EPS": -0.08,
        "Basic EPS": -0.08,
        "Diluted NI Availto Com Stockholders": -13492000.0,
        "Net Income Common Stockholders": -13492000.0,
        "Net Income": -13492000.0,
        "Net Income Including Noncontrolling Interests": -13492000.0,
        "Net Income Continuous Operations": -13492000.0,
        "Tax Provision": 0.0,
        "Pretax Income": -13492000.0,
        "Other Income Expense": NaN,
        "Special Income Charges": NaN,
        "Restructuring And Mergern Acquisition": NaN,
        "Net Non Operating Interest Income Expense": -527000.0,
        "Interest Expense Non Operating": 569000.0,
        "Interest Income Non Operating": 42000.0,
        "Operating Income": -12965000.0,
        "Operating Expense": 41748000.0,
        "Research And Development": 14767000.0,
        "Selling General And Administration": 26981000.0,
        "General And Administrative Expense": NaN,
        "Other Gand A": NaN,
        "Salaries And Wages": NaN,
        "Gross Profit": 28783000.0,
        "Cost Of Revenue": 1036000.0,
        "Total Revenue": 29819000.0,
        "Operating Revenue": 29819000.0
    },
    "2023-06-30": {
        "Tax Effect Of Unusual Items": 0.0,
        "Tax Rate For Calcs": 0.0,
        "Normalized EBITDA": -4442000.0,
        "Net Income From Continuing Operation Net Minority Interest": -6600000.0,
        "Reconciled Depreciation": 296000.0,
        "Reconciled Cost Of Revenue": 1075000.0,
        "EBITDA": -4442000.0,
        "EBIT": -4738000.0,
        "Net Interest Income": -1333000.0,
        "Interest Expense": 1862000.0,
        "Interest Income": 529000.0,
        "Normalized Income": -6600000.0,
        "Net Income From Continuing And Discontinued Operation": -6600000.0,
        "Total Expenses": 32153000.0,
        "Total Operating Income As Reported": -5267000.0,
        "Diluted Average Shares": 173748000.0,
        "Basic Average Shares": 173748000.0,
        "Diluted EPS": -0.04,
        "Basic EPS": -0.04,
        "Diluted NI Availto Com Stockholders": -6600000.0,
        "Net Income Common Stockholders": -6600000.0,
        "Net Income": -6600000.0,
        "Net Income Including Noncontrolling Interests": -6600000.0,
        "Net Income Continuous Operations": -6600000.0,
        "Tax Provision": NaN,
        "Pretax Income": -6600000.0,
        "Net Non Operating Interest Income Expense": -1333000.0,
        "Interest Expense Non Operating": 1862000.0,
        "Interest Income Non Operating": 529000.0,
        "Operating Income": -5267000.0,
        "Operating Expense": 31078000.0,
        "Research And Development": 4772000.0,
        "Selling General And Administration": 26306000.0,
        "Gross Profit": 25811000.0,
        "Cost Of Revenue": 1075000.0,
        "Total Revenue": 26886000.0,
        "Operating Revenue": 26886000.0
    },
    "2022-03-31": {
        "Diluted EPS": -0.16,
        "Total Revenue": 17,
        "Gross Profit": 17,
        "Operating Income": -26,
        "EBIT": -26,
        "Net Income": -27
    },
    "2021-12-31": {
        "Diluted EPS": -0.13,
        "Total Revenue": 20,
        "Gross Profit": 20,
        "Operating Income": -21,
        "EBIT": -21,
        "Net Income": -23
    },
    "2021-09-30": {
        "Diluted EPS": -0.12,
        "Total Revenue": 22,
        "Gross Profit": 21,
        "Operating Income": -20,
        "EBIT": -19,
        "Net Income": -21
    },
    "2021-06-30": {
        "Diluted EPS": -0.08,
        "Total Revenue": 26,
        "Gross Profit": 26,
        "Operating Income": -13,
        "EBIT": -13,
        "Net Income": -14
    },
    "2021-03-31": {
        "Diluted EPS": 0.22,
        "Total Revenue": 81,
        "Gross Profit": 81,
        "Operating Income": 42,
        "EBIT": 42,
        "Net Income": 40
    },
    "2020-12-31": {
        "Diluted EPS": -0.13,
        "Total Revenue": 18,
        "Gross Profit": 18,
        "Operating Income": -19,
        "EBIT": -19,
        "Net Income": -19
    },
    "2020-09-30": {
        "Diluted EPS": -0.08,
        "Total Revenue": 18,
        "Gross Profit": 18,
        "Operating Income": -14,
        "EBIT": -14,
        "Net Income": -14
    },
    "2020-06-30": {
        "Diluted EPS": -0.1,
        "Total Revenue": 16,
        "Gross Profit": 16,
        "Operating Income": -17,
        "EBIT": -17,
        "Net Income": -18
    },
    "2020-03-31": {
        "Diluted EPS": 0.13,
        "Total Revenue": 56,
        "Gross Profit": 56,
        "Operating Income": 21,
        "EBIT": 21,
        "Net Income": 21
    },
    "2019-12-31": {
        "Diluted EPS": -0.1,
        "Total Revenue": 15,
        "Gross Profit": 15,
        "Operating Income": -17,
        "EBIT": -17,
        "Net Income": -17
    },
    "2019-09-30": {
        "Diluted EPS": -0.07,
        "Total Revenue": 21,
        "Gross Profit": 21,
        "Operating Income": -12,
        "EBIT": -12,
        "Net Income": -11
    },
    "2019-06-30": {
        "Diluted EPS": -0.12,
        "Total Revenue": 10,
        "Gross Profit": 10,
        "Operating Income": -21,
        "EBIT": -21,
        "Net Income": -21
    },
    "2019-03-31": {
        "Diluted EPS": -0.11,
        "Total Revenue": 13,
        "Gross Profit": 13,
        "Operating Income": -18,
        "EBIT": -18,
        "Net Income": -18
    },
    "2018-12-31": {
        "Diluted EPS": 0.03,
        "Total Revenue": 38,
        "Gross Profit": 38,
        "Operating Income": 3,
        "EBIT": 2,
        "Net Income": 3
    },
    "2018-09-30": {
        "Diluted EPS": -0.14,
        "Total Revenue": 5,
        "Gross Profit": 5,
        "Operating Income": -24,
        "EBIT": -24,
        "Net Income": -24
    },
    "2018-06-30": {
        "Diluted EPS": -0.16,
        "Total Revenue": 2,
        "Gross Profit": 2,
        "Operating Income": -26,
        "EBIT": -26,
        "Net Income": -26
    },
    "2018-03-31": {
        "Diluted EPS": -0.17,
        "Total Revenue": NaN,
        "Gross Profit": NaN,
        "Operating Income": -25,
        "EBIT": -25,
        "Net Income": -24
    },
    "2017-12-31": {
        "Diluted EPS": -0.19,
        "Total Revenue": NaN,
        "Gross Profit": NaN,
        "Operating Income": -26,
        "EBIT": -26,
        "Net Income": -26
    },
    "2017-09-30": {
        "Diluted EPS": -0.14,
        "Total Revenue": 1,
        "Gross Profit": 1,
        "Operating Income": -18,
        "EBIT": -18,
        "Net Income": -18
    },
    "2017-06-30": {
        "Diluted EPS": -0.16,
        "Total Revenue": NaN,
        "Gross Profit": NaN,
        "Operating Income": -19,
        "EBIT": -19,
        "Net Income": -19
    },
    "2017-03-31": {
        "Diluted EPS": -0.13,
        "Total Revenue": 4,
        "Gross Profit": 4,
        "Operating Income": -16,
        "EBIT": -16,
        "Net Income": -15
    },
    "2016-12-31": {
        "Diluted EPS": -0.15,
        "Total Revenue": 3,
        "Gross Profit": 3,
        "Operating Income": -16,
        "EBIT": -16,
        "Net Income": -16
    },
    "2016-09-30": {
        "Diluted EPS": -0.24,
        "Total Revenue": 4,
        "Gross Profit": 4,
        "Operating Income": -23,
        "EBIT": -23,
        "Net Income": -23
    },
    "2016-06-30": {
        "Diluted EPS": -0.15,
        "Total Revenue": 9,
        "Gross Profit": 9,
        "Operating Income": -14,
        "EBIT": -13,
        "Net Income": -14
    },
    "2016-03-31": {
        "Diluted EPS": -0.19,
        "Total Revenue": 5,
        "Gross Profit": 5,
        "Operating Income": -18,
        "EBIT": -17,
        "Net Income": -17
    },
    "2015-12-31": {
        "Diluted EPS": -0.13,
        "Total Revenue": 9,
        "Gross Profit": 9,
        "Operating Income": -13,
        "EBIT": -12,
        "Net Income": -13
    },
    "2015-09-30": {
        "Diluted EPS": -0.08,
        "Total Revenue": 13,
        "Gross Profit": 13,
        "Operating Income": -7,
        "EBIT": -6,
        "Net Income": -7
    },
    "2015-06-30": {
        "Diluted EPS": -0.16,
        "Total Revenue": 5,
        "Gross Profit": 5,
        "Operating Income": -14,
        "EBIT": -14,
        "Net Income": -14
    },
    "2015-03-31": {
        "Diluted EPS": -0.21,
        "Total Revenue": 2,
        "Gross Profit": 2,
        "Operating Income": -18,
        "EBIT": -18,
        "Net Income": -18
    },
    "2014-12-31": {
        "Diluted EPS": -0.26,
        "Total Revenue": NaN,
        "Gross Profit": NaN,
        "Operating Income": -31,
        "EBIT": -30,
        "Net Income": -22
    },
    "2014-09-30": {
        "Diluted EPS": -0.24,
        "Total Revenue": NaN,
        "Gross Profit": NaN,
        "Operating Income": -21,
        "EBIT": -20,
        "Net Income": -21
    },
    "2014-06-30": {
        "Diluted EPS": -0.29,
        "Total Revenue": NaN,
        "Gross Profit": NaN,
        "Operating Income": -25,
        "EBIT": -25,
        "Net Income": -25
    },
    "2014-03-31": {
        "Diluted EPS": -0.25,
        "Total Revenue": NaN,
        "Gross Profit": NaN,
        "Operating Income": -22,
        "EBIT": -22,
        "Net Income": -22
    },
    "2013-12-31": {
        "Diluted EPS": -0.2,
        "Total Revenue": 6,
        "Gross Profit": 6,
        "Operating Income": -17,
        "EBIT": -16,
        "Net Income": -17
    },
    "2013-09-30": {
        "Diluted EPS": -0.27,
        "Total Revenue": NaN,
        "Gross Profit": NaN,
        "Operating Income": -24,
        "EBIT": -23,
        "Net Income": -24
    },
    "2013-06-30": {
        "Diluted EPS": -0.26,
        "Total Revenue": 1,
        "Gross Profit": 1,
        "Operating Income": -23,
        "EBIT": -22,
        "Net Income": -23
    },
    "2013-03-31": {
        "Diluted EPS": -0.29,
        "Total Revenue": NaN,
        "Gross Profit": NaN,
        "Operating Income": -26,
        "EBIT": -25,
        "Net Income": -26
    },
    "2012-12-31": {
        "Diluted EPS": -0.29,
        "Total Revenue": NaN,
        "Gross Profit": NaN,
        "Operating Income": -26,
        "EBIT": -25,
        "Net Income": -25
    },
    "2012-09-30": {
        "Diluted EPS": -0.36,
        "Total Revenue": NaN,
        "Gross Profit": NaN,
        "Operating Income": -26,
        "EBIT": -25,
        "Net Income": -25
    },
    "2012-06-30": {
        "Diluted EPS": -0.35,
        "Total Revenue": 2,
        "Gross Profit": 2,
        "Operating Income": -25,
        "EBIT": -24,
        "Net Income": -25
    },
    "2012-03-31": {
        "Diluted EPS": -0.32,
        "Total Revenue": 1,
        "Gross Profit": 1,
        "Operating Income": -23,
        "EBIT": -23,
        "Net Income": -23
    },
    "2011-12-31": {
        "Diluted EPS": -0.34,
        "Total Revenue": 0,
        "Gross Profit": 0,
        "Operating Income": -26,
        "EBIT": -25,
        "Net Income": -26
    },
    "2011-09-30": {
        "Diluted EPS": -0.25,
        "Total Revenue": 4,
        "Gross Profit": 4,
        "Operating Income": -18,
        "EBIT": -18,
        "Net Income": -18
    },
    "2011-06-30": {
        "Diluted EPS": -0.37,
        "Total Revenue": 0,
        "Gross Profit": 0,
        "Operating Income": -22,
        "EBIT": -21,
        "Net Income": -21
    },
    "2011-03-31": {
        "Diluted EPS": -0.4,
        "Total Revenue": NaN,
        "Gross Profit": NaN,
        "Operating Income": -21,
        "EBIT": -20,
        "Net Income": -21
    },
    "2010-12-31": {
        "Diluted EPS": -0.32,
        "Total Revenue": 0,
        "Gross Profit": 0,
        "Operating Income": -20,
        "EBIT": -19,
        "Net Income": -17
    },
    "2010-09-30": {
        "Diluted EPS": 0.96,
        "Total Revenue": 72,
        "Gross Profit": 72,
        "Operating Income": 50,
        "EBIT": 51,
        "Net Income": 50
    },
    "2010-06-30": {
        "Diluted EPS": 0.51,
        "Total Revenue": 49,
        "Gross Profit": 49,
        "Operating Income": 27,
        "EBIT": 27,
        "Net Income": 27
    },
    "2010-03-31": {
        "Diluted EPS": -0.43,
        "Total Revenue": 3,
        "Gross Profit": 3,
        "Operating Income": -22,
        "EBIT": -22,
        "Net Income": -22
    },
    "2009-12-31": {
        "Diluted EPS": -0.4,
        "Total Revenue": NaN,
        "Gross Profit": NaN,
        "Operating Income": -27,
        "EBIT": -27,
        "Net Income": -25
    },
    "2009-09-30": {
        "Diluted EPS": -0.7,
        "Total Revenue": NaN,
        "Gross Profit": NaN,
        "Operating Income": -27,
        "EBIT": -26,
        "Net Income": -27
    },
    "2009-06-30": {
        "Diluted EPS": -0.81,
        "Total Revenue": NaN,
        "Gross Profit": NaN,
        "Operating Income": -30,
        "EBIT": -30,
        "Net Income": -30
    },
    "2009-03-31": {
        "Diluted EPS": -0.82,
        "Total Revenue": NaN,
        "Gross Profit": NaN,
        "Operating Income": -29,
        "EBIT": -29,
        "Net Income": -30
    },
    "2023-09-30": {
        "Tax Effect Of Unusual Items": 0.0,
        "Tax Rate For Calcs": 0.0,
        "Normalized EBITDA": -3501000.0,
        "Net Income From Continuing Operation Net Minority Interest": -5692000.0,
        "Reconciled Depreciation": 292000.0,
        "Reconciled Cost Of Revenue": 1268000.0,
        "EBITDA": -3501000.0,
        "EBIT": -3793000.0,
        "Net Interest Income": -1227000.0,
        "Interest Expense": 1899000.0,
        "Interest Income": 672000.0,
        "Normalized Income": -5692000.0,
        "Net Income From Continuing And Discontinued Operation": -5692000.0,
        "Total Expenses": 32599000.0,
        "Total Operating Income As Reported": -4465000.0,
        "Diluted Average Shares": 174364000.0,
        "Basic Average Shares": 174364000.0,
        "Diluted EPS": -0.03,
        "Basic EPS": -0.03,
        "Diluted NI Availto Com Stockholders": -5692000.0,
        "Net Income Common Stockholders": -5692000.0,
        "Net Income": -5692000.0,
        "Net Income Including Noncontrolling Interests": -5692000.0,
        "Net Income Continuous Operations": -5692000.0,
        "Tax Provision": NaN,
        "Pretax Income": -5692000.0,
        "Net Non Operating Interest Income Expense": -1227000.0,
        "Interest Expense Non Operating": 1899000.0,
        "Interest Income Non Operating": 672000.0,
        "Operating Income": -4465000.0,
        "Operating Expense": 31331000.0,
        "Research And Development": 6475000.0,
        "Selling General And Administration": 24856000.0,
        "Gross Profit": 26866000.0,
        "Cost Of Revenue": 1268000.0,
        "Total Revenue": 28134000.0,
        "Operating Revenue": 39590000.0
    },
    "2023-12-31": {
        "Tax Effect Of Unusual Items": 0.0,
        "Tax Rate For Calcs": 0.21,
        "Normalized EBITDA": 2937000.0,
        "Net Income From Continuing Operation Net Minority Interest": 737000.0,
        "Reconciled Depreciation": 293000.0,
        "Reconciled Cost Of Revenue": 3790000.0,
        "EBITDA": 2937000.0,
        "EBIT": 2644000.0,
        "Net Interest Income": -1229000.0,
        "Interest Expense": 1907000.0,
        "Interest Income": 678000.0,
        "Normalized Income": 737000.0,
        "Net Income From Continuing And Discontinued Operation": 737000.0,
        "Total Expenses": 33826000.0,
        "Total Operating Income As Reported": 1966000.0,
        "Diluted Average Shares": NaN,
        "Basic Average Shares": NaN,
        "Diluted EPS": NaN,
        "Basic EPS": NaN,
        "Diluted NI Availto Com Stockholders": 737000.0,
        "Net Income Common Stockholders": 737000.0,
        "Net Income": 737000.0,
        "Net Income Including Noncontrolling Interests": 737000.0,
        "Net Income Continuous Operations": 737000.0,
        "Tax Provision": NaN,
        "Pretax Income": 737000.0,
        "Net Non Operating Interest Income Expense": -1229000.0,
        "Interest Expense Non Operating": 1907000.0,
        "Interest Income Non Operating": 678000.0,
        "Operating Income": 1966000.0,
        "Operating Expense": 30036000.0,
        "Research And Development": 3186000.0,
        "Selling General And Administration": 26850000.0,
        "Gross Profit": 32002000.0,
        "Cost Of Revenue": 3790000.0,
        "Total Revenue": 35792000.0,
        "Operating Revenue": 48072000.0
    },
    "2024-03-31": {
        "Tax Effect Of Unusual Items": 0.0,
        "Tax Rate For Calcs": 0.0,
        "Normalized EBITDA": -5973000.0,
        "Net Income From Continuing Operation Net Minority Interest": -8247000.0,
        "Reconciled Depreciation": 400000.0,
        "Reconciled Cost Of Revenue": 2025000.0,
        "EBITDA": -5973000.0,
        "EBIT": -6373000.0,
        "Net Interest Income": -1281000.0,
        "Interest Expense": 1874000.0,
        "Interest Income": 593000.0,
        "Normalized Income": -8247000.0,
        "Net Income From Continuing And Discontinued Operation": -8247000.0,
        "Total Expenses": 36500000.0,
        "Total Operating Income As Reported": -6966000.0,
        "Diluted Average Shares": 175203000.0,
        "Basic Average Shares": 175203000.0,
        "Diluted EPS": -0.05,
        "Basic EPS": -0.05,
        "Diluted NI Availto Com Stockholders": -8247000.0,
        "Net Income Common Stockholders": -8247000.0,
        "Net Income": -8247000.0,
        "Net Income Including Noncontrolling Interests": -8247000.0,
        "Net Income Continuous Operations": -8247000.0,
        "Tax Provision": NaN,
        "Pretax Income": -8247000.0,
        "Net Non Operating Interest Income Expense": -1281000.0,
        "Interest Expense Non Operating": 1874000.0,
        "Interest Income Non Operating": 593000.0,
        "Operating Income": -6966000.0,
        "Operating Expense": 34475000.0,
        "Research And Development": 6026000.0,
        "Selling General And Administration": 28449000.0,
        "Gross Profit": 27509000.0,
        "Cost Of Revenue": 2025000.0,
        "Total Revenue": 29534000.0,
        "Operating Revenue": 41957000.0
    }
}