{
    "2023-03-31": {
        "Tax Effect Of Unusual Items": 0.0,
        "Tax Rate For Calcs": 0.0,
        "Normalized EBITDA": -1122000000.0,
        "Net Income From Continuing Operation Net Minority Interest": -1349000000.0,
        "Reconciled Depreciation": 188000000.0,
        "Reconciled Cost Of Revenue": 1196000000.0,
        "EBITDA": -1122000000.0,
        "EBIT": -1310000000.0,
        "Net Interest Income": 86000000.0,
        "Interest Expense": 38000000.0,
        "Interest Income": 124000000.0,
        "Normalized Income": -1349000000.0,
        "Net Income From Continuing And Discontinued Operation": -1349000000.0,
        "Total Expenses": 2094000000.0,
        "Total Operating Income As Reported": -1433000000.0,
        "Diluted Average Shares": 930000000.0,
        "Basic Average Shares": 930000000.0,
        "Diluted EPS": -1.45,
        "Basic EPS": -1.45,
        "Diluted NI Availto Com Stockholders": -1349000000.0,
        "Net Income Common Stockholders": -1349000000.0,
        "Net Income": -1349000000.0,
        "Net Income Including Noncontrolling Interests": -1349000000.0,
        "Net Income Continuous Operations": -1349000000.0,
        "Tax Provision": 1000000.0,
        "Pretax Income": -1348000000.0,
        "Other Income Expense": -1000000.0,
        "Other Non Operating Income Expenses": -1000000.0,
        "Net Non Operating Interest Income Expense": 86000000.0,
        "Interest Expense Non Operating": 38000000.0,
        "Interest Income Non Operating": 124000000.0,
        "Operating Income": -1433000000.0,
        "Operating Expense": 898000000.0,
        "Research And Development": 496000000.0,
        "Selling General And Administration": 402000000.0,
        "Gross Profit": -535000000.0,
        "Cost Of Revenue": 1196000000.0,
        "Total Revenue": 661000000.0,
        "Operating Revenue": 661000000.0
    },
    "2022-12-31": {
        "Tax Effect Of Unusual Items": 0.0,
        "Tax Rate For Calcs": 0.0,
        "Normalized EBITDA": -1491000000.0,
        "Net Income From Continuing Operation Net Minority Interest": -1723000000.0,
        "Reconciled Depreciation": 199000000.0,
        "Reconciled Cost Of Revenue": 1663000000.0,
        "EBITDA": -1491000000.0,
        "EBIT": -1690000000.0,
        "Net Interest Income": 66000000.0,
        "Interest Expense": 33000000.0,
        "Interest Income": 99000000.0,
        "Normalized Income": -1723000000.0,
        "Net Income From Continuing And Discontinued Operation": -1723000000.0,
        "Total Expenses": 2458000000.0,
        "Total Operating Income As Reported": -1795000000.0,
        "Diluted Average Shares": NaN,
        "Basic Average Shares": NaN,
        "Diluted EPS": NaN,
        "Basic EPS": NaN,
        "Diluted NI Availto Com Stockholders": -1723000000.0,
        "Net Income Common Stockholders": -1723000000.0,
        "Net Income": -1723000000.0,
        "Net Income Including Noncontrolling Interests": -1723000000.0,
        "Net Income Continuous Operations": -1723000000.0,
        "Tax Provision": 0.0,
        "Pretax Income": -1723000000.0,
        "Other Income Expense": 6000000.0,
        "Other Non Operating Income Expenses": 6000000.0,
        "Net Non Operating Interest Income Expense": 66000000.0,
        "Interest Expense Non Operating": 33000000.0,
        "Interest Income Non Operating": 99000000.0,
        "Operating Income": -1795000000.0,
        "Operating Expense": 795000000.0,
        "Research And Development": 402000000.0,
        "Selling General And Administration": 393000000.0,
        "Gross Profit": -1000000000.0,
        "Cost Of Revenue": 1663000000.0,
        "Total Revenue": 663000000.0,
        "Operating Revenue": 663000000.0
    },
    "2022-09-30": {
        "Tax Effect Of Unusual Items": 0.0,
        "Tax Rate For Calcs": 0.0,
        "Normalized EBITDA": -1525000000.0,
        "Net Income From Continuing Operation Net Minority Interest": -1724000000.0,
        "Reconciled Depreciation": 174000000.0,
        "Reconciled Cost Of Revenue": 1453000000.0,
        "EBITDA": -1525000000.0,
        "EBIT": -1699000000.0,
        "Net Interest Income": 45000000.0,
        "Interest Expense": 24000000.0,
        "Interest Income": 69000000.0,
        "Normalized Income": -1724000000.0,
        "Net Income From Continuing And Discontinued Operation": -1724000000.0,
        "Total Expenses": 2310000000.0,
        "Total Operating Income As Reported": -1774000000.0,
        "Diluted Average Shares": 918000000.0,
        "Basic Average Shares": 918000000.0,
        "Diluted EPS": -1.88,
        "Basic EPS": -1.88,
        "Diluted NI Availto Com Stockholders": -1724000000.0,
        "Net Income Common Stockholders": -1724000000.0,
        "Net Income": -1724000000.0,
        "Net Income Including Noncontrolling Interests": -1724000000.0,
        "Net Income Continuous Operations": -1724000000.0,
        "Tax Provision": 1000000.0,
        "Pretax Income": -1723000000.0,
        "Other Income Expense": 6000000.0,
        "Other Non Operating Income Expenses": 6000000.0,
        "Net Non Operating Interest Income Expense": 45000000.0,
        "Interest Expense Non Operating": 24000000.0,
        "Interest Income Non Operating": 69000000.0,
        "Operating Income": -1774000000.0,
        "Operating Expense": 857000000.0,
        "Research And Development": 452000000.0,
        "Selling General And Administration": 405000000.0,
        "General And Administrative Expense": NaN,
        "Other Gand A": NaN,
        "Salaries And Wages": NaN,
        "Gross Profit": -917000000.0,
        "Cost Of Revenue": 1453000000.0,
        "Total Revenue": 536000000.0,
        "Operating Revenue": 536000000.0
    },
    "2022-06-30": {
        "Tax Effect Of Unusual Items": 0.0,
        "Tax Rate For Calcs": 0.0,
        "Normalized EBITDA": -1524000000.0,
        "Net Income From Continuing Operation Net Minority Interest": -1712000000.0,
        "Reconciled Depreciation": 161000000.0,
        "Reconciled Cost Of Revenue": 1068000000.0,
        "EBITDA": -1524000000.0,
        "EBIT": -1685000000.0,
        "Net Interest Income": -2000000.0,
        "Interest Expense": 24000000.0,
        "Interest Income": 22000000.0,
        "Normalized Income": -1712000000.0,
        "Net Income From Continuing And Discontinued Operation": -1712000000.0,
        "Total Expenses": 2072000000.0,
        "Total Operating Income As Reported": -1708000000.0,
        "Diluted Average Shares": 908000000.0,
        "Basic Average Shares": 908000000.0,
        "Diluted EPS": -1.89,
        "Basic EPS": -1.89,
        "Diluted NI Availto Com Stockholders": -1712000000.0,
        "Net Income Common Stockholders": -1712000000.0,
        "Net Income": -1712000000.0,
        "Net Income Including Noncontrolling Interests": -1712000000.0,
        "Net Income Continuous Operations": -1712000000.0,
        "Tax Provision": 3000000.0,
        "Pretax Income": -1709000000.0,
        "Other Income Expense": 1000000.0,
        "Other Non Operating Income Expenses": 1000000.0,
        "Net Non Operating Interest Income Expense": -2000000.0,
        "Interest Expense Non Operating": 24000000.0,
        "Interest Income Non Operating": 22000000.0,
        "Operating Income": -1708000000.0,
        "Operating Expense": 1004000000.0,
        "Research And Development": 543000000.0,
        "Selling General And Administration": 461000000.0,
        "General And Administrative Expense": NaN,
        "Other Gand A": NaN,
        "Salaries And Wages": NaN,
        "Gross Profit": -704000000.0,
        "Cost Of Revenue": 1068000000.0,
        "Total Revenue": 364000000.0,
        "Operating Revenue": 364000000.0
    },
    "2022-03-31": {
        "Diluted EPS": -1.77,
        "Total Revenue": 95,
        "Gross Profit": -502,
        "Operating Income": NaN,
        "EBIT": NaN,
        "Net Income": NaN
    },
    "2021-12-31": {
        "Diluted EPS": -0.93,
        "Total Revenue": 54,
        "Gross Profit": -383,
        "Operating Income": NaN,
        "EBIT": NaN,
        "Net Income": NaN
    },
    "2021-09-30": {
        "Diluted EPS": -12.21,
        "Total Revenue": 1,
        "Gross Profit": -82,
        "Operating Income": -776,
        "EBIT": -727,
        "Net Income": NaN
    },
    "2021-06-30": {
        "Diluted EPS": -5.74,
        "Total Revenue": NaN,
        "Gross Profit": NaN,
        "Operating Income": -580,
        "EBIT": -559,
        "Net Income": -580
    },
    "2021-03-31": {
        "Diluted EPS": -4.1,
        "Total Revenue": NaN,
        "Gross Profit": NaN,
        "Operating Income": -410,
        "EBIT": -396,
        "Net Income": -414
    },
    "2020-12-31": {
        "Diluted EPS": 0.0,
        "Total Revenue": NaN,
        "Gross Profit": NaN,
        "Operating Income": NaN,
        "EBIT": NaN,
        "Net Income": NaN
    },
    "2020-09-30": {
        "Diluted EPS": -2.88,
        "Total Revenue": NaN,
        "Gross Profit": NaN,
        "Operating Income": -288,
        "EBIT": -288,
        "Net Income": -288
    },
    "2019-12-31": {
        "Diluted EPS": 0.0,
        "Total Revenue": NaN,
        "Gross Profit": NaN,
        "Operating Income": NaN,
        "EBIT": NaN,
        "Net Income": NaN
    },
    "2023-06-30": {
        "Tax Effect Of Unusual Items": 0.0,
        "Tax Rate For Calcs": 0.0,
        "Normalized EBITDA": -918000000.0,
        "Net Income From Continuing Operation Net Minority Interest": -1195000000.0,
        "Reconciled Depreciation": 223000000.0,
        "Reconciled Cost Of Revenue": 1533000000.0,
        "EBITDA": -918000000.0,
        "EBIT": -1141000000.0,
        "Net Interest Income": 87000000.0,
        "Interest Expense": 54000000.0,
        "Interest Income": 141000000.0,
        "Normalized Income": -1195000000.0,
        "Net Income From Continuing And Discontinued Operation": -1195000000.0,
        "Total Expenses": 2406000000.0,
        "Total Operating Income As Reported": -1285000000.0,
        "Diluted Average Shares": 942000000.0,
        "Basic Average Shares": 942000000.0,
        "Diluted EPS": -1.27,
        "Basic EPS": -1.27,
        "Diluted NI Availto Com Stockholders": -1195000000.0,
        "Net Income Common Stockholders": -1195000000.0,
        "Net Income": -1195000000.0,
        "Net Income Including Noncontrolling Interests": -1195000000.0,
        "Net Income Continuous Operations": -1195000000.0,
        "Tax Provision": 0.0,
        "Pretax Income": -1195000000.0,
        "Other Income Expense": 3000000.0,
        "Other Non Operating Income Expenses": 3000000.0,
        "Net Non Operating Interest Income Expense": 87000000.0,
        "Interest Expense Non Operating": 54000000.0,
        "Interest Income Non Operating": 141000000.0,
        "Operating Income": -1285000000.0,
        "Operating Expense": 873000000.0,
        "Research And Development": 444000000.0,
        "Selling General And Administration": 429000000.0,
        "Gross Profit": -412000000.0,
        "Cost Of Revenue": 1533000000.0,
        "Total Revenue": 1121000000.0,
        "Operating Revenue": 1121000000.0
    },
    "2023-09-30": {
        "Tax Effect Of Unusual Items": 0.0,
        "Tax Rate For Calcs": 0.0,
        "Normalized EBITDA": -1056000000.0,
        "Net Income From Continuing Operation Net Minority Interest": -1367000000.0,
        "Reconciled Depreciation": 256000000.0,
        "Reconciled Cost Of Revenue": 1814000000.0,
        "EBITDA": -1056000000.0,
        "EBIT": -1312000000.0,
        "Net Interest Income": 71000000.0,
        "Interest Expense": 55000000.0,
        "Interest Income": 126000000.0,
        "Normalized Income": -1367000000.0,
        "Net Income From Continuing And Discontinued Operation": -1367000000.0,
        "Total Expenses": 2777000000.0,
        "Total Operating Income As Reported": -1440000000.0,
        "Diluted Average Shares": 952000000.0,
        "Basic Average Shares": 952000000.0,
        "Diluted EPS": -1.44,
        "Basic EPS": -1.44,
        "Diluted NI Availto Com Stockholders": -1367000000.0,
        "Net Income Common Stockholders": -1367000000.0,
        "Net Income": -1367000000.0,
        "Net Income Including Noncontrolling Interests": -1367000000.0,
        "Net Income Continuous Operations": -1367000000.0,
        "Tax Provision": 0.0,
        "Pretax Income": -1367000000.0,
        "Other Income Expense": 2000000.0,
        "Other Non Operating Income Expenses": 2000000.0,
        "Net Non Operating Interest Income Expense": 71000000.0,
        "Interest Expense Non Operating": 55000000.0,
        "Interest Income Non Operating": 126000000.0,
        "Operating Income": -1440000000.0,
        "Operating Expense": 963000000.0,
        "Research And Development": 529000000.0,
        "Selling General And Administration": 434000000.0,
        "Gross Profit": -477000000.0,
        "Cost Of Revenue": 1814000000.0,
        "Total Revenue": 1337000000.0,
        "Operating Revenue": 1337000000.0
    },
    "2023-12-31": {
        "Tax Effect Of Unusual Items": 0.0,
        "Tax Rate For Calcs": 0.0,
        "Normalized EBITDA": -1178000000.0,
        "Net Income From Continuing Operation Net Minority Interest": -1521000000.0,
        "Reconciled Depreciation": 270000000.0,
        "Reconciled Cost Of Revenue": 1921000000.0,
        "EBITDA": -1178000000.0,
        "EBIT": -1448000000.0,
        "Net Interest Income": 58000000.0,
        "Interest Expense": 73000000.0,
        "Interest Income": 131000000.0,
        "Normalized Income": -1521000000.0,
        "Net Income From Continuing And Discontinued Operation": -1521000000.0,
        "Total Expenses": 2896000000.0,
        "Total Operating Income As Reported": -1581000000.0,
        "Diluted Average Shares": 963000000.0,
        "Basic Average Shares": 963000000.0,
        "Diluted EPS": -1.58,
        "Basic EPS": -1.58,
        "Diluted NI Availto Com Stockholders": -1521000000.0,
        "Net Income Common Stockholders": -1521000000.0,
        "Net Income": -1521000000.0,
        "Net Income Including Noncontrolling Interests": -1521000000.0,
        "Net Income Continuous Operations": -1521000000.0,
        "Tax Provision": 0.0,
        "Pretax Income": -1521000000.0,
        "Other Income Expense": 2000000.0,
        "Other Non Operating Income Expenses": 2000000.0,
        "Net Non Operating Interest Income Expense": 58000000.0,
        "Interest Expense Non Operating": 73000000.0,
        "Interest Income Non Operating": 131000000.0,
        "Operating Income": -1581000000.0,
        "Operating Expense": 975000000.0,
        "Research And Development": 526000000.0,
        "Selling General And Administration": 449000000.0,
        "Gross Profit": -606000000.0,
        "Cost Of Revenue": 1921000000.0,
        "Total Revenue": 1315000000.0,
        "Operating Revenue": 1315000000.0
    },
    "2024-03-31": {
        "Tax Effect Of Unusual Items": 0.0,
        "Tax Rate For Calcs": 0.0,
        "Normalized EBITDA": -1090000000.0,
        "Net Income From Continuing Operation Net Minority Interest": -1446000000.0,
        "Reconciled Depreciation": 280000000.0,
        "Reconciled Cost Of Revenue": 1731000000.0,
        "EBITDA": -1090000000.0,
        "EBIT": -1370000000.0,
        "Net Interest Income": 37000000.0,
        "Interest Expense": 75000000.0,
        "Interest Income": 112000000.0,
        "Normalized Income": -1446000000.0,
        "Net Income From Continuing And Discontinued Operation": -1446000000.0,
        "Total Expenses": 2688000000.0,
        "Total Operating Income As Reported": -1484000000.0,
        "Diluted Average Shares": 978000000.0,
        "Basic Average Shares": 978000000.0,
        "Diluted EPS": -1.48,
        "Basic EPS": -1.48,
        "Diluted NI Availto Com Stockholders": -1446000000.0,
        "Net Income Common Stockholders": -1446000000.0,
        "Net Income": -1446000000.0,
        "Net Income Including Noncontrolling Interests": -1446000000.0,
        "Net Income Continuous Operations": -1446000000.0,
        "Tax Provision": 1000000.0,
        "Pretax Income": -1445000000.0,
        "Other Income Expense": 2000000.0,
        "Other Non Operating Income Expenses": 2000000.0,
        "Net Non Operating Interest Income Expense": 37000000.0,
        "Interest Expense Non Operating": 75000000.0,
        "Interest Income Non Operating": 112000000.0,
        "Operating Income": -1484000000.0,
        "Operating Expense": 957000000.0,
        "Research And Development": 461000000.0,
        "Selling General And Administration": 496000000.0,
        "Gross Profit": -527000000.0,
        "Cost Of Revenue": 1731000000.0,
        "Total Revenue": 1204000000.0,
        "Operating Revenue": 1204000000.0
    },
    "2024-06-30": {
        "Tax Effect Of Unusual Items": 0.0,
        "Tax Rate For Calcs": 0.21,
        "Normalized EBITDA": -1107000000.0,
        "Net Income From Continuing Operation Net Minority Interest": -1457000000.0,
        "Reconciled Depreciation": 274000000.0,
        "Reconciled Cost Of Revenue": 1609000000.0,
        "EBITDA": -1107000000.0,
        "EBIT": -1381000000.0,
        "Net Interest Income": 20000000.0,
        "Interest Expense": 75000000.0,
        "Interest Income": 95000000.0,
        "Normalized Income": -1457000000.0,
        "Net Income From Continuing And Discontinued Operation": -1457000000.0,
        "Total Expenses": 2533000000.0,
        "Total Operating Income As Reported": -1375000000.0,
        "Diluted Average Shares": 1001000000.0,
        "Basic Average Shares": 1001000000.0,
        "Diluted EPS": -1.46,
        "Basic EPS": -1.46,
        "Diluted NI Availto Com Stockholders": -1457000000.0,
        "Net Income Common Stockholders": -1457000000.0,
        "Net Income": -1457000000.0,
        "Net Income Including Noncontrolling Interests": -1457000000.0,
        "Net Income Continuous Operations": -1457000000.0,
        "Tax Provision": 1000000.0,
        "Pretax Income": -1456000000.0,
        "Other Income Expense": -101000000.0,
        "Other Non Operating Income Expenses": -101000000.0,
        "Net Non Operating Interest Income Expense": 20000000.0,
        "Interest Expense Non Operating": 75000000.0,
        "Interest Income Non Operating": 95000000.0,
        "Operating Income": -1375000000.0,
        "Operating Expense": 924000000.0,
        "Research And Development": 428000000.0,
        "Selling General And Administration": 496000000.0,
        "Gross Profit": -451000000.0,
        "Cost Of Revenue": 1609000000.0,
        "Total Revenue": 1158000000.0,
        "Operating Revenue": 1158000000.0
    }
}