{
    "2023-03-31": {
        "Tax Effect Of Unusual Items": 0.0,
        "Tax Rate For Calcs": 0.2429,
        "Total Unusual Items": NaN,
        "Total Unusual Items Excluding Goodwill": NaN,
        "Net Income From Continuing Operation Net Minority Interest": -18523000.0,
        "Reconciled Depreciation": 30685000.0,
        "Net Interest Income": -6701000.0,
        "Interest Expense": 73445000.0,
        "Interest Income": 66744000.0,
        "Normalized Income": -18523000.0,
        "Net Income From Continuing And Discontinued Operation": -18523000.0,
        "Diluted Average Shares": 1974629808.0,
        "Basic Average Shares": 124732722.0,
        "Diluted EPS": -0.16,
        "Basic EPS": -0.15,
        "Diluted NI Availto Com Stockholders": -314453000.0,
        "Average Dilution Earnings": -295930000.0,
        "Net Income Common Stockholders": -18523000.0,
        "Otherunder Preferred Stock Dividend": NaN,
        "Net Income": -18523000.0,
        "Minority Interests": 392960000.0,
        "Net Income Including Noncontrolling Interests": -411483000.0,
        "Net Income Continuous Operations": -411483000.0,
        "Tax Provision": -4504000.0,
        "Pretax Income": -415987000.0,
        "Special Income Charges": NaN,
        "Other Special Charges": NaN,
        "Depreciation Amortization Depletion Income Statement": 30685000.0,
        "Depreciation And Amortization In Income Statement": 30685000.0,
        "Selling General And Administration": 980769000.0,
        "Selling And Marketing Expense": 181604000.0,
        "General And Administrative Expense": 799165000.0,
        "Other Gand A": 195390000.0,
        "Salaries And Wages": 603775000.0,
        "Total Revenue": 627735000.0,
        "Operating Revenue": 627735000.0,
        "Other Non Interest Expense": 32268000.0
    },
    "2022-12-31": {
        "Tax Effect Of Unusual Items": NaN,
        "Tax Rate For Calcs": NaN,
        "Total Unusual Items": NaN,
        "Total Unusual Items Excluding Goodwill": NaN,
        "Net Income From Continuing Operation Net Minority Interest": NaN,
        "Reconciled Depreciation": NaN,
        "Net Interest Income": NaN,
        "Interest Expense": NaN,
        "Interest Income": NaN,
        "Normalized Income": NaN,
        "Net Income From Continuing And Discontinued Operation": NaN,
        "Diluted Average Shares": NaN,
        "Basic Average Shares": NaN,
        "Diluted EPS": NaN,
        "Basic EPS": NaN,
        "Diluted NI Availto Com Stockholders": NaN,
        "Average Dilution Earnings": NaN,
        "Net Income Common Stockholders": NaN,
        "Otherunder Preferred Stock Dividend": 16000.0,
        "Net Income": NaN,
        "Minority Interests": NaN,
        "Net Income Including Noncontrolling Interests": NaN,
        "Net Income Continuous Operations": NaN,
        "Tax Provision": NaN,
        "Pretax Income": NaN,
        "Special Income Charges": NaN,
        "Other Special Charges": NaN,
        "Depreciation Amortization Depletion Income Statement": NaN,
        "Depreciation And Amortization In Income Statement": NaN,
        "Selling General And Administration": NaN,
        "Selling And Marketing Expense": NaN,
        "General And Administrative Expense": NaN,
        "Other Gand A": NaN,
        "Salaries And Wages": NaN,
        "Total Revenue": NaN,
        "Operating Revenue": NaN,
        "Other Non Interest Expense": NaN
    },
    "2022-09-30": {
        "Tax Effect Of Unusual Items": NaN,
        "Tax Rate For Calcs": NaN,
        "Total Unusual Items": NaN,
        "Total Unusual Items Excluding Goodwill": NaN,
        "Net Income From Continuing Operation Net Minority Interest": NaN,
        "Reconciled Depreciation": NaN,
        "Net Interest Income": NaN,
        "Interest Expense": NaN,
        "Interest Income": NaN,
        "Normalized Income": NaN,
        "Net Income From Continuing And Discontinued Operation": NaN,
        "Diluted Average Shares": NaN,
        "Basic Average Shares": NaN,
        "Diluted EPS": NaN,
        "Basic EPS": NaN,
        "Diluted NI Availto Com Stockholders": NaN,
        "Average Dilution Earnings": NaN,
        "Net Income Common Stockholders": NaN,
        "Otherunder Preferred Stock Dividend": -3000.0,
        "Net Income": NaN,
        "Minority Interests": NaN,
        "Net Income Including Noncontrolling Interests": NaN,
        "Net Income Continuous Operations": NaN,
        "Tax Provision": NaN,
        "Pretax Income": NaN,
        "Special Income Charges": NaN,
        "Other Special Charges": NaN,
        "Depreciation Amortization Depletion Income Statement": NaN,
        "Depreciation And Amortization In Income Statement": NaN,
        "Selling General And Administration": NaN,
        "Selling And Marketing Expense": NaN,
        "General And Administrative Expense": NaN,
        "Other Gand A": NaN,
        "Salaries And Wages": NaN,
        "Total Revenue": NaN,
        "Operating Revenue": NaN
    },
    "2022-06-30": {
        "Tax Effect Of Unusual Items": 0.0,
        "Tax Rate For Calcs": 0.2451,
        "Net Income From Continuing Operation Net Minority Interest": 3415000.0,
        "Reconciled Depreciation": 24780000.0,
        "Net Interest Income": -1792000.0,
        "Interest Expense": 80988000.0,
        "Interest Income": 79196000.0,
        "Normalized Income": 3415000.0,
        "Net Income From Continuing And Discontinued Operation": 3415000.0,
        "Diluted Average Shares": 1971741764.0,
        "Basic Average Shares": 118801530.0,
        "Diluted EPS": 0.02,
        "Basic EPS": 0.03,
        "Diluted NI Availto Com Stockholders": 3415000.0,
        "Average Dilution Earnings": 38843000.0,
        "Net Income Common Stockholders": 3415000.0,
        "Otherunder Preferred Stock Dividend": -2000.0,
        "Net Income": 3415000.0,
        "Minority Interests": -56341000.0,
        "Net Income Including Noncontrolling Interests": 59756000.0,
        "Net Income Continuous Operations": 59756000.0,
        "Tax Provision": 18761000.0,
        "Pretax Income": 78517000.0,
        "Depreciation Amortization Depletion Income Statement": 24780000.0,
        "Depreciation And Amortization In Income Statement": 24780000.0,
        "Selling General And Administration": 1215353000.0,
        "Selling And Marketing Expense": 231522000.0,
        "General And Administrative Expense": 983831000.0,
        "Other Gand A": 229706000.0,
        "Salaries And Wages": 754125000.0,
        "Total Revenue": 1354137000.0,
        "Operating Revenue": 1354137000.0
    },
    "2022-03-31": {
        "Diluted EPS": 0.4,
        "Total Revenue": NaN,
        "Gross Profit": NaN,
        "Operating Income": NaN,
        "EBIT": NaN,
        "Net Income": 54
    },
    "2021-12-31": {
        "Diluted EPS": 0.31,
        "Total Revenue": NaN,
        "Gross Profit": NaN,
        "Operating Income": 855,
        "EBIT": NaN,
        "Net Income": 48
    },
    "2021-09-30": {
        "Diluted EPS": 0.54,
        "Total Revenue": NaN,
        "Gross Profit": NaN,
        "Operating Income": NaN,
        "EBIT": NaN,
        "Net Income": 75
    },
    "2021-06-30": {
        "Diluted EPS": 0.4,
        "Total Revenue": NaN,
        "Gross Profit": NaN,
        "Operating Income": NaN,
        "EBIT": NaN,
        "Net Income": 61
    },
    "2021-03-31": {
        "Diluted EPS": 1.07,
        "Total Revenue": NaN,
        "Gross Profit": NaN,
        "Operating Income": NaN,
        "EBIT": NaN,
        "Net Income": 124
    },
    "2020-12-31": {
        "Diluted EPS": 1.22,
        "Total Revenue": NaN,
        "Gross Profit": NaN,
        "Operating Income": NaN,
        "EBIT": NaN,
        "Net Income": 140
    },
    "2020-09-30": {
        "Diluted EPS": 0.54,
        "Total Revenue": NaN,
        "Gross Profit": NaN,
        "Operating Income": NaN,
        "EBIT": NaN,
        "Net Income": 58
    },
    "2020-06-30": {
        "Diluted EPS": 0.0,
        "Total Revenue": NaN,
        "Gross Profit": NaN,
        "Operating Income": NaN,
        "EBIT": NaN,
        "Net Income": NaN
    },
    "2020-03-31": {
        "Diluted EPS": 0.0,
        "Total Revenue": NaN,
        "Gross Profit": NaN,
        "Operating Income": 100,
        "EBIT": 150,
        "Net Income": NaN
    },
    "2019-12-31": {
        "Diluted EPS": 0.0,
        "Total Revenue": NaN,
        "Gross Profit": NaN,
        "Operating Income": NaN,
        "EBIT": NaN,
        "Net Income": NaN
    },
    "2019-09-30": {
        "Diluted EPS": 0.0,
        "Total Revenue": NaN,
        "Gross Profit": NaN,
        "Operating Income": 500,
        "EBIT": 554,
        "Net Income": NaN
    },
    "2019-06-30": {
        "Diluted EPS": 0.0,
        "Total Revenue": 938,
        "Gross Profit": 938,
        "Operating Income": -54,
        "EBIT": -21,
        "Net Income": -54
    },
    "2018-12-31": {
        "Diluted EPS": 0.0,
        "Total Revenue": NaN,
        "Gross Profit": NaN,
        "Operating Income": NaN,
        "EBIT": NaN,
        "Net Income": NaN
    },
    "2023-06-30": {
        "Tax Effect Of Unusual Items": 0.0,
        "Tax Rate For Calcs": 0.2429,
        "Total Unusual Items": NaN,
        "Total Unusual Items Excluding Goodwill": NaN,
        "Net Income From Continuing Operation Net Minority Interest": 7438000.0,
        "Reconciled Depreciation": 25357000.0,
        "Net Interest Income": -1649000.0,
        "Interest Expense": 82406000.0,
        "Interest Income": 80757000.0,
        "Normalized Income": 7438000.0,
        "Net Income From Continuing And Discontinued Operation": 7438000.0,
        "Diluted Average Shares": 1979450651.0,
        "Basic Average Shares": 126740748.0,
        "Diluted EPS": 0.05,
        "Basic EPS": 0.06,
        "Diluted NI Availto Com Stockholders": 105135000.0,
        "Average Dilution Earnings": 97697000.0,
        "Net Income Common Stockholders": 7438000.0,
        "Otherunder Preferred Stock Dividend": NaN,
        "Net Income": 7438000.0,
        "Minority Interests": -131714000.0,
        "Net Income Including Noncontrolling Interests": 139152000.0,
        "Net Income Continuous Operations": 139152000.0,
        "Tax Provision": -782000.0,
        "Pretax Income": 138370000.0,
        "Special Income Charges": NaN,
        "Other Special Charges": NaN,
        "Depreciation Amortization Depletion Income Statement": 25357000.0,
        "Depreciation And Amortization In Income Statement": 25357000.0,
        "Selling General And Administration": 998407000.0,
        "Selling And Marketing Expense": 218843000.0,
        "General And Administrative Expense": 779564000.0,
        "Other Gand A": 200425000.0,
        "Salaries And Wages": 579139000.0,
        "Total Revenue": 1197893000.0,
        "Operating Revenue": 1197893000.0,
        "Other Non Interest Expense": 35759000.0
    },
    "2023-09-30": {
        "Tax Effect Of Unusual Items": 0.0,
        "Tax Rate For Calcs": 0.2429,
        "Total Unusual Items": NaN,
        "Total Unusual Items Excluding Goodwill": NaN,
        "Net Income From Continuing Operation Net Minority Interest": 6206000.0,
        "Reconciled Depreciation": 27636000.0,
        "Net Interest Income": -410000.0,
        "Interest Expense": 94278000.0,
        "Interest Income": 93868000.0,
        "Normalized Income": 6206000.0,
        "Net Income From Continuing And Discontinued Operation": 6206000.0,
        "Diluted Average Shares": 1983992350.0,
        "Basic Average Shares": 129390501.0,
        "Diluted EPS": 0.04,
        "Basic EPS": 0.05,
        "Diluted NI Availto Com Stockholders": 89046000.0,
        "Average Dilution Earnings": 82840000.0,
        "Net Income Common Stockholders": 6206000.0,
        "Otherunder Preferred Stock Dividend": NaN,
        "Net Income": 6206000.0,
        "Minority Interests": -108739000.0,
        "Net Income Including Noncontrolling Interests": 114945000.0,
        "Net Income Continuous Operations": 114945000.0,
        "Tax Provision": 2680000.0,
        "Pretax Income": 117625000.0,
        "Special Income Charges": NaN,
        "Other Special Charges": NaN,
        "Depreciation Amortization Depletion Income Statement": 27636000.0,
        "Depreciation And Amortization In Income Statement": 27636000.0,
        "Selling General And Administration": 982389000.0,
        "Selling And Marketing Expense": 193406000.0,
        "General And Administrative Expense": 788983000.0,
        "Other Gand A": 199399000.0,
        "Salaries And Wages": 589584000.0,
        "Total Revenue": 1164814000.0,
        "Operating Revenue": 1164814000.0,
        "Other Non Interest Expense": 37164000.0
    },
    "2023-12-31": {
        "Tax Effect Of Unusual Items": 0.0,
        "Tax Rate For Calcs": 0.042037,
        "Total Unusual Items": NaN,
        "Total Unusual Items Excluding Goodwill": NaN,
        "Net Income From Continuing Operation Net Minority Interest": -10635000.0,
        "Reconciled Depreciation": 26593000.0,
        "Net Interest Income": -29818000.0,
        "Interest Expense": 115897000.0,
        "Interest Income": 86079000.0,
        "Normalized Income": -10635000.0,
        "Net Income From Continuing And Discontinued Operation": -10635000.0,
        "Diluted Average Shares": 1987457044.0,
        "Basic Average Shares": 133597434.0,
        "Diluted EPS": -0.09,
        "Basic EPS": -0.08,
        "Diluted NI Availto Com Stockholders": -178507000.0,
        "Average Dilution Earnings": -167872000.0,
        "Net Income Common Stockholders": -10635000.0,
        "Otherunder Preferred Stock Dividend": NaN,
        "Net Income": -10635000.0,
        "Minority Interests": 222059000.0,
        "Net Income Including Noncontrolling Interests": -232694000.0,
        "Net Income Continuous Operations": -232694000.0,
        "Tax Provision": -10211000.0,
        "Pretax Income": -242905000.0,
        "Special Income Charges": NaN,
        "Other Special Charges": NaN,
        "Depreciation Amortization Depletion Income Statement": 26593000.0,
        "Depreciation And Amortization In Income Statement": 26593000.0,
        "Selling General And Administration": 835267000.0,
        "Selling And Marketing Expense": 142823000.0,
        "General And Administrative Expense": 692444000.0,
        "Other Gand A": 207651000.0,
        "Salaries And Wages": 484793000.0,
        "Total Revenue": 655441000.0,
        "Operating Revenue": 655441000.0,
        "Other Non Interest Expense": 36486000.0
    },
    "2024-03-31": {
        "Tax Effect Of Unusual Items": -4758000.0,
        "Tax Rate For Calcs": 0.244,
        "Total Unusual Items": -19500000.0,
        "Total Unusual Items Excluding Goodwill": -19500000.0,
        "Net Income From Continuing Operation Net Minority Interest": 16215000.0,
        "Reconciled Depreciation": 27017000.0,
        "Net Interest Income": -828000.0,
        "Interest Expense": 89808000.0,
        "Interest Income": 88980000.0,
        "Normalized Income": 30957000.0,
        "Net Income From Continuing And Discontinued Operation": 16215000.0,
        "Diluted Average Shares": 1991982680.0,
        "Basic Average Shares": 136991743.0,
        "Diluted EPS": 0.11,
        "Basic EPS": 0.12,
        "Diluted NI Availto Com Stockholders": 226102000.0,
        "Average Dilution Earnings": 209887000.0,
        "Net Income Common Stockholders": 16215000.0,
        "Otherunder Preferred Stock Dividend": NaN,
        "Net Income": 16215000.0,
        "Minority Interests": -274499000.0,
        "Net Income Including Noncontrolling Interests": 290714000.0,
        "Net Income Continuous Operations": 290714000.0,
        "Tax Provision": 7656000.0,
        "Pretax Income": 298370000.0,
        "Special Income Charges": -19500000.0,
        "Other Special Charges": 19500000.0,
        "Depreciation Amortization Depletion Income Statement": 27017000.0,
        "Depreciation And Amortization In Income Statement": 27017000.0,
        "Selling General And Administration": 984057000.0,
        "Selling And Marketing Expense": 206296000.0,
        "General And Administrative Expense": 777761000.0,
        "Other Gand A": 236665000.0,
        "Salaries And Wages": 541096000.0,
        "Total Revenue": 1345351000.0,
        "Operating Revenue": 1345351000.0,
        "Other Non Interest Expense": 16407000.0
    }
}