{
    "2023-06-30": {
        "Tax Effect Of Unusual Items": 0.0,
        "Tax Rate For Calcs": 0.191386,
        "Net Income From Continuing Operation Net Minority Interest": 77652000.0,
        "EBIT": 98078000.0,
        "Net Interest Income": -2047000.0,
        "Interest Expense": 2047000.0,
        "Normalized Income": 77652000.0,
        "Net Income From Continuing And Discontinued Operation": 77652000.0,
        "Total Expenses": 285831000.0,
        "Diluted Average Shares": 46044000.0,
        "Basic Average Shares": 45596196.0,
        "Diluted EPS": 1.69,
        "Basic EPS": 1.703037,
        "Diluted NI Availto Com Stockholders": 77652000.0,
        "Net Income Common Stockholders": 77652000.0,
        "Net Income": 77652000.0,
        "Net Income Including Noncontrolling Interests": 77652000.0,
        "Net Income Continuous Operations": 77652000.0,
        "Tax Provision": 18379000.0,
        "Pretax Income": 96031000.0,
        "Net Non Operating Interest Income Expense": -2047000.0,
        "Interest Expense Non Operating": 2047000.0,
        "Selling General And Administration": 4219000.0,
        "General And Administrative Expense": 4219000.0,
        "Other Gand A": 4219000.0,
        "Total Revenue": 381862000.0,
        "Operating Revenue": 381862000.0
    },
    "2023-03-31": {
        "Tax Effect Of Unusual Items": 0.0,
        "Tax Rate For Calcs": 0.195291,
        "Net Income From Continuing Operation Net Minority Interest": 98811000.0,
        "EBIT": 124799000.0,
        "Net Interest Income": -2008000.0,
        "Interest Expense": 2008000.0,
        "Normalized Income": 98811000.0,
        "Net Income From Continuing And Discontinued Operation": 98811000.0,
        "Total Expenses": 242132000.0,
        "Diluted Average Shares": 46035000.0,
        "Basic Average Shares": 45554696.0,
        "Diluted EPS": 2.15,
        "Basic EPS": 2.169063,
        "Diluted NI Availto Com Stockholders": 98811000.0,
        "Net Income Common Stockholders": 98811000.0,
        "Net Income": 98811000.0,
        "Net Income Including Noncontrolling Interests": 98811000.0,
        "Net Income Continuous Operations": 98811000.0,
        "Tax Provision": 23980000.0,
        "Pretax Income": 122791000.0,
        "Net Non Operating Interest Income Expense": -2008000.0,
        "Interest Expense Non Operating": 2008000.0,
        "Selling General And Administration": 4214000.0,
        "General And Administrative Expense": 4214000.0,
        "Other Gand A": 4214000.0,
        "Total Revenue": 364923000.0,
        "Operating Revenue": 364923000.0
    },
    "2022-12-31": {
        "Tax Effect Of Unusual Items": 0.0,
        "Tax Rate For Calcs": 0.141845,
        "Net Income From Continuing Operation Net Minority Interest": 97834000.0,
        "EBIT": 116018000.0,
        "Net Interest Income": -2013000.0,
        "Interest Expense": 2013000.0,
        "Normalized Income": 97834000.0,
        "Net Income From Continuing And Discontinued Operation": 97834000.0,
        "Total Expenses": 246588000.0,
        "Diluted Average Shares": 45954000.0,
        "Basic Average Shares": 45469752.0,
        "Diluted EPS": 2.13,
        "Basic EPS": 2.151628,
        "Diluted NI Availto Com Stockholders": 97834000.0,
        "Net Income Common Stockholders": 97834000.0,
        "Net Income": 97834000.0,
        "Net Income Including Noncontrolling Interests": 97834000.0,
        "Net Income Continuous Operations": 97834000.0,
        "Tax Provision": 16171000.0,
        "Pretax Income": 114005000.0,
        "Net Non Operating Interest Income Expense": -2013000.0,
        "Interest Expense Non Operating": 2013000.0,
        "Selling General And Administration": 4347000.0,
        "General And Administrative Expense": 4347000.0,
        "Other Gand A": 4347000.0,
        "Total Revenue": 360593000.0,
        "Operating Revenue": 360593000.0
    },
    "2022-09-30": {
        "Tax Effect Of Unusual Items": 0.0,
        "Tax Rate For Calcs": 0.206974,
        "Net Income From Continuing Operation Net Minority Interest": 439893000.0,
        "EBIT": 556715000.0,
        "Net Interest Income": -2013000.0,
        "Interest Expense": 2013000.0,
        "Normalized Income": 439893000.0,
        "Net Income From Continuing And Discontinued Operation": 439893000.0,
        "Total Expenses": 304792000.0,
        "Diluted Average Shares": 45775000.0,
        "Basic Average Shares": 45378171.0,
        "Diluted EPS": 9.61,
        "Basic EPS": 9.693934,
        "Diluted NI Availto Com Stockholders": 439893000.0,
        "Net Income Common Stockholders": 439893000.0,
        "Net Income": 439893000.0,
        "Net Income Including Noncontrolling Interests": 439893000.0,
        "Net Income Continuous Operations": 439893000.0,
        "Tax Provision": 114809000.0,
        "Pretax Income": 554702000.0,
        "Net Non Operating Interest Income Expense": -2013000.0,
        "Interest Expense Non Operating": 2013000.0,
        "Selling General And Administration": 2755000.0,
        "General And Administrative Expense": 2755000.0,
        "Other Gand A": 2755000.0,
        "Total Revenue": 859494000.0,
        "Operating Revenue": 859494000.0
    },
    "2022-06-30": {
        "Tax Effect Of Unusual Items": 0.0,
        "Tax Rate For Calcs": 0.4,
        "Net Income From Continuing Operation Net Minority Interest": -2239000.0,
        "EBIT": -4543000.0,
        "Net Interest Income": -2011000.0,
        "Interest Expense": 2011000.0,
        "Normalized Income": -2239000.0,
        "Net Income From Continuing And Discontinued Operation": -2239000.0,
        "Total Expenses": 219646000.0,
        "Diluted Average Shares": 45368804.0,
        "Basic Average Shares": 45368804.0,
        "Diluted EPS": -0.05,
        "Basic EPS": -0.049351,
        "Diluted NI Availto Com Stockholders": -2239000.0,
        "Net Income Common Stockholders": -2239000.0,
        "Net Income": -2239000.0,
        "Net Income Including Noncontrolling Interests": -2239000.0,
        "Net Income Continuous Operations": -2239000.0,
        "Tax Provision": -4315000.0,
        "Pretax Income": -6554000.0,
        "Net Non Operating Interest Income Expense": -2011000.0,
        "Interest Expense Non Operating": 2011000.0,
        "Selling General And Administration": 2435000.0,
        "General And Administrative Expense": 2435000.0,
        "Other Gand A": 2435000.0,
        "Total Revenue": 213092000.0,
        "Operating Revenue": 213092000.0
    },
    "2022-03-31": {
        "Diluted EPS": 1.05,
        "Total Revenue": 265,
        "Gross Profit": 74,
        "Operating Income": 52,
        "EBIT": 52,
        "Net Income": 48
    },
    "2021-12-31": {
        "Diluted EPS": 2.08,
        "Total Revenue": 323,
        "Gross Profit": 138,
        "Operating Income": 111,
        "EBIT": 111,
        "Net Income": 95
    },
    "2021-09-30": {
        "Diluted EPS": 0.64,
        "Total Revenue": 270,
        "Gross Profit": 46,
        "Operating Income": 28,
        "EBIT": 28,
        "Net Income": 29
    },
    "2021-06-30": {
        "Diluted EPS": 1.79,
        "Total Revenue": 298,
        "Gross Profit": 114,
        "Operating Income": 90,
        "EBIT": 90,
        "Net Income": 82
    },
    "2021-03-31": {
        "Diluted EPS": 1.6,
        "Total Revenue": 287,
        "Gross Profit": 107,
        "Operating Income": 85,
        "EBIT": 85,
        "Net Income": 73
    },
    "2020-12-31": {
        "Diluted EPS": 1.85,
        "Total Revenue": 304,
        "Gross Profit": 128,
        "Operating Income": 103,
        "EBIT": 103,
        "Net Income": 84
    },
    "2020-09-30": {
        "Diluted EPS": 0.93,
        "Total Revenue": 263,
        "Gross Profit": 64,
        "Operating Income": 45,
        "EBIT": 45,
        "Net Income": 42
    },
    "2020-06-30": {
        "Diluted EPS": 2.04,
        "Total Revenue": 298,
        "Gross Profit": 128,
        "Operating Income": 112,
        "EBIT": 112,
        "Net Income": 92
    },
    "2020-03-31": {
        "Diluted EPS": -1.36,
        "Total Revenue": 118,
        "Gross Profit": -66,
        "Operating Income": -82,
        "EBIT": -82,
        "Net Income": -61
    },
    "2019-12-31": {
        "Diluted EPS": 1.17,
        "Total Revenue": 265,
        "Gross Profit": 84,
        "Operating Income": 62,
        "EBIT": 62,
        "Net Income": 53
    },
    "2019-09-30": {
        "Diluted EPS": 0.71,
        "Total Revenue": 237,
        "Gross Profit": 56,
        "Operating Income": 37,
        "EBIT": 37,
        "Net Income": 32
    },
    "2019-06-30": {
        "Diluted EPS": 0.89,
        "Total Revenue": 238,
        "Gross Profit": 62,
        "Operating Income": 42,
        "EBIT": 42,
        "Net Income": 40
    },
    "2019-03-31": {
        "Diluted EPS": 1.46,
        "Total Revenue": 264,
        "Gross Profit": 98,
        "Operating Income": 78,
        "EBIT": 78,
        "Net Income": 65
    },
    "2018-12-31": {
        "Diluted EPS": -0.46,
        "Total Revenue": 172,
        "Gross Profit": -18,
        "Operating Income": -31,
        "EBIT": -31,
        "Net Income": -21
    },
    "2018-09-30": {
        "Diluted EPS": 0.88,
        "Total Revenue": 241,
        "Gross Profit": 62,
        "Operating Income": 45,
        "EBIT": 45,
        "Net Income": 39
    },
    "2018-06-30": {
        "Diluted EPS": 0.74,
        "Total Revenue": 219,
        "Gross Profit": 51,
        "Operating Income": 34,
        "EBIT": 34,
        "Net Income": 33
    },
    "2018-03-31": {
        "Diluted EPS": 0.27,
        "Total Revenue": 186,
        "Gross Profit": 27,
        "Operating Income": 11,
        "EBIT": 11,
        "Net Income": 12
    },
    "2017-12-31": {
        "Diluted EPS": 1.28,
        "Total Revenue": 208,
        "Gross Profit": 47,
        "Operating Income": 25,
        "EBIT": 25,
        "Net Income": 57
    },
    "2017-09-30": {
        "Diluted EPS": 0.04,
        "Total Revenue": 196,
        "Gross Profit": 11,
        "Operating Income": -3,
        "EBIT": -3,
        "Net Income": 2
    },
    "2017-06-30": {
        "Diluted EPS": 0.59,
        "Total Revenue": 196,
        "Gross Profit": 45,
        "Operating Income": 29,
        "EBIT": 29,
        "Net Income": 26
    },
    "2017-03-31": {
        "Diluted EPS": 0.45,
        "Total Revenue": 197,
        "Gross Profit": 40,
        "Operating Income": 23,
        "EBIT": 23,
        "Net Income": 20
    },
    "2016-12-31": {
        "Diluted EPS": 0.73,
        "Total Revenue": 212,
        "Gross Profit": 57,
        "Operating Income": 40,
        "EBIT": 40,
        "Net Income": 32
    },
    "2016-09-30": {
        "Diluted EPS": 0.5,
        "Total Revenue": 206,
        "Gross Profit": 47,
        "Operating Income": 31,
        "EBIT": 31,
        "Net Income": 22
    },
    "2016-06-30": {
        "Diluted EPS": 0.65,
        "Total Revenue": 196,
        "Gross Profit": 55,
        "Operating Income": 39,
        "EBIT": 39,
        "Net Income": 29
    },
    "2016-03-31": {
        "Diluted EPS": 0.71,
        "Total Revenue": 202,
        "Gross Profit": 58,
        "Operating Income": 44,
        "EBIT": 44,
        "Net Income": 31
    },
    "2015-12-31": {
        "Diluted EPS": 0.77,
        "Total Revenue": 207,
        "Gross Profit": 65,
        "Operating Income": 48,
        "EBIT": 48,
        "Net Income": 34
    },
    "2015-09-30": {
        "Diluted EPS": 0.81,
        "Total Revenue": 201,
        "Gross Profit": 67,
        "Operating Income": 53,
        "EBIT": 53,
        "Net Income": 36
    },
    "2015-06-30": {
        "Diluted EPS": 0.84,
        "Total Revenue": 191,
        "Gross Profit": 67,
        "Operating Income": 50,
        "EBIT": 50,
        "Net Income": 37
    },
    "2015-03-31": {
        "Diluted EPS": 0.7,
        "Total Revenue": 196,
        "Gross Profit": 56,
        "Operating Income": 42,
        "EBIT": 42,
        "Net Income": 31
    },
    "2014-12-31": {
        "Diluted EPS": 0.85,
        "Total Revenue": 203,
        "Gross Profit": 66,
        "Operating Income": 48,
        "EBIT": 48,
        "Net Income": 37
    },
    "2014-09-30": {
        "Diluted EPS": 0.76,
        "Total Revenue": 198,
        "Gross Profit": 63,
        "Operating Income": 48,
        "EBIT": 48,
        "Net Income": 33
    },
    "2014-06-30": {
        "Diluted EPS": 0.82,
        "Total Revenue": 193,
        "Gross Profit": 65,
        "Operating Income": 48,
        "EBIT": 48,
        "Net Income": 36
    },
    "2014-03-31": {
        "Diluted EPS": 0.66,
        "Total Revenue": 181,
        "Gross Profit": 55,
        "Operating Income": 40,
        "EBIT": 40,
        "Net Income": 29
    },
    "2013-12-31": {
        "Diluted EPS": 0.78,
        "Total Revenue": 185,
        "Gross Profit": 62,
        "Operating Income": 44,
        "EBIT": 44,
        "Net Income": 34
    },
    "2013-09-30": {
        "Diluted EPS": 0.86,
        "Total Revenue": 188,
        "Gross Profit": 70,
        "Operating Income": 54,
        "EBIT": 54,
        "Net Income": 38
    },
    "2013-06-30": {
        "Diluted EPS": 0.69,
        "Total Revenue": 171,
        "Gross Profit": 54,
        "Operating Income": 40,
        "EBIT": 40,
        "Net Income": 30
    },
    "2013-03-31": {
        "Diluted EPS": 0.57,
        "Total Revenue": 161,
        "Gross Profit": 49,
        "Operating Income": 34,
        "EBIT": 34,
        "Net Income": 25
    },
    "2012-12-31": {
        "Diluted EPS": 0.57,
        "Total Revenue": 171,
        "Gross Profit": 43,
        "Operating Income": 30,
        "EBIT": 30,
        "Net Income": 25
    },
    "2012-09-30": {
        "Diluted EPS": 0.6,
        "Total Revenue": 170,
        "Gross Profit": 50,
        "Operating Income": 36,
        "EBIT": 36,
        "Net Income": 25
    },
    "2012-06-30": {
        "Diluted EPS": 0.58,
        "Total Revenue": 156,
        "Gross Profit": 47,
        "Operating Income": 34,
        "EBIT": 34,
        "Net Income": 25
    },
    "2012-03-31": {
        "Diluted EPS": 0.65,
        "Total Revenue": 164,
        "Gross Profit": 54,
        "Operating Income": 40,
        "EBIT": 40,
        "Net Income": 28
    },
    "2011-12-31": {
        "Diluted EPS": 0.69,
        "Total Revenue": 164,
        "Gross Profit": 57,
        "Operating Income": 42,
        "EBIT": 42,
        "Net Income": 30
    },
    "2011-09-30": {
        "Diluted EPS": 0.56,
        "Total Revenue": 162,
        "Gross Profit": 48,
        "Operating Income": 36,
        "EBIT": 36,
        "Net Income": 24
    },
    "2011-06-30": {
        "Diluted EPS": 1.06,
        "Total Revenue": 156,
        "Gross Profit": 79,
        "Operating Income": 65,
        "EBIT": 65,
        "Net Income": 45
    },
    "2011-03-31": {
        "Diluted EPS": 0.65,
        "Total Revenue": 137,
        "Gross Profit": 51,
        "Operating Income": 40,
        "EBIT": 40,
        "Net Income": 28
    },
    "2010-12-31": {
        "Diluted EPS": 0.97,
        "Total Revenue": 152,
        "Gross Profit": 67,
        "Operating Income": 53,
        "EBIT": 53,
        "Net Income": 41
    },
    "2010-09-30": {
        "Diluted EPS": 0.67,
        "Total Revenue": 150,
        "Gross Profit": 53,
        "Operating Income": 41,
        "EBIT": 41,
        "Net Income": 28
    },
    "2010-06-30": {
        "Diluted EPS": 0.83,
        "Total Revenue": 143,
        "Gross Profit": 60,
        "Operating Income": 50,
        "EBIT": 50,
        "Net Income": 35
    },
    "2010-03-31": {
        "Diluted EPS": 0.57,
        "Total Revenue": 139,
        "Gross Profit": 45,
        "Operating Income": 34,
        "EBIT": 34,
        "Net Income": 24
    },
    "2009-12-31": {
        "Diluted EPS": 0.71,
        "Total Revenue": 146,
        "Gross Profit": 59,
        "Operating Income": 46,
        "EBIT": 46,
        "Net Income": 31
    },
    "2009-09-30": {
        "Diluted EPS": 0.71,
        "Total Revenue": 146,
        "Gross Profit": 57,
        "Operating Income": 44,
        "EBIT": 44,
        "Net Income": 31
    },
    "2009-06-30": {
        "Diluted EPS": 0.79,
        "Total Revenue": 145,
        "Gross Profit": 57,
        "Operating Income": 45,
        "EBIT": 45,
        "Net Income": 34
    },
    "2009-03-31": {
        "Diluted EPS": -0.04,
        "Total Revenue": 110,
        "Gross Profit": 8,
        "Operating Income": -2,
        "EBIT": -2,
        "Net Income": -2
    },
    "2023-09-30": {
        "Tax Effect Of Unusual Items": 0.0,
        "Tax Rate For Calcs": 0.098742,
        "Net Income From Continuing Operation Net Minority Interest": 13536000.0,
        "EBIT": 16892000.0,
        "Net Interest Income": -1873000.0,
        "Interest Expense": 1873000.0,
        "Normalized Income": 13536000.0,
        "Net Income From Continuing And Discontinued Operation": 13536000.0,
        "Total Expenses": 316675000.0,
        "Diluted Average Shares": 46065000.0,
        "Basic Average Shares": 45625771.0,
        "Diluted EPS": 0.29,
        "Basic EPS": 0.296674,
        "Diluted NI Availto Com Stockholders": 13536000.0,
        "Net Income Common Stockholders": 13536000.0,
        "Net Income": 13536000.0,
        "Net Income Including Noncontrolling Interests": 13536000.0,
        "Net Income Continuous Operations": 13536000.0,
        "Tax Provision": 1483000.0,
        "Pretax Income": 15019000.0,
        "Net Non Operating Interest Income Expense": -1873000.0,
        "Interest Expense Non Operating": 1873000.0,
        "Selling General And Administration": 2372000.0,
        "General And Administrative Expense": 2372000.0,
        "Other Gand A": 2372000.0,
        "Total Revenue": 331694000.0,
        "Operating Revenue": 331694000.0
    }
}