{
    "2023-03-31": {
        "Tax Effect Of Unusual Items": 5086304.550869,
        "Tax Rate For Calcs": 0.237844,
        "Normalized EBITDA": -394606000.0,
        "Total Unusual Items": 21385000.0,
        "Total Unusual Items Excluding Goodwill": 21385000.0,
        "Net Income From Continuing Operation Net Minority Interest": -56966000.0,
        "Reconciled Cost Of Revenue": 78693000.0,
        "EBITDA": -373221000.0,
        "EBIT": -373221000.0,
        "Net Interest Income": 148803000.0,
        "Interest Income": 148803000.0,
        "Normalized Income": -73264695.449131,
        "Net Income From Continuing And Discontinued Operation": -56966000.0,
        "Total Expenses": 497640000.0,
        "Total Operating Income As Reported": -373221000.0,
        "Diluted Average Shares": 1316798713.0,
        "Basic Average Shares": 1316798713.0,
        "Diluted EPS": -0.043,
        "Basic EPS": -0.043,
        "Diluted NI Availto Com Stockholders": -56966000.0,
        "Net Income Common Stockholders": -56966000.0,
        "Net Income": -56966000.0,
        "Minority Interests": -661000.0,
        "Net Income Including Noncontrolling Interests": -56305000.0,
        "Net Income Continuous Operations": -56305000.0,
        "Tax Provision": -17571000.0,
        "Pretax Income": -73876000.0,
        "Other Income Expense": 150542000.0,
        "Other Non Operating Income Expenses": 129157000.0,
        "Gain On Sale Of Security": 21385000.0,
        "Net Non Operating Interest Income Expense": 148803000.0,
        "Interest Income Non Operating": 148803000.0,
        "Operating Income": -373221000.0,
        "Operating Expense": 418947000.0,
        "Research And Development": 76682000.0,
        "Selling General And Administration": 342265000.0,
        "Selling And Marketing Expense": 85761000.0,
        "General And Administrative Expense": 256504000.0,
        "Other Gand A": 256504000.0,
        "Gross Profit": 45726000.0,
        "Cost Of Revenue": 78693000.0,
        "Total Revenue": 124419000.0,
        "Excise Taxes": 64458000.0,
        "Operating Revenue": 188877000.0
    },
    "2022-12-31": {
        "Tax Effect Of Unusual Items": 1719873.185344,
        "Tax Rate For Calcs": 0.067296,
        "Normalized EBITDA": -497724000.0,
        "Total Unusual Items": 25557000.0,
        "Total Unusual Items Excluding Goodwill": 25557000.0,
        "Net Income From Continuing Operation Net Minority Interest": -228480000.0,
        "Reconciled Cost Of Revenue": 191741000.0,
        "EBITDA": -472167000.0,
        "EBIT": -472167000.0,
        "Net Interest Income": 54617000.0,
        "Interest Income": NaN,
        "Normalized Income": -252317126.814656,
        "Net Income From Continuing And Discontinued Operation": -228480000.0,
        "Total Expenses": 812179000.0,
        "Total Operating Income As Reported": -472167000.0,
        "Diluted Average Shares": 1310229331.0,
        "Basic Average Shares": 1310229331.0,
        "Diluted EPS": -0.174,
        "Basic EPS": -0.174,
        "Diluted NI Availto Com Stockholders": -228480000.0,
        "Net Income Common Stockholders": -228480000.0,
        "Net Income": -228480000.0,
        "Minority Interests": -3355000.0,
        "Net Income Including Noncontrolling Interests": -225125000.0,
        "Net Income Continuous Operations": -225125000.0,
        "Tax Provision": -16243000.0,
        "Pretax Income": -241368000.0,
        "Other Income Expense": 176182000.0,
        "Other Non Operating Income Expenses": 150625000.0,
        "Gain On Sale Of Security": 25557000.0,
        "Net Non Operating Interest Income Expense": 54617000.0,
        "Interest Income Non Operating": NaN,
        "Operating Income": -472167000.0,
        "Operating Expense": 620438000.0,
        "Research And Development": 129558000.0,
        "Selling General And Administration": 490880000.0,
        "Selling And Marketing Expense": 96673000.0,
        "General And Administrative Expense": 394207000.0,
        "Other Gand A": 394207000.0,
        "Gross Profit": 148271000.0,
        "Cost Of Revenue": 191741000.0,
        "Total Revenue": 340012000.0,
        "Excise Taxes": NaN,
        "Operating Revenue": 175792000.0
    },
    "2022-09-30": {
        "Tax Effect Of Unusual Items": NaN,
        "Tax Rate For Calcs": NaN,
        "Normalized EBITDA": NaN,
        "Total Unusual Items": NaN,
        "Total Unusual Items Excluding Goodwill": NaN,
        "Net Income From Continuing Operation Net Minority Interest": NaN,
        "Reconciled Cost Of Revenue": NaN,
        "EBITDA": NaN,
        "EBIT": NaN,
        "Net Interest Income": NaN,
        "Interest Income": NaN,
        "Normalized Income": NaN,
        "Net Income From Continuing And Discontinued Operation": NaN,
        "Total Expenses": NaN,
        "Total Operating Income As Reported": NaN,
        "Diluted Average Shares": NaN,
        "Basic Average Shares": NaN,
        "Diluted EPS": NaN,
        "Basic EPS": NaN,
        "Diluted NI Availto Com Stockholders": NaN,
        "Net Income Common Stockholders": NaN,
        "Net Income": NaN,
        "Minority Interests": NaN,
        "Net Income Including Noncontrolling Interests": NaN,
        "Net Income Continuous Operations": NaN,
        "Tax Provision": NaN,
        "Pretax Income": NaN,
        "Other Income Expense": NaN,
        "Other Non Operating Income Expenses": NaN,
        "Gain On Sale Of Security": NaN,
        "Net Non Operating Interest Income Expense": NaN,
        "Interest Income Non Operating": NaN,
        "Operating Income": NaN,
        "Operating Expense": NaN,
        "Research And Development": NaN,
        "Selling General And Administration": NaN,
        "Selling And Marketing Expense": NaN,
        "General And Administrative Expense": NaN,
        "Other Gand A": NaN,
        "Gross Profit": NaN,
        "Cost Of Revenue": NaN,
        "Total Revenue": NaN,
        "Excise Taxes": 0.0,
        "Operating Revenue": NaN
    },
    "2022-06-30": {
        "Tax Effect Of Unusual Items": 12853144.705347,
        "Tax Rate For Calcs": 0.316338,
        "Normalized EBITDA": 406306000.0,
        "Total Unusual Items": 40631000.0,
        "Total Unusual Items Excluding Goodwill": 40631000.0,
        "Net Income From Continuing Operation Net Minority Interest": 461061000.0,
        "Reconciled Cost Of Revenue": 1256010000.0,
        "EBITDA": 446937000.0,
        "EBIT": 446937000.0,
        "Net Interest Income": 42724000.0,
        "Interest Income": 42724000.0,
        "Normalized Income": 433283144.705347,
        "Net Income From Continuing And Discontinued Operation": 461061000.0,
        "Total Expenses": 1786956000.0,
        "Total Operating Income As Reported": 446937000.0,
        "Diluted Average Shares": 1330060097.0,
        "Basic Average Shares": 1323877777.0,
        "Diluted EPS": 0.347,
        "Basic EPS": 0.348,
        "Diluted NI Availto Com Stockholders": 461061000.0,
        "Net Income Common Stockholders": 461061000.0,
        "Net Income": 461061000.0,
        "Minority Interests": 19499000.0,
        "Net Income Including Noncontrolling Interests": 441562000.0,
        "Net Income Continuous Operations": 441562000.0,
        "Tax Provision": 204316000.0,
        "Pretax Income": 645878000.0,
        "Other Income Expense": 156217000.0,
        "Other Non Operating Income Expenses": 115586000.0,
        "Gain On Sale Of Security": 40631000.0,
        "Net Non Operating Interest Income Expense": 42724000.0,
        "Total Other Finance Cost": NaN,
        "Interest Income Non Operating": 42724000.0,
        "Operating Income": 446937000.0,
        "Operating Expense": 530946000.0,
        "Research And Development": 117567000.0,
        "Selling General And Administration": 413379000.0,
        "Selling And Marketing Expense": 122634000.0,
        "General And Administrative Expense": 290745000.0,
        "Other Gand A": 290745000.0,
        "Gross Profit": 977883000.0,
        "Cost Of Revenue": 1256010000.0,
        "Total Revenue": 2233893000.0,
        "Operating Revenue": 2233893000.0
    },
    "2022-03-31": {
        "Diluted EPS": 0.08,
        "Total Revenue": 270,
        "Gross Profit": 104,
        "Operating Income": 98,
        "EBIT": 98,
        "Net Income": 111
    },
    "2021-12-31": {
        "Diluted EPS": 0.05,
        "Total Revenue": 317,
        "Gross Profit": 128,
        "Operating Income": 87,
        "EBIT": 87,
        "Net Income": 80
    },
    "2021-09-30": {
        "Diluted EPS": 0.11,
        "Total Revenue": 260,
        "Gross Profit": 102,
        "Operating Income": 139,
        "EBIT": 139,
        "Net Income": 151
    },
    "2021-06-30": {
        "Diluted EPS": 0.09,
        "Total Revenue": 394,
        "Gross Profit": 178,
        "Operating Income": 152,
        "EBIT": 152,
        "Net Income": 128
    },
    "2021-03-31": {
        "Diluted EPS": -0.03,
        "Total Revenue": 366,
        "Gross Profit": 169,
        "Operating Income": -17,
        "EBIT": -17,
        "Net Income": -41
    },
    "2020-12-31": {
        "Diluted EPS": -0.03,
        "Total Revenue": 248,
        "Gross Profit": 248,
        "Operating Income": 248,
        "EBIT": 249,
        "Net Income": -36
    },
    "2020-09-30": {
        "Diluted EPS": 0.0,
        "Total Revenue": NaN,
        "Gross Profit": NaN,
        "Operating Income": NaN,
        "Net Income": NaN
    },
    "2019-12-31": {
        "Diluted EPS": 0.0,
        "Total Revenue": NaN,
        "Gross Profit": NaN,
        "Operating Income": NaN,
        "EBIT": NaN,
        "Net Income": NaN
    },
    "2023-06-30": {
        "Tax Effect Of Unusual Items": 4138363.331226,
        "Tax Rate For Calcs": 0.201009,
        "Normalized EBITDA": 30774000.0,
        "Total Unusual Items": 20588000.0,
        "Total Unusual Items Excluding Goodwill": 20588000.0,
        "Net Income From Continuing Operation Net Minority Interest": 202787000.0,
        "Reconciled Cost Of Revenue": 171733000.0,
        "EBITDA": 51362000.0,
        "EBIT": 51362000.0,
        "Net Interest Income": 162888000.0,
        "Interest Income": 162888000.0,
        "Normalized Income": 186337363.331226,
        "Net Income From Continuing And Discontinued Operation": 202787000.0,
        "Total Expenses": 218908000.0,
        "Total Operating Income As Reported": 51362000.0,
        "Diluted Average Shares": 1353296802.0,
        "Basic Average Shares": 1318628588.0,
        "Diluted EPS": 0.15,
        "Basic EPS": 0.154,
        "Diluted NI Availto Com Stockholders": 202787000.0,
        "Net Income Common Stockholders": 202787000.0,
        "Net Income": 202787000.0,
        "Minority Interests": -1929000.0,
        "Net Income Including Noncontrolling Interests": 204716000.0,
        "Net Income Continuous Operations": 204716000.0,
        "Tax Provision": 51502000.0,
        "Pretax Income": 256218000.0,
        "Other Income Expense": 41968000.0,
        "Other Non Operating Income Expenses": 21380000.0,
        "Gain On Sale Of Security": 20588000.0,
        "Net Non Operating Interest Income Expense": 162888000.0,
        "Interest Income Non Operating": 162888000.0,
        "Operating Income": 51362000.0,
        "Operating Expense": 47175000.0,
        "Research And Development": 43317000.0,
        "Selling General And Administration": 3858000.0,
        "Selling And Marketing Expense": 45226000.0,
        "General And Administrative Expense": -41368000.0,
        "Other Gand A": -41368000.0,
        "Gross Profit": 98537000.0,
        "Cost Of Revenue": 171733000.0,
        "Total Revenue": 270270000.0,
        "Excise Taxes": 107853000.0,
        "Operating Revenue": 378123000.0
    },
    "2023-09-30": {
        "Tax Effect Of Unusual Items": 205852.866474,
        "Tax Rate For Calcs": 0.009789,
        "Normalized EBITDA": -55373000.0,
        "Total Unusual Items": 21028000.0,
        "Total Unusual Items Excluding Goodwill": 21028000.0,
        "Net Income From Continuing Operation Net Minority Interest": 175030000.0,
        "Reconciled Cost Of Revenue": 278578000.0,
        "EBITDA": -34345000.0,
        "EBIT": -34345000.0,
        "Net Interest Income": 158260000.0,
        "Interest Income": 158260000.0,
        "Normalized Income": 154207852.866474,
        "Net Income From Continuing And Discontinued Operation": 175030000.0,
        "Total Expenses": 432961000.0,
        "Total Operating Income As Reported": -34345000.0,
        "Diluted Average Shares": 1344359144.0,
        "Basic Average Shares": 1316452743.0,
        "Diluted EPS": 0.13,
        "Basic EPS": 0.133,
        "Diluted NI Availto Com Stockholders": 175030000.0,
        "Net Income Common Stockholders": 175030000.0,
        "Net Income": 175030000.0,
        "Minority Interests": -1579000.0,
        "Net Income Including Noncontrolling Interests": 176609000.0,
        "Net Income Continuous Operations": 176609000.0,
        "Tax Provision": 1746000.0,
        "Pretax Income": 178355000.0,
        "Other Income Expense": 54440000.0,
        "Other Non Operating Income Expenses": 33412000.0,
        "Gain On Sale Of Security": 21028000.0,
        "Net Non Operating Interest Income Expense": 158260000.0,
        "Interest Income Non Operating": 158260000.0,
        "Operating Income": -34345000.0,
        "Operating Expense": 154383000.0,
        "Research And Development": 30783000.0,
        "Selling General And Administration": 123600000.0,
        "Selling And Marketing Expense": 44751000.0,
        "General And Administrative Expense": 78849000.0,
        "Other Gand A": 78849000.0,
        "Gross Profit": 120038000.0,
        "Cost Of Revenue": 278578000.0,
        "Total Revenue": 398616000.0,
        "Excise Taxes": 100313000.0,
        "Operating Revenue": 498929000.0
    },
    "2023-12-31": {
        "Tax Effect Of Unusual Items": 12601798.323242,
        "Tax Rate For Calcs": 0.068976,
        "Normalized EBITDA": -318248000.0,
        "Total Unusual Items": 182699000.0,
        "Total Unusual Items Excluding Goodwill": 182699000.0,
        "Net Income From Continuing Operation Net Minority Interest": 217519000.0,
        "Reconciled Cost Of Revenue": 383847000.0,
        "EBITDA": -135549000.0,
        "EBIT": -135549000.0,
        "Net Interest Income": 157929000.0,
        "Interest Income": 157929000.0,
        "Normalized Income": 47421798.323242,
        "Net Income From Continuing And Discontinued Operation": 217519000.0,
        "Total Expenses": 657147000.0,
        "Total Operating Income As Reported": -135549000.0,
        "Diluted Average Shares": 1324466240.0,
        "Basic Average Shares": 1285752182.0,
        "Diluted EPS": 0.161,
        "Basic EPS": 0.166,
        "Diluted NI Availto Com Stockholders": 217519000.0,
        "Net Income Common Stockholders": 217519000.0,
        "Net Income": 217519000.0,
        "Minority Interests": -2361000.0,
        "Net Income Including Noncontrolling Interests": 219880000.0,
        "Net Income Continuous Operations": 219880000.0,
        "Tax Provision": 16290000.0,
        "Pretax Income": 236170000.0,
        "Other Income Expense": 213790000.0,
        "Other Non Operating Income Expenses": 31091000.0,
        "Gain On Sale Of Security": 182699000.0,
        "Net Non Operating Interest Income Expense": 157929000.0,
        "Interest Income Non Operating": 157929000.0,
        "Operating Income": -135549000.0,
        "Operating Expense": 273300000.0,
        "Research And Development": 21902000.0,
        "Selling General And Administration": 251398000.0,
        "Selling And Marketing Expense": 43038000.0,
        "General And Administrative Expense": 208360000.0,
        "Other Gand A": 208360000.0,
        "Gross Profit": 137751000.0,
        "Cost Of Revenue": 383847000.0,
        "Total Revenue": 521598000.0,
        "Excise Taxes": 69730000.0,
        "Operating Revenue": 492015000.0
    },
    "2024-03-31": {
        "Tax Effect Of Unusual Items": 1401707.361934,
        "Tax Rate For Calcs": 0.109714,
        "Normalized EBITDA": -64384000.0,
        "Total Unusual Items": 12776000.0,
        "Total Unusual Items Excluding Goodwill": 12776000.0,
        "Net Income From Continuing Operation Net Minority Interest": 131908000.0,
        "Reconciled Cost Of Revenue": 327610000.0,
        "EBITDA": -51608000.0,
        "EBIT": -51608000.0,
        "Net Interest Income": 158858000.0,
        "Interest Income": 158858000.0,
        "Normalized Income": 120533707.361934,
        "Net Income From Continuing And Discontinued Operation": 131908000.0,
        "Total Expenses": 521991000.0,
        "Total Operating Income As Reported": -51608000.0,
        "Diluted Average Shares": 1301431007.0,
        "Basic Average Shares": 1249317641.0,
        "Diluted EPS": 0.106,
        "Basic EPS": 0.106,
        "Diluted NI Availto Com Stockholders": 131908000.0,
        "Net Income Common Stockholders": 131908000.0,
        "Net Income": 131908000.0,
        "Minority Interests": -717000.0,
        "Net Income Including Noncontrolling Interests": 132625000.0,
        "Net Income Continuous Operations": 132625000.0,
        "Tax Provision": 16344000.0,
        "Pretax Income": 148969000.0,
        "Other Income Expense": 41719000.0,
        "Other Non Operating Income Expenses": 28943000.0,
        "Gain On Sale Of Security": 12776000.0,
        "Net Non Operating Interest Income Expense": 158858000.0,
        "Interest Income Non Operating": 158858000.0,
        "Operating Income": -51608000.0,
        "Operating Expense": 194381000.0,
        "Research And Development": 31540000.0,
        "Selling General And Administration": 162841000.0,
        "Selling And Marketing Expense": 52887000.0,
        "General And Administrative Expense": 109954000.0,
        "Other Gand A": 109954000.0,
        "Gross Profit": 142773000.0,
        "Cost Of Revenue": 327610000.0,
        "Total Revenue": 470383000.0,
        "Excise Taxes": 81240000.0,
        "Operating Revenue": 551623000.0
    },
    "2024-06-30": {
        "Tax Effect Of Unusual Items": 1740026.494557,
        "Tax Rate For Calcs": 0.136816,
        "Normalized EBITDA": -46048000.0,
        "Total Unusual Items": 12718000.0,
        "Total Unusual Items Excluding Goodwill": 12718000.0,
        "Net Income From Continuing Operation Net Minority Interest": 132314000.0,
        "Reconciled Cost Of Revenue": 400712000.0,
        "EBITDA": -33330000.0,
        "EBIT": -33330000.0,
        "Net Interest Income": 154207000.0,
        "Interest Income": 154207000.0,
        "Normalized Income": 121336026.494557,
        "Net Income From Continuing And Discontinued Operation": 132314000.0,
        "Total Expenses": 591904000.0,
        "Total Operating Income As Reported": -33330000.0,
        "Diluted Average Shares": 1284388803.0,
        "Basic Average Shares": 1228869526.0,
        "Diluted EPS": 0.103,
        "Basic EPS": 0.108,
        "Diluted NI Availto Com Stockholders": 132314000.0,
        "Net Income Common Stockholders": 132314000.0,
        "Net Income": 132314000.0,
        "Minority Interests": -2631000.0,
        "Net Income Including Noncontrolling Interests": 134945000.0,
        "Net Income Continuous Operations": 134945000.0,
        "Tax Provision": 21389000.0,
        "Pretax Income": 156334000.0,
        "Other Income Expense": 35457000.0,
        "Other Non Operating Income Expenses": 22739000.0,
        "Gain On Sale Of Security": 12718000.0,
        "Net Non Operating Interest Income Expense": 154207000.0,
        "Interest Income Non Operating": 154207000.0,
        "Operating Income": -33330000.0,
        "Operating Expense": 191192000.0,
        "Research And Development": -40000.0,
        "Selling General And Administration": 191232000.0,
        "Selling And Marketing Expense": 62235000.0,
        "General And Administrative Expense": 128997000.0,
        "Other Gand A": 128997000.0,
        "Gross Profit": 157862000.0,
        "Cost Of Revenue": 400712000.0,
        "Total Revenue": 558574000.0,
        "Excise Taxes": 68602000.0,
        "Operating Revenue": 627176000.0
    },
    "2024-09-30": {
        "Tax Effect Of Unusual Items": 1989993.744182,
        "Tax Rate For Calcs": 0.152257,
        "Normalized EBITDA": -23730000.0,
        "Total Unusual Items": 13070000.0,
        "Total Unusual Items Excluding Goodwill": 13070000.0,
        "Net Income From Continuing Operation Net Minority Interest": 165654000.0,
        "Reconciled Cost Of Revenue": 473379000.0,
        "EBITDA": -10660000.0,
        "EBIT": -10660000.0,
        "Net Interest Income": 156659000.0,
        "Interest Income": 156659000.0,
        "Normalized Income": 154573993.744182,
        "Net Income From Continuing And Discontinued Operation": 165654000.0,
        "Total Expenses": 690015000.0,
        "Total Operating Income As Reported": -10660000.0,
        "Diluted Average Shares": 1287927444.0,
        "Basic Average Shares": 1225417517.0,
        "Diluted EPS": 0.129,
        "Basic EPS": 0.135,
        "Diluted NI Availto Com Stockholders": 165654000.0,
        "Net Income Common Stockholders": 165654000.0,
        "Net Income": 165654000.0,
        "Minority Interests": -3737000.0,
        "Net Income Including Noncontrolling Interests": 169391000.0,
        "Net Income Continuous Operations": 169391000.0,
        "Tax Provision": 30423000.0,
        "Pretax Income": 199814000.0,
        "Other Income Expense": 53815000.0,
        "Other Non Operating Income Expenses": 40745000.0,
        "Gain On Sale Of Security": 13070000.0,
        "Net Non Operating Interest Income Expense": 156659000.0,
        "Interest Income Non Operating": 156659000.0,
        "Operating Income": -10660000.0,
        "Operating Expense": 216636000.0,
        "Research And Development": 24435000.0,
        "Selling General And Administration": 192201000.0,
        "Selling And Marketing Expense": 68975000.0,
        "General And Administrative Expense": 123226000.0,
        "Other Gand A": 123226000.0,
        "Gross Profit": 205976000.0,
        "Cost Of Revenue": 473379000.0,
        "Total Revenue": 679355000.0,
        "Excise Taxes": 76933000.0,
        "Operating Revenue": 756288000.0
    }
}