{
    "2023-03-31": {
        "Tax Effect Of Unusual Items": 0.0,
        "Tax Rate For Calcs": 0.251,
        "Total Unusual Items": -113000.0,
        "Total Unusual Items Excluding Goodwill": -113000.0,
        "Net Income From Continuing Operation Net Minority Interest": 8689000.0,
        "Reconciled Depreciation": 4078000.0,
        "Net Interest Income": 103625000.0,
        "Interest Expense": 16782000.0,
        "Interest Income": 120407000.0,
        "Normalized Income": 8689000.0,
        "Net Income From Continuing And Discontinued Operation": 8689000.0,
        "Diluted Average Shares": 9622000.0,
        "Basic Average Shares": 9325000.0,
        "Diluted EPS": 0.9,
        "Basic EPS": 0.93,
        "Diluted NI Availto Com Stockholders": 8689000.0,
        "Net Income Common Stockholders": 8689000.0,
        "Net Income": 8689000.0,
        "Net Income Including Noncontrolling Interests": 8689000.0,
        "Net Income Continuous Operations": 8689000.0,
        "Tax Provision": 2916000.0,
        "Pretax Income": 11605000.0,
        "Special Income Charges": -113000.0,
        "Other Special Charges": 113000.0,
        "Selling General And Administration": 53035000.0,
        "Selling And Marketing Expense": 3379000.0,
        "General And Administrative Expense": 49656000.0,
        "Other Gand A": 11059000.0,
        "Salaries And Wages": 38597000.0,
        "Total Revenue": 118596000.0,
        "Operating Revenue": 118596000.0,
        "Occupancy And Equipment": 6288000.0,
        "Other Non Interest Expense": -113000.0
    },
    "2022-12-31": {
        "Tax Effect Of Unusual Items": NaN,
        "Tax Rate For Calcs": NaN,
        "Total Unusual Items": -47000.0,
        "Total Unusual Items Excluding Goodwill": -47000.0,
        "Net Income From Continuing Operation Net Minority Interest": NaN,
        "Reconciled Depreciation": NaN,
        "Net Interest Income": NaN,
        "Interest Expense": NaN,
        "Interest Income": NaN,
        "Normalized Income": NaN,
        "Net Income From Continuing And Discontinued Operation": NaN,
        "Diluted Average Shares": NaN,
        "Basic Average Shares": NaN,
        "Diluted EPS": NaN,
        "Basic EPS": NaN,
        "Diluted NI Availto Com Stockholders": NaN,
        "Net Income Common Stockholders": NaN,
        "Net Income": NaN,
        "Net Income Including Noncontrolling Interests": NaN,
        "Net Income Continuous Operations": NaN,
        "Tax Provision": NaN,
        "Pretax Income": NaN,
        "Special Income Charges": -47000.0,
        "Other Special Charges": 47000.0,
        "Selling General And Administration": NaN,
        "Selling And Marketing Expense": NaN,
        "General And Administrative Expense": NaN,
        "Other Gand A": NaN,
        "Salaries And Wages": NaN,
        "Total Revenue": NaN,
        "Operating Revenue": NaN,
        "Occupancy And Equipment": NaN,
        "Other Non Interest Expense": -47000.0
    },
    "2022-09-30": {
        "Tax Effect Of Unusual Items": 0.0,
        "Tax Rate For Calcs": 0.246069,
        "Total Unusual Items": NaN,
        "Total Unusual Items Excluding Goodwill": NaN,
        "Net Income From Continuing Operation Net Minority Interest": 10068000.0,
        "Reconciled Depreciation": 2915000.0,
        "Net Interest Income": 104157000.0,
        "Interest Expense": 11863000.0,
        "Interest Income": 116020000.0,
        "Normalized Income": 10068000.0,
        "Net Income From Continuing And Discontinued Operation": 10068000.0,
        "Diluted Average Shares": 9526000.0,
        "Basic Average Shares": 9195000.0,
        "Diluted EPS": 1.06,
        "Basic EPS": 1.09,
        "Diluted NI Availto Com Stockholders": 10068000.0,
        "Net Income Common Stockholders": 10068000.0,
        "Net Income": 10068000.0,
        "Net Income Including Noncontrolling Interests": 10068000.0,
        "Net Income Continuous Operations": 10068000.0,
        "Tax Provision": 3286000.0,
        "Pretax Income": 13354000.0,
        "Special Income Charges": NaN,
        "Other Special Charges": NaN,
        "Selling General And Administration": 52316000.0,
        "Selling And Marketing Expense": 3940000.0,
        "General And Administrative Expense": 48376000.0,
        "Other Gand A": 11397000.0,
        "Salaries And Wages": 36979000.0,
        "Total Revenue": 119589000.0,
        "Operating Revenue": 119589000.0
    },
    "2022-06-30": {
        "Tax Effect Of Unusual Items": 0.0,
        "Tax Rate For Calcs": 0.240973,
        "Total Unusual Items": NaN,
        "Total Unusual Items Excluding Goodwill": NaN,
        "Net Income From Continuing Operation Net Minority Interest": 11982000.0,
        "Reconciled Depreciation": 2996000.0,
        "Net Interest Income": 102207000.0,
        "Interest Expense": 7564000.0,
        "Interest Income": 109771000.0,
        "Normalized Income": 11982000.0,
        "Net Income From Continuing And Discontinued Operation": 11982000.0,
        "Diluted Average Shares": 9669000.0,
        "Basic Average Shares": 9261000.0,
        "Diluted EPS": 1.24,
        "Basic EPS": 1.29,
        "Diluted NI Availto Com Stockholders": 11982000.0,
        "Net Income Common Stockholders": 11982000.0,
        "Net Income": 11982000.0,
        "Net Income Including Noncontrolling Interests": 11982000.0,
        "Net Income Continuous Operations": 11982000.0,
        "Tax Provision": 3804000.0,
        "Pretax Income": 15786000.0,
        "Special Income Charges": NaN,
        "Other Special Charges": NaN,
        "Selling General And Administration": 47965000.0,
        "Selling And Marketing Expense": 4108000.0,
        "General And Administrative Expense": 43857000.0,
        "Other Gand A": 9916000.0,
        "Salaries And Wages": 33941000.0,
        "Total Revenue": 115307000.0,
        "Operating Revenue": 115307000.0
    },
    "2023-06-30": {
        "Tax Effect Of Unusual Items": 0.0,
        "Tax Rate For Calcs": 0.229,
        "Total Unusual Items": NaN,
        "Total Unusual Items Excluding Goodwill": NaN,
        "Net Income From Continuing Operation Net Minority Interest": 6023000.0,
        "Reconciled Depreciation": 3566000.0,
        "Net Interest Income": 101859000.0,
        "Interest Expense": 16224000.0,
        "Interest Income": 118083000.0,
        "Normalized Income": 6023000.0,
        "Net Income From Continuing And Discontinued Operation": 6023000.0,
        "Diluted Average Shares": 9566000.0,
        "Basic Average Shares": 9399000.0,
        "Diluted EPS": 0.63,
        "Basic EPS": 0.64,
        "Diluted NI Availto Com Stockholders": 6023000.0,
        "Net Income Common Stockholders": 6023000.0,
        "Net Income": 6023000.0,
        "Net Income Including Noncontrolling Interests": 6023000.0,
        "Net Income Continuous Operations": 6023000.0,
        "Tax Provision": 1790000.0,
        "Pretax Income": 7813000.0,
        "Special Income Charges": NaN,
        "Other Special Charges": NaN,
        "Selling General And Administration": 50738000.0,
        "Selling And Marketing Expense": 3844000.0,
        "General And Administrative Expense": 46894000.0,
        "Other Gand A": 10475000.0,
        "Salaries And Wages": 36419000.0,
        "Total Revenue": 117260000.0,
        "Operating Revenue": 117260000.0,
        "Occupancy And Equipment": 6158000.0,
        "Other Non Interest Expense": NaN
    },
    "2023-09-30": {
        "Tax Effect Of Unusual Items": 0.0,
        "Tax Rate For Calcs": 0.191,
        "Total Unusual Items": NaN,
        "Total Unusual Items Excluding Goodwill": NaN,
        "Net Income From Continuing Operation Net Minority Interest": 8820000.0,
        "Reconciled Depreciation": 3556000.0,
        "Net Interest Income": 108071000.0,
        "Interest Expense": 16947000.0,
        "Interest Income": 125018000.0,
        "Normalized Income": 8820000.0,
        "Net Income From Continuing And Discontinued Operation": 8820000.0,
        "Diluted Average Shares": 9650000.0,
        "Basic Average Shares": 9429000.0,
        "Diluted EPS": 0.91,
        "Basic EPS": 0.94,
        "Diluted NI Availto Com Stockholders": 8820000.0,
        "Net Income Common Stockholders": 8820000.0,
        "Net Income": 8820000.0,
        "Net Income Including Noncontrolling Interests": 8820000.0,
        "Net Income Continuous Operations": 8820000.0,
        "Tax Provision": 2077000.0,
        "Pretax Income": 10897000.0,
        "Special Income Charges": NaN,
        "Other Special Charges": NaN,
        "Selling General And Administration": 55789000.0,
        "Selling And Marketing Expense": 4077000.0,
        "General And Administrative Expense": 51712000.0,
        "Other Gand A": 11880000.0,
        "Salaries And Wages": 39832000.0,
        "Total Revenue": 123931000.0,
        "Operating Revenue": 123931000.0,
        "Occupancy And Equipment": 6315000.0,
        "Other Non Interest Expense": NaN
    },
    "2023-12-31": {
        "Tax Effect Of Unusual Items": 0.0,
        "Tax Rate For Calcs": 0.205413,
        "Total Unusual Items": NaN,
        "Total Unusual Items Excluding Goodwill": NaN,
        "Net Income From Continuing Operation Net Minority Interest": -7574000.0,
        "Reconciled Depreciation": 3434000.0,
        "Net Interest Income": 108680000.0,
        "Interest Expense": 17510000.0,
        "Interest Income": 126190000.0,
        "Normalized Income": -7574000.0,
        "Net Income From Continuing And Discontinued Operation": -7574000.0,
        "Diluted Average Shares": 9437000.0,
        "Basic Average Shares": 9437000.0,
        "Diluted EPS": -0.8,
        "Basic EPS": -0.8,
        "Diluted NI Availto Com Stockholders": -7574000.0,
        "Net Income Common Stockholders": -7574000.0,
        "Net Income": -7574000.0,
        "Net Income Including Noncontrolling Interests": -7574000.0,
        "Net Income Continuous Operations": -7574000.0,
        "Tax Provision": -1958000.0,
        "Pretax Income": -9532000.0,
        "Special Income Charges": NaN,
        "Other Special Charges": NaN,
        "Selling General And Administration": 58528000.0,
        "Selling And Marketing Expense": 4474000.0,
        "General And Administrative Expense": 54054000.0,
        "Other Gand A": 12030000.0,
        "Salaries And Wages": 42024000.0,
        "Total Revenue": 124149000.0,
        "Operating Revenue": 124149000.0,
        "Occupancy And Equipment": 6268000.0,
        "Other Non Interest Expense": NaN
    },
    "2024-03-31": {
        "Tax Effect Of Unusual Items": 0.0,
        "Tax Rate For Calcs": 0.237,
        "Total Unusual Items": NaN,
        "Total Unusual Items Excluding Goodwill": NaN,
        "Net Income From Continuing Operation Net Minority Interest": 15205000.0,
        "Reconciled Depreciation": 3498000.0,
        "Net Interest Income": 111314000.0,
        "Interest Expense": 17504000.0,
        "Interest Income": 128818000.0,
        "Normalized Income": 15205000.0,
        "Net Income From Continuing And Discontinued Operation": 15205000.0,
        "Diluted Average Shares": 9746000.0,
        "Basic Average Shares": 9569000.0,
        "Diluted EPS": 1.56,
        "Basic EPS": 1.59,
        "Diluted NI Availto Com Stockholders": 15205000.0,
        "Net Income Common Stockholders": 15205000.0,
        "Net Income": 15205000.0,
        "Net Income Including Noncontrolling Interests": 15205000.0,
        "Net Income Continuous Operations": 15205000.0,
        "Tax Provision": 4728000.0,
        "Pretax Income": 19933000.0,
        "Special Income Charges": NaN,
        "Other Special Charges": NaN,
        "Selling General And Administration": 54073000.0,
        "Selling And Marketing Expense": 4315000.0,
        "General And Administrative Expense": 49758000.0,
        "Other Gand A": 11938000.0,
        "Salaries And Wages": 37820000.0,
        "Total Revenue": 126804000.0,
        "Operating Revenue": 126804000.0,
        "Occupancy And Equipment": 6375000.0,
        "Other Non Interest Expense": NaN
    }
}