{
    "2023-03-31": {
        "Tax Effect Of Unusual Items": NaN,
        "Tax Rate For Calcs": NaN,
        "Normalized EBITDA": NaN,
        "Total Unusual Items": NaN,
        "Total Unusual Items Excluding Goodwill": NaN,
        "Net Income From Continuing Operation Net Minority Interest": NaN,
        "Reconciled Depreciation": NaN,
        "Reconciled Cost Of Revenue": NaN,
        "EBITDA": NaN,
        "EBIT": NaN,
        "Net Interest Income": NaN,
        "Interest Expense": NaN,
        "Interest Income": NaN,
        "Normalized Income": NaN,
        "Net Income From Continuing And Discontinued Operation": NaN,
        "Total Expenses": NaN,
        "Rent Expense Supplemental": NaN,
        "Total Operating Income As Reported": NaN,
        "Diluted Average Shares": 17916841.0,
        "Basic Average Shares": 17916841.0,
        "Diluted EPS": -0.04,
        "Basic EPS": -0.04,
        "Diluted NI Availto Com Stockholders": NaN,
        "Net Income Common Stockholders": NaN,
        "Net Income": NaN,
        "Minority Interests": NaN,
        "Net Income Including Noncontrolling Interests": NaN,
        "Net Income Continuous Operations": NaN,
        "Tax Provision": NaN,
        "Pretax Income": NaN,
        "Other Income Expense": NaN,
        "Other Non Operating Income Expenses": NaN,
        "Special Income Charges": 0.0,
        "Restructuring And Mergern Acquisition": 0.0,
        "Gain On Sale Of Security": NaN,
        "Net Non Operating Interest Income Expense": NaN,
        "Interest Expense Non Operating": NaN,
        "Interest Income Non Operating": NaN,
        "Operating Income": NaN,
        "Operating Expense": NaN,
        "Other Operating Expenses": NaN,
        "Depreciation Amortization Depletion Income Statement": NaN,
        "Depreciation And Amortization In Income Statement": NaN,
        "Selling General And Administration": NaN,
        "General And Administrative Expense": NaN,
        "Other Gand A": NaN,
        "Rent And Landing Fees": NaN,
        "Salaries And Wages": NaN,
        "Gross Profit": NaN,
        "Cost Of Revenue": NaN,
        "Total Revenue": NaN,
        "Operating Revenue": NaN
    },
    "2022-12-31": {
        "Tax Effect Of Unusual Items": NaN,
        "Tax Rate For Calcs": NaN,
        "Normalized EBITDA": NaN,
        "Total Unusual Items": NaN,
        "Total Unusual Items Excluding Goodwill": NaN,
        "Net Income From Continuing Operation Net Minority Interest": NaN,
        "Reconciled Depreciation": NaN,
        "Reconciled Cost Of Revenue": NaN,
        "EBITDA": NaN,
        "EBIT": NaN,
        "Net Interest Income": NaN,
        "Interest Expense": NaN,
        "Interest Income": NaN,
        "Normalized Income": NaN,
        "Net Income From Continuing And Discontinued Operation": NaN,
        "Total Expenses": NaN,
        "Rent Expense Supplemental": NaN,
        "Total Operating Income As Reported": NaN,
        "Diluted Average Shares": NaN,
        "Basic Average Shares": NaN,
        "Diluted EPS": NaN,
        "Basic EPS": NaN,
        "Diluted NI Availto Com Stockholders": NaN,
        "Net Income Common Stockholders": NaN,
        "Net Income": NaN,
        "Minority Interests": NaN,
        "Net Income Including Noncontrolling Interests": NaN,
        "Net Income Continuous Operations": NaN,
        "Tax Provision": NaN,
        "Pretax Income": NaN,
        "Other Income Expense": NaN,
        "Other Non Operating Income Expenses": NaN,
        "Special Income Charges": -7100000.0,
        "Restructuring And Mergern Acquisition": 7100000.0,
        "Gain On Sale Of Security": NaN,
        "Net Non Operating Interest Income Expense": NaN,
        "Interest Expense Non Operating": NaN,
        "Interest Income Non Operating": NaN,
        "Operating Income": NaN,
        "Operating Expense": NaN,
        "Other Operating Expenses": NaN,
        "Depreciation Amortization Depletion Income Statement": NaN,
        "Depreciation And Amortization In Income Statement": NaN,
        "Selling General And Administration": NaN,
        "General And Administrative Expense": NaN,
        "Other Gand A": NaN,
        "Rent And Landing Fees": NaN,
        "Salaries And Wages": NaN,
        "Gross Profit": NaN,
        "Cost Of Revenue": NaN,
        "Total Revenue": NaN,
        "Operating Revenue": NaN
    },
    "2022-09-30": {
        "Tax Effect Of Unusual Items": -1149200.0,
        "Tax Rate For Calcs": 0.4,
        "Normalized EBITDA": 17002000.0,
        "Total Unusual Items": -2873000.0,
        "Total Unusual Items Excluding Goodwill": -2873000.0,
        "Net Income From Continuing Operation Net Minority Interest": 140000.0,
        "Reconciled Depreciation": 8757000.0,
        "Reconciled Cost Of Revenue": 22736000.0,
        "EBITDA": 14129000.0,
        "EBIT": 5372000.0,
        "Net Interest Income": -5232000.0,
        "Interest Expense": 5729000.0,
        "Interest Income": 497000.0,
        "Normalized Income": 1863800.0,
        "Net Income From Continuing And Discontinued Operation": 140000.0,
        "Total Expenses": 81195000.0,
        "Rent Expense Supplemental": 2096000.0,
        "Total Operating Income As Reported": 5235000.0,
        "Diluted Average Shares": 18876863.0,
        "Basic Average Shares": 18646306.0,
        "Diluted EPS": 0.01,
        "Basic EPS": 0.01,
        "Diluted NI Availto Com Stockholders": 140000.0,
        "Net Income Common Stockholders": 140000.0,
        "Net Income": 140000.0,
        "Minority Interests": 1050000.0,
        "Net Income Including Noncontrolling Interests": -910000.0,
        "Net Income Continuous Operations": -910000.0,
        "Tax Provision": 553000.0,
        "Pretax Income": -357000.0,
        "Other Income Expense": -2873000.0,
        "Other Non Operating Income Expenses": NaN,
        "Special Income Charges": -2513000.0,
        "Restructuring And Mergern Acquisition": 2513000.0,
        "Gain On Sale Of Security": -360000.0,
        "Net Non Operating Interest Income Expense": -5232000.0,
        "Interest Expense Non Operating": 5729000.0,
        "Interest Income Non Operating": 497000.0,
        "Operating Income": 7748000.0,
        "Operating Expense": 58459000.0,
        "Depreciation Amortization Depletion Income Statement": 8757000.0,
        "Depreciation And Amortization In Income Statement": 8757000.0,
        "Selling General And Administration": 49702000.0,
        "General And Administrative Expense": 49702000.0,
        "Other Gand A": 16270000.0,
        "Rent And Landing Fees": 2096000.0,
        "Salaries And Wages": 31336000.0,
        "Gross Profit": 66207000.0,
        "Cost Of Revenue": 22736000.0,
        "Total Revenue": 88943000.0,
        "Operating Revenue": 88943000.0
    },
    "2022-06-30": {
        "Tax Effect Of Unusual Items": -529240.0,
        "Tax Rate For Calcs": 0.202,
        "Normalized EBITDA": 28641000.0,
        "Total Unusual Items": -2620000.0,
        "Total Unusual Items Excluding Goodwill": -2620000.0,
        "Net Income From Continuing Operation Net Minority Interest": 5829000.0,
        "Reconciled Depreciation": 9113000.0,
        "Reconciled Cost Of Revenue": 22909000.0,
        "EBITDA": 26021000.0,
        "EBIT": 16908000.0,
        "Net Interest Income": -3873000.0,
        "Interest Expense": 4032000.0,
        "Interest Income": 159000.0,
        "Normalized Income": 7919760.0,
        "Net Income From Continuing And Discontinued Operation": 5829000.0,
        "Total Expenses": 72803000.0,
        "Rent Expense Supplemental": 1942000.0,
        "Total Operating Income As Reported": 16909000.0,
        "Diluted Average Shares": 19153349.0,
        "Basic Average Shares": 18997397.0,
        "Diluted EPS": 0.3,
        "Basic EPS": 0.31,
        "Diluted NI Availto Com Stockholders": 5829000.0,
        "Net Income Common Stockholders": 5829000.0,
        "Net Income": 5829000.0,
        "Minority Interests": -4446000.0,
        "Net Income Including Noncontrolling Interests": 10275000.0,
        "Net Income Continuous Operations": 10275000.0,
        "Tax Provision": 2601000.0,
        "Pretax Income": 12876000.0,
        "Other Income Expense": -2620000.0,
        "Special Income Charges": -2460000.0,
        "Restructuring And Mergern Acquisition": 2460000.0,
        "Gain On Sale Of Security": -160000.0,
        "Net Non Operating Interest Income Expense": -3873000.0,
        "Interest Expense Non Operating": 4032000.0,
        "Interest Income Non Operating": 159000.0,
        "Operating Income": 19369000.0,
        "Operating Expense": 49894000.0,
        "Depreciation Amortization Depletion Income Statement": 9113000.0,
        "Depreciation And Amortization In Income Statement": 9113000.0,
        "Selling General And Administration": 40781000.0,
        "General And Administrative Expense": 40781000.0,
        "Other Gand A": 15951000.0,
        "Rent And Landing Fees": 1942000.0,
        "Salaries And Wages": 22888000.0,
        "Gross Profit": 69263000.0,
        "Cost Of Revenue": 22909000.0,
        "Total Revenue": 92172000.0,
        "Operating Revenue": 92172000.0
    },
    "2023-06-30": {
        "Tax Effect Of Unusual Items": 45150.0,
        "Tax Rate For Calcs": 0.21,
        "Normalized EBITDA": 22299000.0,
        "Total Unusual Items": 215000.0,
        "Total Unusual Items Excluding Goodwill": 215000.0,
        "Net Income From Continuing Operation Net Minority Interest": 2010000.0,
        "Reconciled Depreciation": 8008000.0,
        "Reconciled Cost Of Revenue": 21077000.0,
        "EBITDA": 22514000.0,
        "EBIT": 14506000.0,
        "Net Interest Income": -7699000.0,
        "Interest Expense": 8840000.0,
        "Interest Income": 1141000.0,
        "Normalized Income": 1840150.0,
        "Net Income From Continuing And Discontinued Operation": 2010000.0,
        "Total Expenses": 69297000.0,
        "Rent Expense Supplemental": 1980000.0,
        "Total Operating Income As Reported": 13150000.0,
        "Diluted Average Shares": 18387669.0,
        "Basic Average Shares": 18124630.0,
        "Diluted EPS": 0.11,
        "Basic EPS": 0.11,
        "Diluted NI Availto Com Stockholders": 2010000.0,
        "Net Income Common Stockholders": 2010000.0,
        "Net Income": 2010000.0,
        "Minority Interests": -1234000.0,
        "Net Income Including Noncontrolling Interests": 3244000.0,
        "Net Income Continuous Operations": 3244000.0,
        "Tax Provision": 2422000.0,
        "Pretax Income": 5666000.0,
        "Other Income Expense": 215000.0,
        "Other Non Operating Income Expenses": NaN,
        "Special Income Charges": 0.0,
        "Restructuring And Mergern Acquisition": 0.0,
        "Gain On Sale Of Security": 215000.0,
        "Net Non Operating Interest Income Expense": -7699000.0,
        "Interest Expense Non Operating": 8840000.0,
        "Interest Income Non Operating": 1141000.0,
        "Operating Income": 13150000.0,
        "Operating Expense": 48220000.0,
        "Other Operating Expenses": NaN,
        "Depreciation Amortization Depletion Income Statement": 8008000.0,
        "Depreciation And Amortization In Income Statement": 8008000.0,
        "Selling General And Administration": 40212000.0,
        "General And Administrative Expense": 40212000.0,
        "Other Gand A": 14315000.0,
        "Rent And Landing Fees": 1980000.0,
        "Salaries And Wages": 23917000.0,
        "Gross Profit": 61370000.0,
        "Cost Of Revenue": 21077000.0,
        "Total Revenue": 82447000.0,
        "Operating Revenue": 82447000.0
    },
    "2022-03-31": {
        "Diluted EPS": 0.08,
        "Total Revenue": 91,
        "Gross Profit": 91,
        "Operating Income": 8,
        "EBIT": 17,
        "Net Income": 1
    },
    "2021-12-31": {
        "Diluted EPS": 0.16,
        "Total Revenue": 89,
        "Gross Profit": 89,
        "Operating Income": 10,
        "EBIT": 20,
        "Net Income": 3
    },
    "2021-09-30": {
        "Diluted EPS": -1.34,
        "Total Revenue": 91,
        "Gross Profit": 91,
        "Operating Income": -38,
        "EBIT": -24,
        "Net Income": -25
    },
    "2021-06-30": {
        "Diluted EPS": 0.28,
        "Total Revenue": 77,
        "Gross Profit": 77,
        "Operating Income": 14,
        "EBIT": 20,
        "Net Income": 5
    },
    "2021-03-31": {
        "Diluted EPS": 0.06,
        "Total Revenue": 72,
        "Gross Profit": 72,
        "Operating Income": 4,
        "EBIT": 10,
        "Net Income": 1
    },
    "2020-12-31": {
        "Diluted EPS": 0.07,
        "Total Revenue": 72,
        "Gross Profit": 72,
        "Operating Income": 7,
        "EBIT": 14,
        "Net Income": 2
    },
    "2020-09-30": {
        "Diluted EPS": 0.2,
        "Total Revenue": 71,
        "Gross Profit": 71,
        "Operating Income": 11,
        "EBIT": 17,
        "Net Income": 4
    },
    "2020-06-30": {
        "Diluted EPS": 0.19,
        "Total Revenue": 52,
        "Gross Profit": 52,
        "Operating Income": 9,
        "EBIT": 15,
        "Net Income": 3
    },
    "2020-03-31": {
        "Diluted EPS": 0.15,
        "Total Revenue": 70,
        "Gross Profit": 70,
        "Operating Income": 12,
        "EBIT": 18,
        "Net Income": 3
    },
    "2019-12-31": {
        "Diluted EPS": 0.17,
        "Total Revenue": 68,
        "Gross Profit": 68,
        "Operating Income": 11,
        "EBIT": 16,
        "Net Income": 3
    },
    "2019-09-30": {
        "Diluted EPS": 0.51,
        "Total Revenue": 72,
        "Gross Profit": 72,
        "Operating Income": 23,
        "EBIT": 29,
        "Net Income": 9
    },
    "2019-06-30": {
        "Diluted EPS": 0.48,
        "Total Revenue": 71,
        "Gross Profit": 71,
        "Operating Income": 22,
        "EBIT": 28,
        "Net Income": 9
    },
    "2019-03-31": {
        "Diluted EPS": 0.25,
        "Total Revenue": 71,
        "Gross Profit": 71,
        "Operating Income": 13,
        "EBIT": 19,
        "Net Income": 4
    },
    "2018-12-31": {
        "Diluted EPS": 0.36,
        "Total Revenue": 51,
        "Gross Profit": 51,
        "Operating Income": 10,
        "EBIT": 15,
        "Net Income": 6
    },
    "2018-09-30": {
        "Diluted EPS": 0.46,
        "Total Revenue": 55,
        "Gross Profit": 55,
        "Operating Income": 22,
        "EBIT": 27,
        "Net Income": 8
    },
    "2018-06-30": {
        "Diluted EPS": 0.43,
        "Total Revenue": 54,
        "Gross Profit": 54,
        "Operating Income": 21,
        "EBIT": 26,
        "Net Income": 8
    },
    "2018-03-31": {
        "Diluted EPS": 0.28,
        "Total Revenue": 53,
        "Gross Profit": 53,
        "Operating Income": 14,
        "EBIT": 18,
        "Net Income": 5
    },
    "2017-12-31": {
        "Diluted EPS": -0.32,
        "Total Revenue": 49,
        "Gross Profit": 49,
        "Operating Income": 48,
        "EBIT": 53,
        "Net Income": -6
    },
    "2017-09-30": {
        "Diluted EPS": 0.21,
        "Total Revenue": 49,
        "Gross Profit": 49,
        "Operating Income": 12,
        "EBIT": 17,
        "Net Income": 4
    },
    "2017-06-30": {
        "Diluted EPS": 0.42,
        "Total Revenue": 49,
        "Gross Profit": 49,
        "Operating Income": 23,
        "EBIT": 28,
        "Net Income": 7
    },
    "2017-03-31": {
        "Diluted EPS": 0.26,
        "Total Revenue": 47,
        "Gross Profit": 47,
        "Operating Income": 15,
        "EBIT": 21,
        "Net Income": 5
    },
    "2016-12-31": {
        "Diluted EPS": 0.21,
        "Total Revenue": 44,
        "Gross Profit": 44,
        "Operating Income": 14,
        "EBIT": 18,
        "Net Income": 4
    },
    "2016-09-30": {
        "Diluted EPS": 0.38,
        "Total Revenue": 46,
        "Gross Profit": 46,
        "Operating Income": 21,
        "EBIT": 25,
        "Net Income": 7
    },
    "2016-06-30": {
        "Diluted EPS": 0.39,
        "Total Revenue": 43,
        "Gross Profit": 43,
        "Operating Income": 21,
        "EBIT": 25,
        "Net Income": 7
    },
    "2016-03-31": {
        "Diluted EPS": 0.28,
        "Total Revenue": 43,
        "Gross Profit": 43,
        "Operating Income": 16,
        "EBIT": 20,
        "Net Income": 5
    },
    "2015-12-31": {
        "Diluted EPS": 0.27,
        "Total Revenue": 43,
        "Gross Profit": 43,
        "Operating Income": 16,
        "EBIT": 20,
        "Net Income": 4
    },
    "2015-09-30": {
        "Diluted EPS": 0.39,
        "Total Revenue": 45,
        "Gross Profit": 45,
        "Operating Income": 21,
        "EBIT": 24,
        "Net Income": 5
    },
    "2015-06-30": {
        "Diluted EPS": 0.4,
        "Total Revenue": 44,
        "Gross Profit": 44,
        "Operating Income": 21,
        "EBIT": 25,
        "Net Income": 5
    },
    "2015-03-31": {
        "Diluted EPS": 0.22,
        "Total Revenue": 44,
        "Gross Profit": 44,
        "Operating Income": 15,
        "EBIT": 19,
        "Net Income": 3
    },
    "2014-12-31": {
        "Diluted EPS": 0.19,
        "Total Revenue": 43,
        "Gross Profit": 43,
        "Operating Income": 12,
        "EBIT": 16,
        "Net Income": 2
    },
    "2014-09-30": {
        "Diluted EPS": 0.35,
        "Total Revenue": 44,
        "Gross Profit": 44,
        "Operating Income": 20,
        "EBIT": 24,
        "Net Income": 4
    },
    "2014-06-30": {
        "Diluted EPS": 0.36,
        "Total Revenue": 42,
        "Gross Profit": 42,
        "Operating Income": 19,
        "EBIT": 23,
        "Net Income": 4
    },
    "2014-03-31": {
        "Diluted EPS": 0.2,
        "Total Revenue": 42,
        "Gross Profit": 42,
        "Operating Income": 13,
        "EBIT": 17,
        "Net Income": 2
    },
    "2013-12-31": {
        "Diluted EPS": 0.0,
        "Total Revenue": 40,
        "Gross Profit": 40,
        "Operating Income": 10,
        "EBIT": 14,
        "Net Income": NaN
    },
    "2013-09-30": {
        "Diluted EPS": 0.0,
        "Total Revenue": 40,
        "Gross Profit": 40,
        "Operating Income": 15,
        "EBIT": 18,
        "Net Income": NaN
    },
    "2013-06-30": {
        "Diluted EPS": 0.0,
        "Total Revenue": 39,
        "Gross Profit": 39,
        "Operating Income": 13,
        "EBIT": 17,
        "Net Income": NaN
    },
    "2013-03-31": {
        "Diluted EPS": 0.0,
        "Total Revenue": 39,
        "Gross Profit": 39,
        "Operating Income": 9,
        "EBIT": 13,
        "Net Income": NaN
    },
    "2012-12-31": {
        "Diluted EPS": 0.0,
        "Total Revenue": NaN,
        "Gross Profit": NaN,
        "Operating Income": NaN,
        "EBIT": NaN,
        "Net Income": NaN
    },
    "2012-09-30": {
        "Diluted EPS": 0.0,
        "Total Revenue": 38,
        "Gross Profit": 38,
        "Operating Income": 15,
        "EBIT": 15,
        "Net Income": 7
    },
    "2011-12-31": {
        "Diluted EPS": 0.0,
        "Total Revenue": NaN,
        "Gross Profit": NaN,
        "Operating Income": NaN,
        "EBIT": NaN,
        "Net Income": NaN
    },
    "2023-09-30": {
        "Tax Effect Of Unusual Items": -11523750.0,
        "Tax Rate For Calcs": 0.21,
        "Normalized EBITDA": 43370000.0,
        "Total Unusual Items": -54875000.0,
        "Total Unusual Items Excluding Goodwill": -54875000.0,
        "Net Income From Continuing Operation Net Minority Interest": -59454000.0,
        "Reconciled Depreciation": 8195000.0,
        "Reconciled Cost Of Revenue": 20853000.0,
        "EBITDA": -11505000.0,
        "EBIT": -19700000.0,
        "Net Interest Income": -8119000.0,
        "Interest Expense": 9292000.0,
        "Interest Income": 1173000.0,
        "Normalized Income": -16102750.0,
        "Net Income From Continuing And Discontinued Operation": -59454000.0,
        "Total Expenses": 47221000.0,
        "Rent Expense Supplemental": 1848000.0,
        "Total Operating Income As Reported": -20998000.0,
        "Diluted Average Shares": 18150557.0,
        "Basic Average Shares": 18150557.0,
        "Diluted EPS": -3.28,
        "Basic EPS": -3.28,
        "Diluted NI Availto Com Stockholders": -59454000.0,
        "Net Income Common Stockholders": -59454000.0,
        "Net Income": -59454000.0,
        "Minority Interests": 23218000.0,
        "Net Income Including Noncontrolling Interests": -82672000.0,
        "Net Income Continuous Operations": -82672000.0,
        "Tax Provision": 53680000.0,
        "Pretax Income": -28992000.0,
        "Other Income Expense": -54875000.0,
        "Other Non Operating Income Expenses": 24917000.0,
        "Special Income Charges": -55000000.0,
        "Restructuring And Mergern Acquisition": 55000000.0,
        "Gain On Sale Of Security": 125000.0,
        "Net Non Operating Interest Income Expense": -8119000.0,
        "Interest Expense Non Operating": 9292000.0,
        "Interest Income Non Operating": 1173000.0,
        "Operating Income": 34002000.0,
        "Operating Expense": 26368000.0,
        "Other Operating Expenses": -24917000.0,
        "Depreciation Amortization Depletion Income Statement": 8195000.0,
        "Depreciation And Amortization In Income Statement": 8195000.0,
        "Selling General And Administration": 43090000.0,
        "General And Administrative Expense": 43090000.0,
        "Other Gand A": 14383000.0,
        "Rent And Landing Fees": 1848000.0,
        "Salaries And Wages": 26859000.0,
        "Gross Profit": 60370000.0,
        "Cost Of Revenue": 20853000.0,
        "Total Revenue": 81223000.0,
        "Operating Revenue": 81223000.0
    },
    "2023-12-31": {
        "Tax Effect Of Unusual Items": -3936870.0,
        "Tax Rate For Calcs": 0.21,
        "Normalized EBITDA": 18363000.0,
        "Total Unusual Items": -18747000.0,
        "Total Unusual Items Excluding Goodwill": -18747000.0,
        "Net Income From Continuing Operation Net Minority Interest": -10907000.0,
        "Reconciled Depreciation": 8178000.0,
        "Reconciled Cost Of Revenue": 20589000.0,
        "EBITDA": -384000.0,
        "EBIT": -8562000.0,
        "Net Interest Income": -8262000.0,
        "Interest Expense": 9364000.0,
        "Interest Income": 1102000.0,
        "Normalized Income": 3903130.0,
        "Net Income From Continuing And Discontinued Operation": -10907000.0,
        "Total Expenses": 67517000.0,
        "Rent Expense Supplemental": 1799000.0,
        "Total Operating Income As Reported": -9700000.0,
        "Diluted Average Shares": NaN,
        "Basic Average Shares": NaN,
        "Diluted EPS": NaN,
        "Basic EPS": NaN,
        "Diluted NI Availto Com Stockholders": -10907000.0,
        "Net Income Common Stockholders": -10907000.0,
        "Net Income": -10907000.0,
        "Minority Interests": 7472000.0,
        "Net Income Including Noncontrolling Interests": -18379000.0,
        "Net Income Continuous Operations": -18379000.0,
        "Tax Provision": 453000.0,
        "Pretax Income": -17926000.0,
        "Other Income Expense": -18747000.0,
        "Other Non Operating Income Expenses": NaN,
        "Special Income Charges": -18783000.0,
        "Restructuring And Mergern Acquisition": 18783000.0,
        "Gain On Sale Of Security": 36000.0,
        "Net Non Operating Interest Income Expense": -8262000.0,
        "Interest Expense Non Operating": 9364000.0,
        "Interest Income Non Operating": 1102000.0,
        "Operating Income": 9083000.0,
        "Operating Expense": 46928000.0,
        "Other Operating Expenses": -381000.0,
        "Depreciation Amortization Depletion Income Statement": 8178000.0,
        "Depreciation And Amortization In Income Statement": 8178000.0,
        "Selling General And Administration": 39131000.0,
        "General And Administrative Expense": 39131000.0,
        "Other Gand A": 16097000.0,
        "Rent And Landing Fees": 1799000.0,
        "Salaries And Wages": 21235000.0,
        "Gross Profit": 56011000.0,
        "Cost Of Revenue": 20589000.0,
        "Total Revenue": 76600000.0,
        "Operating Revenue": 76600000.0
    },
    "2024-03-31": {
        "Tax Effect Of Unusual Items": -78120.0,
        "Tax Rate For Calcs": 0.21,
        "Normalized EBITDA": 13377000.0,
        "Total Unusual Items": -372000.0,
        "Total Unusual Items Excluding Goodwill": -372000.0,
        "Net Income From Continuing Operation Net Minority Interest": -3353000.0,
        "Reconciled Depreciation": 7852000.0,
        "Reconciled Cost Of Revenue": 20206000.0,
        "EBITDA": 13005000.0,
        "EBIT": 5153000.0,
        "Net Interest Income": -8255000.0,
        "Interest Expense": 9256000.0,
        "Interest Income": 1001000.0,
        "Normalized Income": -3059120.0,
        "Net Income From Continuing And Discontinued Operation": -3353000.0,
        "Total Expenses": 73763000.0,
        "Rent Expense Supplemental": 1898000.0,
        "Total Operating Income As Reported": 4524000.0,
        "Diluted Average Shares": 18481848.0,
        "Basic Average Shares": 18481848.0,
        "Diluted EPS": -0.18,
        "Basic EPS": -0.18,
        "Diluted NI Availto Com Stockholders": -3353000.0,
        "Net Income Common Stockholders": -3353000.0,
        "Net Income": -3353000.0,
        "Minority Interests": 2254000.0,
        "Net Income Including Noncontrolling Interests": -5607000.0,
        "Net Income Continuous Operations": -5607000.0,
        "Tax Provision": 1504000.0,
        "Pretax Income": -4103000.0,
        "Other Income Expense": -372000.0,
        "Other Non Operating Income Expenses": NaN,
        "Special Income Charges": NaN,
        "Restructuring And Mergern Acquisition": NaN,
        "Gain On Sale Of Security": -372000.0,
        "Net Non Operating Interest Income Expense": -8255000.0,
        "Interest Expense Non Operating": 9256000.0,
        "Interest Income Non Operating": 1001000.0,
        "Operating Income": 4524000.0,
        "Operating Expense": 53557000.0,
        "Other Operating Expenses": NaN,
        "Depreciation Amortization Depletion Income Statement": 7852000.0,
        "Depreciation And Amortization In Income Statement": 7852000.0,
        "Selling General And Administration": 45705000.0,
        "General And Administrative Expense": 45705000.0,
        "Other Gand A": 17975000.0,
        "Rent And Landing Fees": 1898000.0,
        "Salaries And Wages": 25832000.0,
        "Gross Profit": 58081000.0,
        "Cost Of Revenue": 20206000.0,
        "Total Revenue": 78287000.0,
        "Operating Revenue": 78287000.0
    },
    "2024-06-30": {
        "Tax Effect Of Unusual Items": -51900.039149,
        "Tax Rate For Calcs": 0.192222,
        "Normalized EBITDA": 24524000.0,
        "Total Unusual Items": -270000.0,
        "Total Unusual Items Excluding Goodwill": -270000.0,
        "Net Income From Continuing Operation Net Minority Interest": 3705000.0,
        "Reconciled Depreciation": 7400000.0,
        "Reconciled Cost Of Revenue": 20027000.0,
        "EBITDA": 24254000.0,
        "EBIT": 16854000.0,
        "Net Interest Income": -8242000.0,
        "Interest Expense": 9191000.0,
        "Interest Income": 949000.0,
        "Normalized Income": 3923099.960851,
        "Net Income From Continuing And Discontinued Operation": 3705000.0,
        "Total Expenses": 62278000.0,
        "Rent Expense Supplemental": 1608000.0,
        "Total Operating Income As Reported": 16175000.0,
        "Diluted Average Shares": 19003962.0,
        "Basic Average Shares": 18853929.0,
        "Diluted EPS": 0.19,
        "Basic EPS": 0.2,
        "Diluted NI Availto Com Stockholders": 3705000.0,
        "Net Income Common Stockholders": 3705000.0,
        "Net Income": 3705000.0,
        "Minority Interests": -2485000.0,
        "Net Income Including Noncontrolling Interests": 6190000.0,
        "Net Income Continuous Operations": 6190000.0,
        "Tax Provision": 1473000.0,
        "Pretax Income": 7663000.0,
        "Other Income Expense": -270000.0,
        "Other Non Operating Income Expenses": NaN,
        "Special Income Charges": NaN,
        "Restructuring And Mergern Acquisition": NaN,
        "Gain On Sale Of Security": -270000.0,
        "Net Non Operating Interest Income Expense": -8242000.0,
        "Interest Expense Non Operating": 9191000.0,
        "Interest Income Non Operating": 949000.0,
        "Operating Income": 16175000.0,
        "Operating Expense": 42251000.0,
        "Other Operating Expenses": NaN,
        "Depreciation Amortization Depletion Income Statement": 7400000.0,
        "Depreciation And Amortization In Income Statement": 7400000.0,
        "Selling General And Administration": 34851000.0,
        "General And Administrative Expense": 34851000.0,
        "Other Gand A": 11046000.0,
        "Rent And Landing Fees": 1608000.0,
        "Salaries And Wages": 22197000.0,
        "Gross Profit": 58426000.0,
        "Cost Of Revenue": 20027000.0,
        "Total Revenue": 78453000.0,
        "Operating Revenue": 78453000.0
    }
}