{
    "2023-03-31": {
        "Tax Effect Of Unusual Items": NaN,
        "Tax Rate For Calcs": NaN,
        "Normalized EBITDA": NaN,
        "Total Unusual Items": NaN,
        "Total Unusual Items Excluding Goodwill": NaN,
        "Net Income From Continuing Operation Net Minority Interest": NaN,
        "Reconciled Depreciation": NaN,
        "Reconciled Cost Of Revenue": NaN,
        "EBITDA": NaN,
        "EBIT": NaN,
        "Net Interest Income": NaN,
        "Interest Expense": NaN,
        "Normalized Income": NaN,
        "Net Income From Continuing And Discontinued Operation": NaN,
        "Total Expenses": NaN,
        "Total Operating Income As Reported": NaN,
        "Diluted Average Shares": 16224122.0,
        "Basic Average Shares": 16224122.0,
        "Diluted EPS": -1.04,
        "Basic EPS": -1.04,
        "Diluted NI Availto Com Stockholders": NaN,
        "Net Income Common Stockholders": NaN,
        "Net Income": NaN,
        "Net Income Including Noncontrolling Interests": NaN,
        "Net Income Discontinuous Operations": NaN,
        "Net Income Continuous Operations": NaN,
        "Tax Provision": NaN,
        "Pretax Income": NaN,
        "Other Income Expense": 42000.0,
        "Other Non Operating Income Expenses": 42000.0,
        "Special Income Charges": NaN,
        "Net Non Operating Interest Income Expense": NaN,
        "Interest Expense Non Operating": NaN,
        "Operating Income": NaN,
        "Operating Expense": NaN,
        "Depreciation Amortization Depletion Income Statement": NaN,
        "Depreciation And Amortization In Income Statement": NaN,
        "Research And Development": NaN,
        "Selling General And Administration": NaN,
        "Selling And Marketing Expense": NaN,
        "General And Administrative Expense": NaN,
        "Other Gand A": NaN,
        "Salaries And Wages": NaN,
        "Gross Profit": NaN,
        "Cost Of Revenue": NaN,
        "Total Revenue": NaN,
        "Operating Revenue": NaN
    },
    "2022-12-31": {
        "Tax Effect Of Unusual Items": NaN,
        "Tax Rate For Calcs": NaN,
        "Normalized EBITDA": NaN,
        "Total Unusual Items": -350315000.0,
        "Total Unusual Items Excluding Goodwill": -350315000.0,
        "Net Income From Continuing Operation Net Minority Interest": NaN,
        "Reconciled Depreciation": NaN,
        "Reconciled Cost Of Revenue": NaN,
        "EBITDA": NaN,
        "EBIT": NaN,
        "Net Interest Income": NaN,
        "Interest Expense": NaN,
        "Normalized Income": NaN,
        "Net Income From Continuing And Discontinued Operation": NaN,
        "Total Expenses": NaN,
        "Total Operating Income As Reported": NaN,
        "Diluted Average Shares": NaN,
        "Basic Average Shares": NaN,
        "Diluted EPS": NaN,
        "Basic EPS": NaN,
        "Diluted NI Availto Com Stockholders": NaN,
        "Net Income Common Stockholders": NaN,
        "Net Income": NaN,
        "Net Income Including Noncontrolling Interests": NaN,
        "Net Income Discontinuous Operations": NaN,
        "Net Income Continuous Operations": NaN,
        "Tax Provision": NaN,
        "Pretax Income": NaN,
        "Other Income Expense": NaN,
        "Other Non Operating Income Expenses": NaN,
        "Special Income Charges": -350315000.0,
        "Other Special Charges": 0.0,
        "Gain On Sale Of Security": 0.0,
        "Net Non Operating Interest Income Expense": NaN,
        "Interest Expense Non Operating": NaN,
        "Operating Income": NaN,
        "Operating Expense": NaN,
        "Depreciation Amortization Depletion Income Statement": NaN,
        "Depreciation And Amortization In Income Statement": NaN,
        "Research And Development": NaN,
        "Selling General And Administration": NaN,
        "Selling And Marketing Expense": NaN,
        "General And Administrative Expense": NaN,
        "Other Gand A": NaN,
        "Salaries And Wages": NaN,
        "Gross Profit": NaN,
        "Cost Of Revenue": NaN,
        "Total Revenue": NaN,
        "Operating Revenue": NaN
    },
    "2022-09-30": {
        "Tax Effect Of Unusual Items": NaN,
        "Tax Rate For Calcs": NaN,
        "Normalized EBITDA": NaN,
        "Total Unusual Items": 2509000.0,
        "Total Unusual Items Excluding Goodwill": 2509000.0,
        "Net Income From Continuing Operation Net Minority Interest": NaN,
        "Reconciled Depreciation": NaN,
        "Reconciled Cost Of Revenue": NaN,
        "EBITDA": NaN,
        "EBIT": NaN,
        "Net Interest Income": NaN,
        "Interest Expense": NaN,
        "Normalized Income": NaN,
        "Net Income From Continuing And Discontinued Operation": NaN,
        "Total Expenses": NaN,
        "Total Operating Income As Reported": NaN,
        "Diluted Average Shares": NaN,
        "Basic Average Shares": NaN,
        "Diluted EPS": NaN,
        "Basic EPS": NaN,
        "Diluted NI Availto Com Stockholders": NaN,
        "Net Income Common Stockholders": NaN,
        "Net Income": NaN,
        "Net Income Including Noncontrolling Interests": NaN,
        "Net Income Discontinuous Operations": NaN,
        "Net Income Continuous Operations": NaN,
        "Tax Provision": NaN,
        "Pretax Income": NaN,
        "Other Income Expense": NaN,
        "Other Non Operating Income Expenses": NaN,
        "Special Income Charges": 2509000.0,
        "Other Special Charges": -2509000.0,
        "Gain On Sale Of Security": NaN,
        "Net Non Operating Interest Income Expense": NaN,
        "Interest Expense Non Operating": NaN,
        "Operating Income": NaN,
        "Operating Expense": NaN,
        "Depreciation Amortization Depletion Income Statement": NaN,
        "Depreciation And Amortization In Income Statement": NaN,
        "Research And Development": NaN,
        "Selling General And Administration": NaN,
        "Selling And Marketing Expense": NaN,
        "General And Administrative Expense": NaN,
        "Other Gand A": NaN,
        "Salaries And Wages": NaN,
        "Gross Profit": NaN,
        "Cost Of Revenue": NaN,
        "Total Revenue": NaN,
        "Operating Revenue": NaN
    },
    "2022-06-30": {
        "Tax Effect Of Unusual Items": 0.0,
        "Tax Rate For Calcs": 0.258,
        "Normalized EBITDA": 38057000.0,
        "Total Unusual Items": NaN,
        "Total Unusual Items Excluding Goodwill": NaN,
        "Net Income From Continuing Operation Net Minority Interest": 14033000.0,
        "Reconciled Depreciation": 5879000.0,
        "Reconciled Cost Of Revenue": 408132000.0,
        "EBITDA": 38057000.0,
        "EBIT": 32178000.0,
        "Net Interest Income": -13275000.0,
        "Interest Expense": 13275000.0,
        "Normalized Income": 14033000.0,
        "Net Income From Continuing And Discontinued Operation": 14033000.0,
        "Total Expenses": 514165000.0,
        "Total Operating Income As Reported": 31929000.0,
        "Diluted Average Shares": 16095862.0,
        "Basic Average Shares": 16059288.0,
        "Diluted EPS": 0.87,
        "Basic EPS": 0.87,
        "Diluted NI Availto Com Stockholders": 14033000.0,
        "Net Income Common Stockholders": 14033000.0,
        "Net Income": 14033000.0,
        "Net Income Including Noncontrolling Interests": 14033000.0,
        "Net Income Discontinuous Operations": NaN,
        "Net Income Continuous Operations": 14033000.0,
        "Tax Provision": 4870000.0,
        "Pretax Income": 18903000.0,
        "Other Income Expense": 249000.0,
        "Other Non Operating Income Expenses": 249000.0,
        "Special Income Charges": NaN,
        "Other Special Charges": NaN,
        "Impairment Of Capital Assets": NaN,
        "Gain On Sale Of Security": NaN,
        "Net Non Operating Interest Income Expense": -13275000.0,
        "Interest Expense Non Operating": 13275000.0,
        "Operating Income": 31930000.0,
        "Operating Expense": 106033000.0,
        "Depreciation Amortization Depletion Income Statement": 5879000.0,
        "Depreciation And Amortization In Income Statement": 5879000.0,
        "Research And Development": 965000.0,
        "Selling General And Administration": 99189000.0,
        "Selling And Marketing Expense": 9355000.0,
        "General And Administrative Expense": 89834000.0,
        "Other Gand A": 27036000.0,
        "Salaries And Wages": 62798000.0,
        "Gross Profit": 137963000.0,
        "Cost Of Revenue": 408132000.0,
        "Total Revenue": 546095000.0,
        "Operating Revenue": 546095000.0
    },
    "2022-03-31": {
        "Diluted EPS": 0.58,
        "Total Revenue": 445,
        "Gross Profit": 105,
        "Operating Income": 23,
        "EBIT": 29,
        "Net Income": 9
    },
    "2021-12-31": {
        "Diluted EPS": 4.82,
        "Total Revenue": 430,
        "Gross Profit": 90,
        "Operating Income": 16,
        "EBIT": 21,
        "Net Income": 21
    },
    "2021-09-30": {
        "Diluted EPS": -3.25,
        "Total Revenue": 221,
        "Gross Profit": 37,
        "Operating Income": -23,
        "EBIT": -20,
        "Net Income": -23
    },
    "2021-06-30": {
        "Diluted EPS": -1.05,
        "Total Revenue": 168,
        "Gross Profit": 20,
        "Operating Income": 1,
        "EBIT": 2,
        "Net Income": -3
    },
    "2021-03-31": {
        "Diluted EPS": -1.93,
        "Total Revenue": 104,
        "Gross Profit": 11,
        "Operating Income": -3,
        "EBIT": -2,
        "Net Income": -4
    },
    "2020-12-31": {
        "Diluted EPS": -1.81,
        "Total Revenue": 70,
        "Gross Profit": 8,
        "Operating Income": -4,
        "EBIT": -3,
        "Net Income": -5
    },
    "2020-09-30": {
        "Diluted EPS": 0.67,
        "Total Revenue": 117,
        "Gross Profit": 17,
        "Operating Income": 3,
        "EBIT": 4,
        "Net Income": 1
    },
    "2020-06-30": {
        "Diluted EPS": 0.47,
        "Total Revenue": 84,
        "Gross Profit": 8,
        "Operating Income": 2,
        "EBIT": 3,
        "Net Income": 1
    },
    "2020-03-31": {
        "Diluted EPS": -10.77,
        "Total Revenue": 144,
        "Gross Profit": -1,
        "Operating Income": -20,
        "EBIT": -19,
        "Net Income": -22
    },
    "2019-12-31": {
        "Diluted EPS": -13.1,
        "Total Revenue": 127,
        "Gross Profit": 9,
        "Operating Income": -14,
        "EBIT": -11,
        "Net Income": -15
    },
    "2019-09-30": {
        "Diluted EPS": -7.66,
        "Total Revenue": 220,
        "Gross Profit": 12,
        "Operating Income": -7,
        "EBIT": -6,
        "Net Income": -9
    },
    "2019-06-30": {
        "Diluted EPS": -11.69,
        "Total Revenue": 270,
        "Gross Profit": 16,
        "Operating Income": -10,
        "EBIT": -9,
        "Net Income": -13
    },
    "2019-03-31": {
        "Diluted EPS": -8.08,
        "Total Revenue": 223,
        "Gross Profit": 14,
        "Operating Income": -7,
        "EBIT": -6,
        "Net Income": -8
    },
    "2018-12-31": {
        "Diluted EPS": -11.75,
        "Total Revenue": 115,
        "Gross Profit": 10,
        "Operating Income": -9,
        "EBIT": -8,
        "Net Income": -10
    },
    "2018-09-30": {
        "Diluted EPS": -9.4,
        "Total Revenue": 19,
        "Gross Profit": 2,
        "Operating Income": -7,
        "EBIT": -6,
        "Net Income": -7
    },
    "2018-06-30": {
        "Diluted EPS": -7.2,
        "Total Revenue": 14,
        "Gross Profit": 1,
        "Operating Income": -4,
        "EBIT": -4,
        "Net Income": -5
    },
    "2018-03-31": {
        "Diluted EPS": -5.6,
        "Total Revenue": 8,
        "Gross Profit": 1,
        "Operating Income": -4,
        "EBIT": -3,
        "Net Income": -4
    },
    "2017-12-31": {
        "Diluted EPS": -6.2,
        "Total Revenue": 3,
        "Gross Profit": 0,
        "Operating Income": -3,
        "EBIT": -3,
        "Net Income": -3
    },
    "2017-09-30": {
        "Diluted EPS": -4.6,
        "Total Revenue": 4,
        "Gross Profit": 0,
        "Operating Income": -2,
        "EBIT": -2,
        "Net Income": -2
    },
    "2017-06-30": {
        "Diluted EPS": -3.8,
        "Total Revenue": 0,
        "Gross Profit": 0,
        "Operating Income": -2,
        "EBIT": -2,
        "Net Income": -2
    },
    "2017-03-31": {
        "Diluted EPS": -2.6,
        "Total Revenue": 0,
        "Gross Profit": 0,
        "Operating Income": -1,
        "EBIT": -1,
        "Net Income": -1
    },
    "2016-12-31": {
        "Diluted EPS": -0.6,
        "Total Revenue": NaN,
        "Gross Profit": NaN,
        "Operating Income": 0,
        "EBIT": 0,
        "Net Income": 0
    },
    "2016-09-30": {
        "Diluted EPS": -0.2,
        "Total Revenue": NaN,
        "Gross Profit": NaN,
        "Operating Income": 0,
        "EBIT": 0,
        "Net Income": 0
    },
    "2016-06-30": {
        "Diluted EPS": 0.0,
        "Total Revenue": NaN,
        "Gross Profit": NaN,
        "Operating Income": 0,
        "EBIT": 0,
        "Net Income": 0
    },
    "2016-03-31": {
        "Diluted EPS": 0.0,
        "Total Revenue": NaN,
        "Gross Profit": NaN,
        "Operating Income": 0,
        "EBIT": 0,
        "Net Income": 0
    },
    "2015-12-31": {
        "Diluted EPS": 0.0,
        "Total Revenue": NaN,
        "Gross Profit": NaN,
        "Operating Income": NaN,
        "EBIT": NaN,
        "Net Income": NaN
    },
    "2023-06-30": {
        "Tax Effect Of Unusual Items": NaN,
        "Tax Rate For Calcs": NaN,
        "Normalized EBITDA": NaN,
        "Total Unusual Items": NaN,
        "Total Unusual Items Excluding Goodwill": NaN,
        "Net Income From Continuing Operation Net Minority Interest": NaN,
        "Reconciled Depreciation": NaN,
        "Reconciled Cost Of Revenue": NaN,
        "EBITDA": NaN,
        "EBIT": NaN,
        "Net Interest Income": NaN,
        "Interest Expense": NaN,
        "Interest Income": NaN,
        "Normalized Income": NaN,
        "Net Income From Continuing And Discontinued Operation": NaN,
        "Total Expenses": NaN,
        "Total Operating Income As Reported": NaN,
        "Diluted Average Shares": 16462079.0,
        "Basic Average Shares": 16462079.0,
        "Diluted EPS": -0.83,
        "Basic EPS": -0.83,
        "Diluted NI Availto Com Stockholders": NaN,
        "Net Income Common Stockholders": NaN,
        "Net Income": NaN,
        "Net Income Including Noncontrolling Interests": NaN,
        "Net Income Discontinuous Operations": NaN,
        "Net Income Continuous Operations": NaN,
        "Tax Provision": NaN,
        "Pretax Income": NaN,
        "Other Income Expense": -100000.0,
        "Other Non Operating Income Expenses": -100000.0,
        "Special Income Charges": NaN,
        "Net Non Operating Interest Income Expense": NaN,
        "Interest Expense Non Operating": NaN,
        "Interest Income Non Operating": NaN,
        "Operating Income": NaN,
        "Operating Expense": NaN,
        "Depreciation Amortization Depletion Income Statement": NaN,
        "Depreciation And Amortization In Income Statement": NaN,
        "Research And Development": 1100000.0,
        "Selling General And Administration": NaN,
        "Selling And Marketing Expense": NaN,
        "General And Administrative Expense": NaN,
        "Other Gand A": NaN,
        "Salaries And Wages": NaN,
        "Gross Profit": NaN,
        "Cost Of Revenue": NaN,
        "Total Revenue": NaN,
        "Operating Revenue": NaN
    },
    "2023-09-30": {
        "Tax Effect Of Unusual Items": 0.0,
        "Tax Rate For Calcs": 0.175,
        "Normalized EBITDA": 7100000.0,
        "Total Unusual Items": 0.0,
        "Total Unusual Items Excluding Goodwill": 0.0,
        "Net Income From Continuing Operation Net Minority Interest": -16500000.0,
        "Reconciled Depreciation": 7200000.0,
        "Reconciled Cost Of Revenue": 246100000.0,
        "EBITDA": 7100000.0,
        "EBIT": -100000.0,
        "Net Interest Income": -19900000.0,
        "Interest Expense": 19900000.0,
        "Interest Income": NaN,
        "Normalized Income": -16500000.0,
        "Net Income From Continuing And Discontinued Operation": -16500000.0,
        "Total Expenses": 338300000.0,
        "Total Operating Income As Reported": -200000.0,
        "Diluted Average Shares": 16665709.0,
        "Basic Average Shares": 16665709.0,
        "Diluted EPS": -0.99,
        "Basic EPS": -0.99,
        "Diluted NI Availto Com Stockholders": -16500000.0,
        "Net Income Common Stockholders": -16500000.0,
        "Net Income": -16500000.0,
        "Net Income Including Noncontrolling Interests": -16500000.0,
        "Net Income Discontinuous Operations": 0.0,
        "Net Income Continuous Operations": -16500000.0,
        "Tax Provision": -3500000.0,
        "Pretax Income": -20000000.0,
        "Other Income Expense": -100000.0,
        "Other Non Operating Income Expenses": -100000.0,
        "Special Income Charges": 0.0,
        "Net Non Operating Interest Income Expense": -19900000.0,
        "Interest Expense Non Operating": 19900000.0,
        "Interest Income Non Operating": NaN,
        "Operating Income": -200000.0,
        "Operating Expense": 92200000.0,
        "Depreciation Amortization Depletion Income Statement": 7200000.0,
        "Depreciation And Amortization In Income Statement": 7200000.0,
        "Research And Development": 1368000.0,
        "Selling General And Administration": 85000000.0,
        "Selling And Marketing Expense": 7100000.0,
        "General And Administrative Expense": 77900000.0,
        "Other Gand A": 74800000.0,
        "Salaries And Wages": 3100000.0,
        "Gross Profit": 92000000.0,
        "Cost Of Revenue": 246100000.0,
        "Total Revenue": 338100000.0,
        "Operating Revenue": 338100000.0
    },
    "2023-12-31": {
        "Tax Effect Of Unusual Items": -12621000.0,
        "Tax Rate For Calcs": 0.21,
        "Normalized EBITDA": -13098000.0,
        "Total Unusual Items": -60100000.0,
        "Total Unusual Items Excluding Goodwill": -60100000.0,
        "Net Income From Continuing Operation Net Minority Interest": -168377000.0,
        "Reconciled Depreciation": 4729000.0,
        "Reconciled Cost Of Revenue": 239921000.0,
        "EBITDA": -73198000.0,
        "EBIT": -77927000.0,
        "Net Interest Income": -21444000.0,
        "Interest Expense": 21444000.0,
        "Interest Income": NaN,
        "Normalized Income": -120898000.0,
        "Net Income From Continuing And Discontinued Operation": -168526000.0,
        "Total Expenses": 320393000.0,
        "Total Operating Income As Reported": -69319000.0,
        "Diluted Average Shares": NaN,
        "Basic Average Shares": NaN,
        "Diluted EPS": NaN,
        "Basic EPS": NaN,
        "Diluted NI Availto Com Stockholders": -168526000.0,
        "Net Income Common Stockholders": -168526000.0,
        "Net Income": -168526000.0,
        "Net Income Including Noncontrolling Interests": -168526000.0,
        "Net Income Discontinuous Operations": -149000.0,
        "Net Income Continuous Operations": -168377000.0,
        "Tax Provision": 69006000.0,
        "Pretax Income": -99371000.0,
        "Other Income Expense": -68708000.0,
        "Other Non Operating Income Expenses": -8608000.0,
        "Special Income Charges": -60100000.0,
        "Net Non Operating Interest Income Expense": -21444000.0,
        "Interest Expense Non Operating": 21444000.0,
        "Interest Income Non Operating": NaN,
        "Operating Income": -9219000.0,
        "Operating Expense": 80472000.0,
        "Depreciation Amortization Depletion Income Statement": 4729000.0,
        "Depreciation And Amortization In Income Statement": 4729000.0,
        "Research And Development": 1267000.0,
        "Selling General And Administration": 74476000.0,
        "Selling And Marketing Expense": 7951000.0,
        "General And Administrative Expense": 66525000.0,
        "Other Gand A": 65423000.0,
        "Salaries And Wages": 1102000.0,
        "Gross Profit": 71253000.0,
        "Cost Of Revenue": 239921000.0,
        "Total Revenue": 311174000.0,
        "Operating Revenue": 311174000.0
    },
    "2024-03-31": {
        "Tax Effect Of Unusual Items": 0.0,
        "Tax Rate For Calcs": 0.028,
        "Normalized EBITDA": 9000000.0,
        "Total Unusual Items": NaN,
        "Total Unusual Items Excluding Goodwill": NaN,
        "Net Income From Continuing Operation Net Minority Interest": -10300000.0,
        "Reconciled Depreciation": 3500000.0,
        "Reconciled Cost Of Revenue": 225200000.0,
        "EBITDA": 9000000.0,
        "EBIT": 5500000.0,
        "Net Interest Income": -16100000.0,
        "Interest Expense": 16100000.0,
        "Interest Income": NaN,
        "Normalized Income": -10300000.0,
        "Net Income From Continuing And Discontinued Operation": -10300000.0,
        "Total Expenses": 302600000.0,
        "Total Operating Income As Reported": 5200000.0,
        "Diluted Average Shares": 35133414.0,
        "Basic Average Shares": 35133414.0,
        "Diluted EPS": -0.29,
        "Basic EPS": -0.29,
        "Diluted NI Availto Com Stockholders": -10300000.0,
        "Net Income Common Stockholders": -10300000.0,
        "Net Income": -10300000.0,
        "Net Income Including Noncontrolling Interests": -10900000.0,
        "Net Income Discontinuous Operations": 0.0,
        "Net Income Continuous Operations": -10900000.0,
        "Tax Provision": 300000.0,
        "Pretax Income": -10600000.0,
        "Other Income Expense": -300000.0,
        "Other Non Operating Income Expenses": -300000.0,
        "Special Income Charges": NaN,
        "Net Non Operating Interest Income Expense": -16100000.0,
        "Interest Expense Non Operating": 16100000.0,
        "Interest Income Non Operating": NaN,
        "Operating Income": 5200000.0,
        "Operating Expense": 77400000.0,
        "Depreciation Amortization Depletion Income Statement": 3500000.0,
        "Depreciation And Amortization In Income Statement": 3500000.0,
        "Research And Development": 500000.0,
        "Selling General And Administration": 73400000.0,
        "Selling And Marketing Expense": 5900000.0,
        "General And Administrative Expense": 67500000.0,
        "Other Gand A": 66100000.0,
        "Salaries And Wages": 1400000.0,
        "Gross Profit": 82600000.0,
        "Cost Of Revenue": 225200000.0,
        "Total Revenue": 307800000.0,
        "Operating Revenue": 307800000.0
    },
    "2024-06-30": {
        "Tax Effect Of Unusual Items": 0.0,
        "Tax Rate For Calcs": 0.125,
        "Normalized EBITDA": 18500000.0,
        "Total Unusual Items": NaN,
        "Total Unusual Items Excluding Goodwill": NaN,
        "Net Income From Continuing Operation Net Minority Interest": -700000.0,
        "Reconciled Depreciation": 3100000.0,
        "Reconciled Cost Of Revenue": 246900000.0,
        "EBITDA": 18500000.0,
        "EBIT": 15400000.0,
        "Net Interest Income": -16200000.0,
        "Interest Expense": 16200000.0,
        "Interest Income": NaN,
        "Normalized Income": -700000.0,
        "Net Income From Continuing And Discontinued Operation": -700000.0,
        "Total Expenses": 321400000.0,
        "Total Operating Income As Reported": 15400000.0,
        "Diluted Average Shares": 35212103.0,
        "Basic Average Shares": 35212103.0,
        "Diluted EPS": -0.02,
        "Basic EPS": -0.02,
        "Diluted NI Availto Com Stockholders": -700000.0,
        "Net Income Common Stockholders": -700000.0,
        "Net Income": -700000.0,
        "Net Income Including Noncontrolling Interests": -700000.0,
        "Net Income Discontinuous Operations": 0.0,
        "Net Income Continuous Operations": -700000.0,
        "Tax Provision": -100000.0,
        "Pretax Income": -800000.0,
        "Other Income Expense": NaN,
        "Other Non Operating Income Expenses": NaN,
        "Special Income Charges": NaN,
        "Net Non Operating Interest Income Expense": -16200000.0,
        "Interest Expense Non Operating": 16200000.0,
        "Interest Income Non Operating": NaN,
        "Operating Income": 15400000.0,
        "Operating Expense": 74500000.0,
        "Depreciation Amortization Depletion Income Statement": 3100000.0,
        "Depreciation And Amortization In Income Statement": 3100000.0,
        "Research And Development": 300000.0,
        "Selling General And Administration": 71100000.0,
        "Selling And Marketing Expense": 5900000.0,
        "General And Administrative Expense": 65200000.0,
        "Other Gand A": 63800000.0,
        "Salaries And Wages": 1400000.0,
        "Gross Profit": 89900000.0,
        "Cost Of Revenue": 246900000.0,
        "Total Revenue": 336800000.0,
        "Operating Revenue": 336800000.0
    },
    "2024-09-30": {
        "Tax Effect Of Unusual Items": 0.0,
        "Tax Rate For Calcs": 0.0,
        "Normalized EBITDA": 8900000.0,
        "Total Unusual Items": NaN,
        "Total Unusual Items Excluding Goodwill": NaN,
        "Net Income From Continuing Operation Net Minority Interest": -11200000.0,
        "Reconciled Depreciation": 3100000.0,
        "Reconciled Cost Of Revenue": 220700000.0,
        "EBITDA": 8900000.0,
        "EBIT": 5800000.0,
        "Net Interest Income": -16600000.0,
        "Interest Expense": 17000000.0,
        "Interest Income": 400000.0,
        "Normalized Income": -11200000.0,
        "Net Income From Continuing And Discontinued Operation": -11200000.0,
        "Total Expenses": 289700000.0,
        "Total Operating Income As Reported": 5300000.0,
        "Diluted Average Shares": 35283033.0,
        "Basic Average Shares": 35283033.0,
        "Diluted EPS": -0.32,
        "Basic EPS": -0.32,
        "Diluted NI Availto Com Stockholders": -11200000.0,
        "Net Income Common Stockholders": -11200000.0,
        "Net Income": -11200000.0,
        "Net Income Including Noncontrolling Interests": -11200000.0,
        "Net Income Discontinuous Operations": 0.0,
        "Net Income Continuous Operations": -11200000.0,
        "Tax Provision": 0.0,
        "Pretax Income": -11200000.0,
        "Other Income Expense": -100000.0,
        "Other Non Operating Income Expenses": -100000.0,
        "Special Income Charges": NaN,
        "Net Non Operating Interest Income Expense": -16600000.0,
        "Interest Expense Non Operating": 17000000.0,
        "Interest Income Non Operating": 400000.0,
        "Operating Income": 5300000.0,
        "Operating Expense": 69000000.0,
        "Depreciation Amortization Depletion Income Statement": 3100000.0,
        "Depreciation And Amortization In Income Statement": 3100000.0,
        "Research And Development": NaN,
        "Selling General And Administration": 65900000.0,
        "Selling And Marketing Expense": 4100000.0,
        "General And Administrative Expense": 61800000.0,
        "Other Gand A": 60700000.0,
        "Salaries And Wages": 1100000.0,
        "Gross Profit": 74300000.0,
        "Cost Of Revenue": 220700000.0,
        "Total Revenue": 295000000.0,
        "Operating Revenue": 295000000.0
    }
}