{
    "2023-06-30": {
        "Tax Effect Of Unusual Items": -6557600.0,
        "Tax Rate For Calcs": 0.4,
        "Normalized EBITDA": 30707000.0,
        "Total Unusual Items": -16394000.0,
        "Total Unusual Items Excluding Goodwill": -16394000.0,
        "Net Income From Continuing Operation Net Minority Interest": 168880000.0,
        "Reconciled Depreciation": 382000.0,
        "Reconciled Cost Of Revenue": 23598000.0,
        "EBIT": 13931000.0,
        "Net Interest Income": 1860000.0,
        "Interest Expense": 376000.0,
        "Interest Income": 2236000.0,
        "Normalized Income": 178716400.0,
        "Net Income From Continuing And Discontinued Operation": 168880000.0,
        "Total Expenses": 91743000.0,
        "Total Operating Income As Reported": 11695000.0,
        "Diluted Average Shares": 111601000.0,
        "Basic Average Shares": 109039000.0,
        "Diluted EPS": 1.51,
        "Basic EPS": 1.55,
        "Diluted NI Availto Com Stockholders": 168880000.0,
        "Net Income Common Stockholders": 168880000.0,
        "Net Income": 168880000.0,
        "Net Income Including Noncontrolling Interests": 168880000.0,
        "Net Income Continuous Operations": 168880000.0,
        "Tax Provision": -155325000.0,
        "Pretax Income": 13555000.0,
        "Other Income Expense": -16394000.0,
        "Special Income Charges": -16394000.0,
        "Other Special Charges": NaN,
        "Restructuring And Mergern Acquisition": 16394000.0,
        "Gain On Sale Of Security": NaN,
        "Net Non Operating Interest Income Expense": 1860000.0,
        "Interest Expense Non Operating": 376000.0,
        "Interest Income Non Operating": 2236000.0,
        "Operating Income": 28089000.0,
        "Operating Expense": 68145000.0,
        "Depreciation Amortization Depletion Income Statement": 382000.0,
        "Depreciation And Amortization In Income Statement": 382000.0,
        "Amortization": 382000.0,
        "Amortization Of Intangibles Income Statement": 382000.0,
        "Research And Development": 41576000.0,
        "Selling General And Administration": 26187000.0,
        "General And Administrative Expense": NaN,
        "Other Gand A": NaN,
        "Salaries And Wages": NaN,
        "Gross Profit": 96234000.0,
        "Cost Of Revenue": 23598000.0,
        "Total Revenue": 119832000.0,
        "Operating Revenue": 119832000.0
    },
    "2023-03-31": {
        "Tax Effect Of Unusual Items": -412159.678346,
        "Tax Rate For Calcs": 0.057725,
        "Normalized EBITDA": 11385000.0,
        "Total Unusual Items": -7140000.0,
        "Total Unusual Items Excluding Goodwill": -7140000.0,
        "Net Income From Continuing Operation Net Minority Interest": 3281000.0,
        "Reconciled Depreciation": 382000.0,
        "Reconciled Cost Of Revenue": 31676000.0,
        "EBIT": 3863000.0,
        "Net Interest Income": 1780000.0,
        "Interest Expense": 381000.0,
        "Interest Income": 2161000.0,
        "Normalized Income": 10008840.321654,
        "Net Income From Continuing And Discontinued Operation": 3281000.0,
        "Total Expenses": 104920000.0,
        "Total Operating Income As Reported": 1942000.0,
        "Diluted Average Shares": 111048000.0,
        "Basic Average Shares": 108277000.0,
        "Diluted EPS": 0.03,
        "Basic EPS": 0.03,
        "Diluted NI Availto Com Stockholders": 3281000.0,
        "Net Income Common Stockholders": 3281000.0,
        "Net Income": 3281000.0,
        "Net Income Including Noncontrolling Interests": 3281000.0,
        "Net Income Continuous Operations": 3281000.0,
        "Tax Provision": 201000.0,
        "Pretax Income": 3482000.0,
        "Other Income Expense": -7140000.0,
        "Special Income Charges": -6900000.0,
        "Other Special Charges": NaN,
        "Restructuring And Mergern Acquisition": 6900000.0,
        "Gain On Sale Of Security": -240000.0,
        "Net Non Operating Interest Income Expense": 1780000.0,
        "Interest Expense Non Operating": 381000.0,
        "Interest Income Non Operating": 2161000.0,
        "Operating Income": 8842000.0,
        "Operating Expense": 73244000.0,
        "Depreciation Amortization Depletion Income Statement": 382000.0,
        "Depreciation And Amortization In Income Statement": 382000.0,
        "Amortization": 382000.0,
        "Amortization Of Intangibles Income Statement": 382000.0,
        "Research And Development": 41898000.0,
        "Selling General And Administration": 30964000.0,
        "General And Administrative Expense": 31000000.0,
        "Other Gand A": 22300000.0,
        "Salaries And Wages": 8700000.0,
        "Gross Profit": 82086000.0,
        "Cost Of Revenue": 31676000.0,
        "Total Revenue": 113762000.0,
        "Operating Revenue": 113762000.0
    },
    "2022-12-31": {
        "Tax Effect Of Unusual Items": -163745.527321,
        "Tax Rate For Calcs": 0.032749,
        "Normalized EBITDA": 22388000.0,
        "Total Unusual Items": -5000000.0,
        "Total Unusual Items Excluding Goodwill": -5000000.0,
        "Net Income From Continuing Operation Net Minority Interest": 15949000.0,
        "Reconciled Depreciation": 415000.0,
        "Reconciled Cost Of Revenue": 33384000.0,
        "EBIT": 16973000.0,
        "Net Interest Income": 351000.0,
        "Interest Expense": 484000.0,
        "Interest Income": 835000.0,
        "Normalized Income": 20785254.472679,
        "Net Income From Continuing And Discontinued Operation": 15949000.0,
        "Total Expenses": 101229000.0,
        "Total Operating Income As Reported": 16138000.0,
        "Diluted Average Shares": 110820000.0,
        "Basic Average Shares": 107603000.0,
        "Diluted EPS": 0.14,
        "Basic EPS": 0.15,
        "Diluted NI Availto Com Stockholders": 15949000.0,
        "Net Income Common Stockholders": 15949000.0,
        "Net Income": 15949000.0,
        "Net Income Including Noncontrolling Interests": 15949000.0,
        "Net Income Continuous Operations": 15949000.0,
        "Tax Provision": 540000.0,
        "Pretax Income": 16489000.0,
        "Other Income Expense": -5000000.0,
        "Special Income Charges": -5000000.0,
        "Other Special Charges": 0.0,
        "Restructuring And Mergern Acquisition": 5000000.0,
        "Gain On Sale Of Security": 0.0,
        "Net Non Operating Interest Income Expense": 351000.0,
        "Interest Expense Non Operating": 484000.0,
        "Interest Income Non Operating": 835000.0,
        "Operating Income": 21138000.0,
        "Operating Expense": 67845000.0,
        "Depreciation Amortization Depletion Income Statement": 415000.0,
        "Depreciation And Amortization In Income Statement": 415000.0,
        "Amortization": 415000.0,
        "Amortization Of Intangibles Income Statement": 415000.0,
        "Research And Development": 40121000.0,
        "Selling General And Administration": 27309000.0,
        "General And Administrative Expense": NaN,
        "Other Gand A": NaN,
        "Salaries And Wages": NaN,
        "Gross Profit": 88983000.0,
        "Cost Of Revenue": 33384000.0,
        "Total Revenue": 122367000.0,
        "Operating Revenue": 122367000.0
    },
    "2022-09-30": {
        "Tax Effect Of Unusual Items": -8736800.0,
        "Tax Rate For Calcs": 0.4,
        "Normalized EBITDA": 26152000.0,
        "Total Unusual Items": -21842000.0,
        "Total Unusual Items Excluding Goodwill": -21842000.0,
        "Net Income From Continuing Operation Net Minority Interest": 939000.0,
        "Reconciled Depreciation": 433000.0,
        "Reconciled Cost Of Revenue": 26984000.0,
        "EBIT": 3877000.0,
        "Net Interest Income": 5948000.0,
        "Interest Expense": 437000.0,
        "Interest Income": 6385000.0,
        "Normalized Income": 14044200.0,
        "Net Income From Continuing And Discontinued Operation": 939000.0,
        "Total Expenses": 92910000.0,
        "Total Operating Income As Reported": 16923000.0,
        "Diluted Average Shares": 111962000.0,
        "Basic Average Shares": 109968000.0,
        "Diluted EPS": 0.01,
        "Basic EPS": 0.01,
        "Diluted NI Availto Com Stockholders": 939000.0,
        "Net Income Common Stockholders": 939000.0,
        "Net Income": 939000.0,
        "Net Income Including Noncontrolling Interests": 939000.0,
        "Net Income Continuous Operations": 939000.0,
        "Tax Provision": 2501000.0,
        "Pretax Income": 3440000.0,
        "Other Income Expense": -21842000.0,
        "Special Income Charges": -19540000.0,
        "Other Special Charges": 17129000.0,
        "Restructuring And Mergern Acquisition": 2411000.0,
        "Gain On Sale Of Security": -2302000.0,
        "Net Non Operating Interest Income Expense": 5948000.0,
        "Interest Expense Non Operating": 437000.0,
        "Interest Income Non Operating": 6385000.0,
        "Operating Income": 19334000.0,
        "Operating Expense": 65926000.0,
        "Depreciation Amortization Depletion Income Statement": 433000.0,
        "Depreciation And Amortization In Income Statement": 433000.0,
        "Amortization": 433000.0,
        "Amortization Of Intangibles Income Statement": 433000.0,
        "Research And Development": 39295000.0,
        "Selling General And Administration": 26198000.0,
        "General And Administrative Expense": 26200000.0,
        "Other Gand A": 20700000.0,
        "Salaries And Wages": 5500000.0,
        "Gross Profit": 85260000.0,
        "Cost Of Revenue": 26984000.0,
        "Total Revenue": 112244000.0,
        "Operating Revenue": 112244000.0
    },
    "2022-06-30": {
        "Tax Effect Of Unusual Items": 424637.681159,
        "Tax Rate For Calcs": 0.077207,
        "Normalized EBITDA": 33215000.0,
        "Total Unusual Items": 5500000.0,
        "Total Unusual Items Excluding Goodwill": 5500000.0,
        "Net Income From Continuing Operation Net Minority Interest": 35020000.0,
        "Reconciled Depreciation": 417000.0,
        "Reconciled Cost Of Revenue": 24812000.0,
        "EBIT": 38298000.0,
        "Net Interest Income": 2390000.0,
        "Interest Expense": 348000.0,
        "Interest Income": 2738000.0,
        "Normalized Income": 29944637.681159,
        "Net Income From Continuing And Discontinued Operation": 35020000.0,
        "Total Expenses": 91072000.0,
        "Total Operating Income As Reported": 35560000.0,
        "Diluted Average Shares": 112715000.0,
        "Basic Average Shares": 110447000.0,
        "Diluted EPS": 0.31,
        "Basic EPS": 0.32,
        "Diluted NI Availto Com Stockholders": 35020000.0,
        "Net Income Common Stockholders": 35020000.0,
        "Net Income": 35020000.0,
        "Net Income Including Noncontrolling Interests": 35020000.0,
        "Net Income Continuous Operations": 35020000.0,
        "Tax Provision": 2930000.0,
        "Pretax Income": 37950000.0,
        "Other Income Expense": 5500000.0,
        "Special Income Charges": 5500000.0,
        "Other Special Charges": NaN,
        "Restructuring And Mergern Acquisition": -5500000.0,
        "Gain On Sale Of Security": NaN,
        "Net Non Operating Interest Income Expense": 2390000.0,
        "Interest Expense Non Operating": 348000.0,
        "Interest Income Non Operating": 2738000.0,
        "Operating Income": 30060000.0,
        "Operating Expense": 66260000.0,
        "Depreciation Amortization Depletion Income Statement": 417000.0,
        "Depreciation And Amortization In Income Statement": 417000.0,
        "Amortization": 417000.0,
        "Amortization Of Intangibles Income Statement": 417000.0,
        "Research And Development": 39538000.0,
        "Selling General And Administration": 26305000.0,
        "General And Administrative Expense": 26300000.0,
        "Other Gand A": 21000000.0,
        "Salaries And Wages": 5300000.0,
        "Gross Profit": 96320000.0,
        "Cost Of Revenue": 24812000.0,
        "Total Revenue": 121132000.0,
        "Operating Revenue": 121132000.0
    },
    "2022-03-31": {
        "Diluted EPS": -0.6,
        "Total Revenue": 99,
        "Gross Profit": 77,
        "Operating Income": 8,
        "EBIT": 19,
        "Net Income": -66
    },
    "2021-12-31": {
        "Diluted EPS": 0.05,
        "Total Revenue": 92,
        "Gross Profit": 74,
        "Operating Income": 9,
        "EBIT": 20,
        "Net Income": 6
    },
    "2021-09-30": {
        "Diluted EPS": 0.03,
        "Total Revenue": 81,
        "Gross Profit": 63,
        "Operating Income": 5,
        "EBIT": 16,
        "Net Income": 4
    },
    "2021-06-30": {
        "Diluted EPS": 0.1,
        "Total Revenue": 85,
        "Gross Profit": 68,
        "Operating Income": 14,
        "EBIT": 25,
        "Net Income": 11
    },
    "2021-03-31": {
        "Diluted EPS": -0.02,
        "Total Revenue": 70,
        "Gross Profit": 53,
        "Operating Income": -3,
        "EBIT": 7,
        "Net Income": -3
    },
    "2020-12-31": {
        "Diluted EPS": -0.11,
        "Total Revenue": 62,
        "Gross Profit": 48,
        "Operating Income": -11,
        "EBIT": 2,
        "Net Income": -12
    },
    "2020-09-30": {
        "Diluted EPS": -0.11,
        "Total Revenue": 57,
        "Gross Profit": 42,
        "Operating Income": -13,
        "EBIT": -2,
        "Net Income": -13
    },
    "2020-06-30": {
        "Diluted EPS": -0.08,
        "Total Revenue": 62,
        "Gross Profit": 46,
        "Operating Income": -11,
        "EBIT": 1,
        "Net Income": -9
    },
    "2020-03-31": {
        "Diluted EPS": -0.06,
        "Total Revenue": 66,
        "Gross Profit": 50,
        "Operating Income": -9,
        "EBIT": 3,
        "Net Income": -7
    },
    "2019-12-31": {
        "Diluted EPS": -0.04,
        "Total Revenue": 64,
        "Gross Profit": 49,
        "Operating Income": -9,
        "EBIT": 3,
        "Net Income": -5
    },
    "2019-09-30": {
        "Diluted EPS": -0.16,
        "Total Revenue": 57,
        "Gross Profit": 45,
        "Operating Income": -23,
        "EBIT": -13,
        "Net Income": -17
    },
    "2019-06-30": {
        "Diluted EPS": -0.33,
        "Total Revenue": 58,
        "Gross Profit": 45,
        "Operating Income": -37,
        "EBIT": -27,
        "Net Income": -37
    },
    "2019-03-31": {
        "Diluted EPS": -0.24,
        "Total Revenue": 48,
        "Gross Profit": 37,
        "Operating Income": -31,
        "EBIT": -22,
        "Net Income": -27
    },
    "2018-12-31": {
        "Diluted EPS": -0.02,
        "Total Revenue": 69,
        "Gross Profit": 58,
        "Operating Income": -4,
        "EBIT": 3,
        "Net Income": -2
    },
    "2018-09-30": {
        "Diluted EPS": -0.97,
        "Total Revenue": 60,
        "Gross Profit": 48,
        "Operating Income": -19,
        "EBIT": -12,
        "Net Income": -105
    },
    "2018-06-30": {
        "Diluted EPS": -0.14,
        "Total Revenue": 56,
        "Gross Profit": 41,
        "Operating Income": -20,
        "EBIT": -9,
        "Net Income": -15
    },
    "2018-03-31": {
        "Diluted EPS": -0.33,
        "Total Revenue": 46,
        "Gross Profit": 30,
        "Operating Income": -44,
        "EBIT": -30,
        "Net Income": -36
    },
    "2017-12-31": {
        "Diluted EPS": -0.33,
        "Total Revenue": 102,
        "Gross Profit": 84,
        "Operating Income": 16,
        "EBIT": 30,
        "Net Income": -36
    },
    "2017-09-30": {
        "Diluted EPS": 0.07,
        "Total Revenue": 99,
        "Gross Profit": 80,
        "Operating Income": 17,
        "EBIT": 31,
        "Net Income": 8
    },
    "2017-06-30": {
        "Diluted EPS": 0.02,
        "Total Revenue": 95,
        "Gross Profit": 73,
        "Operating Income": 8,
        "EBIT": 22,
        "Net Income": 3
    },
    "2017-03-31": {
        "Diluted EPS": 0.03,
        "Total Revenue": 97,
        "Gross Profit": 78,
        "Operating Income": 13,
        "EBIT": 27,
        "Net Income": 3
    },
    "2016-12-31": {
        "Diluted EPS": -0.03,
        "Total Revenue": 98,
        "Gross Profit": 76,
        "Operating Income": 1,
        "EBIT": 33,
        "Net Income": -3
    },
    "2016-09-30": {
        "Diluted EPS": 0.04,
        "Total Revenue": 90,
        "Gross Profit": 70,
        "Operating Income": 12,
        "EBIT": 25,
        "Net Income": 5
    },
    "2016-06-30": {
        "Diluted EPS": 0.03,
        "Total Revenue": 77,
        "Gross Profit": 62,
        "Operating Income": 12,
        "EBIT": 23,
        "Net Income": 4
    },
    "2016-03-31": {
        "Diluted EPS": 0.02,
        "Total Revenue": 73,
        "Gross Profit": 60,
        "Operating Income": 9,
        "EBIT": 20,
        "Net Income": 2
    },
    "2015-12-31": {
        "Diluted EPS": 0.14,
        "Total Revenue": 77,
        "Gross Profit": 65,
        "Operating Income": 20,
        "EBIT": 29,
        "Net Income": 13
    },
    "2015-09-30": {
        "Diluted EPS": 1.52,
        "Total Revenue": 74,
        "Gross Profit": 63,
        "Operating Income": 18,
        "EBIT": 27,
        "Net Income": 182
    },
    "2015-06-30": {
        "Diluted EPS": 0.06,
        "Total Revenue": 73,
        "Gross Profit": 61,
        "Operating Income": 16,
        "EBIT": 25,
        "Net Income": 7
    },
    "2015-03-31": {
        "Diluted EPS": 0.08,
        "Total Revenue": 73,
        "Gross Profit": 62,
        "Operating Income": 18,
        "EBIT": 27,
        "Net Income": 10
    },
    "2014-12-31": {
        "Diluted EPS": 0.06,
        "Total Revenue": 72,
        "Gross Profit": 61,
        "Operating Income": 18,
        "EBIT": 27,
        "Net Income": 8
    },
    "2014-09-30": {
        "Diluted EPS": 0.05,
        "Total Revenue": 70,
        "Gross Profit": 59,
        "Operating Income": 14,
        "EBIT": 25,
        "Net Income": 6
    },
    "2014-06-30": {
        "Diluted EPS": 0.04,
        "Total Revenue": 77,
        "Gross Profit": 66,
        "Operating Income": 20,
        "EBIT": 30,
        "Net Income": 5
    },
    "2014-03-31": {
        "Diluted EPS": 0.07,
        "Total Revenue": 78,
        "Gross Profit": 68,
        "Operating Income": 23,
        "EBIT": 33,
        "Net Income": 8
    },
    "2013-12-31": {
        "Diluted EPS": -0.09,
        "Total Revenue": 73,
        "Gross Profit": 63,
        "Operating Income": 6,
        "EBIT": 27,
        "Net Income": -10
    },
    "2013-09-30": {
        "Diluted EPS": -0.05,
        "Total Revenue": 73,
        "Gross Profit": 64,
        "Operating Income": 9,
        "EBIT": 28,
        "Net Income": -6
    },
    "2013-06-30": {
        "Diluted EPS": -0.07,
        "Total Revenue": 58,
        "Gross Profit": 51,
        "Operating Income": 6,
        "EBIT": 17,
        "Net Income": -8
    },
    "2013-03-31": {
        "Diluted EPS": -0.09,
        "Total Revenue": 67,
        "Gross Profit": 60,
        "Operating Income": 1,
        "EBIT": 12,
        "Net Income": -10
    },
    "2012-12-31": {
        "Diluted EPS": -0.15,
        "Total Revenue": 57,
        "Gross Profit": 51,
        "Operating Income": -4,
        "EBIT": 6,
        "Net Income": -16
    },
    "2012-09-30": {
        "Diluted EPS": -0.52,
        "Total Revenue": 58,
        "Gross Profit": 50,
        "Operating Income": -47,
        "EBIT": 0,
        "Net Income": -58
    },
    "2012-06-30": {
        "Diluted EPS": -0.29,
        "Total Revenue": 56,
        "Gross Profit": 49,
        "Operating Income": -22,
        "EBIT": -11,
        "Net Income": -32
    },
    "2012-03-31": {
        "Diluted EPS": -0.25,
        "Total Revenue": 63,
        "Gross Profit": 56,
        "Operating Income": -18,
        "EBIT": -7,
        "Net Income": -28
    },
    "2011-12-31": {
        "Diluted EPS": -0.25,
        "Total Revenue": 83,
        "Gross Profit": 76,
        "Operating Income": -12,
        "EBIT": -2,
        "Net Income": -29
    },
    "2011-09-30": {
        "Diluted EPS": 0.0,
        "Total Revenue": 100,
        "Gross Profit": 93,
        "Operating Income": 11,
        "EBIT": 21,
        "Net Income": 0
    },
    "2011-06-30": {
        "Diluted EPS": -0.1,
        "Total Revenue": 66,
        "Gross Profit": 60,
        "Operating Income": -3,
        "EBIT": 4,
        "Net Income": -11
    },
    "2011-03-31": {
        "Diluted EPS": -0.04,
        "Total Revenue": 63,
        "Gross Profit": 59,
        "Operating Income": 2,
        "EBIT": 13,
        "Net Income": -4
    },
    "2010-12-31": {
        "Diluted EPS": 0.31,
        "Total Revenue": 91,
        "Gross Profit": 89,
        "Operating Income": 49,
        "EBIT": 53,
        "Net Income": 33
    },
    "2010-09-30": {
        "Diluted EPS": -0.18,
        "Total Revenue": 32,
        "Gross Profit": 30,
        "Operating Income": -11,
        "EBIT": -8,
        "Net Income": -21
    },
    "2010-06-30": {
        "Diluted EPS": -0.11,
        "Total Revenue": 39,
        "Gross Profit": 37,
        "Operating Income": -7,
        "EBIT": -3,
        "Net Income": -12
    },
    "2010-03-31": {
        "Diluted EPS": 1.28,
        "Total Revenue": 162,
        "Gross Profit": 160,
        "Operating Income": 196,
        "EBIT": 206,
        "Net Income": 151
    },
    "2009-12-31": {
        "Diluted EPS": -0.22,
        "Total Revenue": 31,
        "Gross Profit": 29,
        "Operating Income": -4,
        "EBIT": 0,
        "Net Income": -23
    },
    "2009-09-30": {
        "Diluted EPS": -0.26,
        "Total Revenue": 28,
        "Gross Profit": 26,
        "Operating Income": -28,
        "EBIT": -17,
        "Net Income": -27
    },
    "2009-06-30": {
        "Diluted EPS": -0.23,
        "Total Revenue": 27,
        "Gross Profit": 26,
        "Operating Income": -25,
        "EBIT": -19,
        "Net Income": -24
    },
    "2009-03-31": {
        "Diluted EPS": -0.17,
        "Total Revenue": 27,
        "Gross Profit": 25,
        "Operating Income": -19,
        "EBIT": -13,
        "Net Income": -17
    }
}