{
    "2023-03-31": {
        "Tax Effect Of Unusual Items": NaN,
        "Tax Rate For Calcs": NaN,
        "Normalized EBITDA": NaN,
        "Total Unusual Items": NaN,
        "Total Unusual Items Excluding Goodwill": NaN,
        "Net Income From Continuing Operation Net Minority Interest": NaN,
        "Reconciled Depreciation": NaN,
        "Reconciled Cost Of Revenue": NaN,
        "EBITDA": NaN,
        "EBIT": NaN,
        "Net Interest Income": NaN,
        "Normalized Income": NaN,
        "Net Income From Continuing And Discontinued Operation": NaN,
        "Total Expenses": NaN,
        "Total Operating Income As Reported": NaN,
        "Diluted Average Shares": NaN,
        "Basic Average Shares": NaN,
        "Diluted EPS": NaN,
        "Basic EPS": NaN,
        "Diluted NI Availto Com Stockholders": NaN,
        "Net Income Common Stockholders": NaN,
        "Net Income": NaN,
        "Net Income Including Noncontrolling Interests": NaN,
        "Net Income Continuous Operations": NaN,
        "Tax Provision": NaN,
        "Pretax Income": NaN,
        "Other Income Expense": NaN,
        "Other Non Operating Income Expenses": NaN,
        "Special Income Charges": 0.0,
        "Restructuring And Mergern Acquisition": 0.0,
        "Earnings From Equity Interest": NaN,
        "Gain On Sale Of Security": NaN,
        "Net Non Operating Interest Income Expense": NaN,
        "Total Other Finance Cost": NaN,
        "Operating Income": NaN,
        "Operating Expense": NaN,
        "Depreciation Amortization Depletion Income Statement": NaN,
        "Depreciation And Amortization In Income Statement": NaN,
        "Amortization": NaN,
        "Amortization Of Intangibles Income Statement": NaN,
        "Research And Development": NaN,
        "Selling General And Administration": NaN,
        "Gross Profit": NaN,
        "Cost Of Revenue": NaN,
        "Total Revenue": NaN,
        "Operating Revenue": NaN
    },
    "2022-12-31": {
        "Tax Effect Of Unusual Items": NaN,
        "Tax Rate For Calcs": NaN,
        "Normalized EBITDA": NaN,
        "Total Unusual Items": -8412000.0,
        "Total Unusual Items Excluding Goodwill": -8412000.0,
        "Net Income From Continuing Operation Net Minority Interest": NaN,
        "Reconciled Depreciation": NaN,
        "Reconciled Cost Of Revenue": NaN,
        "EBITDA": NaN,
        "EBIT": NaN,
        "Net Interest Income": NaN,
        "Normalized Income": NaN,
        "Net Income From Continuing And Discontinued Operation": NaN,
        "Total Expenses": NaN,
        "Total Operating Income As Reported": NaN,
        "Diluted Average Shares": NaN,
        "Basic Average Shares": NaN,
        "Diluted EPS": NaN,
        "Basic EPS": NaN,
        "Diluted NI Availto Com Stockholders": NaN,
        "Net Income Common Stockholders": NaN,
        "Net Income": NaN,
        "Net Income Including Noncontrolling Interests": NaN,
        "Net Income Continuous Operations": NaN,
        "Tax Provision": NaN,
        "Pretax Income": NaN,
        "Other Income Expense": NaN,
        "Other Non Operating Income Expenses": NaN,
        "Special Income Charges": -8412000.0,
        "Restructuring And Mergern Acquisition": 8412000.0,
        "Earnings From Equity Interest": NaN,
        "Net Non Operating Interest Income Expense": NaN,
        "Total Other Finance Cost": NaN,
        "Operating Income": NaN,
        "Operating Expense": NaN,
        "Depreciation Amortization Depletion Income Statement": NaN,
        "Depreciation And Amortization In Income Statement": NaN,
        "Amortization": NaN,
        "Amortization Of Intangibles Income Statement": NaN,
        "Research And Development": NaN,
        "Selling General And Administration": NaN,
        "Gross Profit": NaN,
        "Cost Of Revenue": NaN,
        "Total Revenue": NaN,
        "Operating Revenue": NaN
    },
    "2022-09-30": {
        "Tax Effect Of Unusual Items": 0.0,
        "Tax Rate For Calcs": 0.196014,
        "Normalized EBITDA": 319773000.0,
        "Total Unusual Items": NaN,
        "Total Unusual Items Excluding Goodwill": NaN,
        "Net Income From Continuing Operation Net Minority Interest": 210478000.0,
        "Reconciled Depreciation": 44034000.0,
        "Reconciled Cost Of Revenue": 373400000.0,
        "EBITDA": 319773000.0,
        "EBIT": 275739000.0,
        "Net Interest Income": -7134000.0,
        "Normalized Income": 210478000.0,
        "Net Income From Continuing And Discontinued Operation": 210478000.0,
        "Total Expenses": 674555000.0,
        "Total Operating Income As Reported": 275739000.0,
        "Diluted Average Shares": 147134000.0,
        "Basic Average Shares": 146431000.0,
        "Diluted EPS": 1.43,
        "Basic EPS": 1.44,
        "Diluted NI Availto Com Stockholders": 210478000.0,
        "Net Income Common Stockholders": 210478000.0,
        "Net Income": 210478000.0,
        "Net Income Including Noncontrolling Interests": 210478000.0,
        "Net Income Continuous Operations": 210478000.0,
        "Tax Provision": 51315000.0,
        "Pretax Income": 261793000.0,
        "Other Income Expense": -6812000.0,
        "Other Non Operating Income Expenses": -1504000.0,
        "Special Income Charges": NaN,
        "Other Special Charges": NaN,
        "Restructuring And Mergern Acquisition": NaN,
        "Earnings From Equity Interest": -5308000.0,
        "Gain On Sale Of Security": NaN,
        "Net Non Operating Interest Income Expense": -7134000.0,
        "Total Other Finance Cost": 7134000.0,
        "Operating Income": 275739000.0,
        "Operating Expense": 265071000.0,
        "Depreciation Amortization Depletion Income Statement": 7950000.0,
        "Depreciation And Amortization In Income Statement": 7950000.0,
        "Amortization": 7950000.0,
        "Amortization Of Intangibles Income Statement": 7950000.0,
        "Research And Development": 63188000.0,
        "Selling General And Administration": 193933000.0,
        "Gross Profit": 540810000.0,
        "Cost Of Revenue": 409484000.0,
        "Total Revenue": 950294000.0,
        "Operating Revenue": 950294000.0
    },
    "2022-06-30": {
        "Tax Effect Of Unusual Items": 0.0,
        "Tax Rate For Calcs": 0.180722,
        "Normalized EBITDA": 300403000.0,
        "Total Unusual Items": 0.0,
        "Total Unusual Items Excluding Goodwill": 0.0,
        "Net Income From Continuing Operation Net Minority Interest": 195061000.0,
        "Reconciled Depreciation": 45007000.0,
        "Reconciled Cost Of Revenue": 355127000.0,
        "EBITDA": 300403000.0,
        "EBIT": 255396000.0,
        "Net Interest Income": -5542000.0,
        "Normalized Income": 195061000.0,
        "Net Income From Continuing And Discontinued Operation": 195061000.0,
        "Total Expenses": 659341000.0,
        "Total Operating Income As Reported": 255396000.0,
        "Diluted Average Shares": 147070000.0,
        "Basic Average Shares": 146357000.0,
        "Diluted EPS": 1.33,
        "Basic EPS": 1.33,
        "Diluted NI Availto Com Stockholders": 195061000.0,
        "Net Income Common Stockholders": 195061000.0,
        "Net Income": 195061000.0,
        "Net Income Including Noncontrolling Interests": 195061000.0,
        "Net Income Continuous Operations": 195061000.0,
        "Tax Provision": 43028000.0,
        "Pretax Income": 238089000.0,
        "Other Income Expense": -11765000.0,
        "Other Non Operating Income Expenses": 2468000.0,
        "Special Income Charges": 0.0,
        "Other Special Charges": NaN,
        "Restructuring And Mergern Acquisition": 0.0,
        "Earnings From Equity Interest": -14233000.0,
        "Gain On Sale Of Security": NaN,
        "Net Non Operating Interest Income Expense": -5542000.0,
        "Total Other Finance Cost": 5542000.0,
        "Operating Income": 255396000.0,
        "Operating Expense": 267110000.0,
        "Depreciation Amortization Depletion Income Statement": 7903000.0,
        "Depreciation And Amortization In Income Statement": 7903000.0,
        "Amortization": 7903000.0,
        "Amortization Of Intangibles Income Statement": 7903000.0,
        "Research And Development": 64318000.0,
        "Selling General And Administration": 194889000.0,
        "Gross Profit": 522506000.0,
        "Cost Of Revenue": 392231000.0,
        "Total Revenue": 914737000.0,
        "Operating Revenue": 914737000.0
    },
    "2023-06-30": {
        "Tax Effect Of Unusual Items": NaN,
        "Tax Rate For Calcs": NaN,
        "Normalized EBITDA": NaN,
        "Total Unusual Items": NaN,
        "Total Unusual Items Excluding Goodwill": NaN,
        "Net Income From Continuing Operation Net Minority Interest": NaN,
        "Reconciled Depreciation": NaN,
        "Reconciled Cost Of Revenue": NaN,
        "EBITDA": NaN,
        "EBIT": NaN,
        "Net Interest Income": NaN,
        "Normalized Income": NaN,
        "Net Income From Continuing And Discontinued Operation": NaN,
        "Total Expenses": NaN,
        "Total Operating Income As Reported": NaN,
        "Diluted Average Shares": NaN,
        "Basic Average Shares": NaN,
        "Diluted EPS": NaN,
        "Basic EPS": NaN,
        "Diluted NI Availto Com Stockholders": NaN,
        "Net Income Common Stockholders": NaN,
        "Net Income": NaN,
        "Net Income Including Noncontrolling Interests": NaN,
        "Net Income Continuous Operations": NaN,
        "Tax Provision": NaN,
        "Pretax Income": NaN,
        "Other Income Expense": NaN,
        "Other Non Operating Income Expenses": NaN,
        "Special Income Charges": 9258000.0,
        "Restructuring And Mergern Acquisition": 10969000.0,
        "Earnings From Equity Interest": NaN,
        "Gain On Sale Of Security": NaN,
        "Net Non Operating Interest Income Expense": NaN,
        "Total Other Finance Cost": NaN,
        "Operating Income": NaN,
        "Operating Expense": NaN,
        "Depreciation Amortization Depletion Income Statement": NaN,
        "Depreciation And Amortization In Income Statement": NaN,
        "Amortization": NaN,
        "Amortization Of Intangibles Income Statement": NaN,
        "Research And Development": NaN,
        "Selling General And Administration": NaN,
        "Gross Profit": NaN,
        "Cost Of Revenue": NaN,
        "Total Revenue": NaN,
        "Operating Revenue": NaN
    },
    "2022-03-31": {
        "Diluted EPS": 1.22,
        "Total Revenue": 865,
        "Gross Profit": 491,
        "Operating Income": 234,
        "EBIT": 286,
        "Net Income": 179
    },
    "2021-12-31": {
        "Diluted EPS": 1.37,
        "Total Revenue": 895,
        "Gross Profit": 504,
        "Operating Income": 249,
        "EBIT": 298,
        "Net Income": 202
    },
    "2021-09-30": {
        "Diluted EPS": 1.39,
        "Total Revenue": 904,
        "Gross Profit": 506,
        "Operating Income": 262,
        "EBIT": 310,
        "Net Income": 204
    },
    "2021-06-30": {
        "Diluted EPS": 1.33,
        "Total Revenue": 876,
        "Gross Profit": 491,
        "Operating Income": 242,
        "EBIT": 287,
        "Net Income": 195
    },
    "2021-03-31": {
        "Diluted EPS": -0.54,
        "Total Revenue": 769,
        "Gross Profit": 447,
        "Operating Income": 223,
        "EBIT": 271,
        "Net Income": -78
    },
    "2020-12-31": {
        "Diluted EPS": 1.23,
        "Total Revenue": 800,
        "Gross Profit": 462,
        "Operating Income": 222,
        "EBIT": 270,
        "Net Income": 180
    },
    "2020-09-30": {
        "Diluted EPS": 1.22,
        "Total Revenue": 752,
        "Gross Profit": 439,
        "Operating Income": 217,
        "EBIT": 267,
        "Net Income": 178
    },
    "2020-06-30": {
        "Diluted EPS": 1.22,
        "Total Revenue": 770,
        "Gross Profit": 449,
        "Operating Income": 223,
        "EBIT": 269,
        "Net Income": 178
    },
    "2020-03-31": {
        "Diluted EPS": 1.12,
        "Total Revenue": 769,
        "Gross Profit": 450,
        "Operating Income": 218,
        "EBIT": 264,
        "Net Income": 163
    },
    "2019-12-31": {
        "Diluted EPS": 1.1,
        "Total Revenue": 736,
        "Gross Profit": 427,
        "Operating Income": 198,
        "EBIT": 243,
        "Net Income": 161
    },
    "2019-09-30": {
        "Diluted EPS": 0.83,
        "Total Revenue": 681,
        "Gross Profit": 392,
        "Operating Income": 171,
        "EBIT": 215,
        "Net Income": 120
    },
    "2019-06-30": {
        "Diluted EPS": 0.48,
        "Total Revenue": 705,
        "Gross Profit": 395,
        "Operating Income": 121,
        "EBIT": 164,
        "Net Income": 69
    },
    "2019-03-31": {
        "Diluted EPS": 0.73,
        "Total Revenue": 662,
        "Gross Profit": 381,
        "Operating Income": 157,
        "EBIT": 199,
        "Net Income": 105
    },
    "2018-12-31": {
        "Diluted EPS": 0.86,
        "Total Revenue": 651,
        "Gross Profit": 375,
        "Operating Income": 157,
        "EBIT": 193,
        "Net Income": 125
    },
    "2018-09-30": {
        "Diluted EPS": 0.73,
        "Total Revenue": 588,
        "Gross Profit": 343,
        "Operating Income": 144,
        "EBIT": 175,
        "Net Income": 106
    },
    "2018-06-30": {
        "Diluted EPS": 0.76,
        "Total Revenue": 624,
        "Gross Profit": 335,
        "Operating Income": 147,
        "EBIT": 179,
        "Net Income": 110
    },
    "2018-03-31": {
        "Diluted EPS": 0.76,
        "Total Revenue": 592,
        "Gross Profit": 344,
        "Operating Income": 136,
        "EBIT": 166,
        "Net Income": 110
    },
    "2017-12-31": {
        "Diluted EPS": 0.07,
        "Total Revenue": 601,
        "Gross Profit": 350,
        "Operating Income": 146,
        "EBIT": 175,
        "Net Income": 10
    },
    "2017-09-30": {
        "Diluted EPS": 0.6,
        "Total Revenue": 524,
        "Gross Profit": 306,
        "Operating Income": 113,
        "EBIT": 142,
        "Net Income": 86
    },
    "2017-06-30": {
        "Diluted EPS": 0.7,
        "Total Revenue": 557,
        "Gross Profit": 324,
        "Operating Income": 127,
        "EBIT": 156,
        "Net Income": 102
    },
    "2017-03-31": {
        "Diluted EPS": 0.62,
        "Total Revenue": 514,
        "Gross Profit": 300,
        "Operating Income": 107,
        "EBIT": 136,
        "Net Income": 88
    },
    "2016-12-31": {
        "Diluted EPS": 0.54,
        "Total Revenue": 530,
        "Gross Profit": 309,
        "Operating Income": 97,
        "EBIT": 125,
        "Net Income": 77
    },
    "2016-09-30": {
        "Diluted EPS": 0.54,
        "Total Revenue": 465,
        "Gross Profit": 269,
        "Operating Income": 94,
        "EBIT": 122,
        "Net Income": 76
    },
    "2016-06-30": {
        "Diluted EPS": 0.59,
        "Total Revenue": 519,
        "Gross Profit": 301,
        "Operating Income": 119,
        "EBIT": 146,
        "Net Income": 83
    },
    "2016-03-31": {
        "Diluted EPS": 0.64,
        "Total Revenue": 454,
        "Gross Profit": 260,
        "Operating Income": 104,
        "EBIT": 124,
        "Net Income": 91
    },
    "2015-12-31": {
        "Diluted EPS": 0.68,
        "Total Revenue": 455,
        "Gross Profit": 267,
        "Operating Income": 108,
        "EBIT": 129,
        "Net Income": 96
    },
    "2015-09-30": {
        "Diluted EPS": 0.58,
        "Total Revenue": 412,
        "Gross Profit": 239,
        "Operating Income": 98,
        "EBIT": 116,
        "Net Income": 83
    },
    "2015-06-30": {
        "Diluted EPS": 0.61,
        "Total Revenue": 453,
        "Gross Profit": 259,
        "Operating Income": 100,
        "EBIT": 117,
        "Net Income": 87
    },
    "2015-03-31": {
        "Diluted EPS": 0.64,
        "Total Revenue": 422,
        "Gross Profit": 251,
        "Operating Income": 106,
        "EBIT": 124,
        "Net Income": 91
    },
    "2014-12-31": {
        "Diluted EPS": 0.64,
        "Total Revenue": 423,
        "Gross Profit": 263,
        "Operating Income": 109,
        "EBIT": 128,
        "Net Income": 91
    },
    "2014-09-30": {
        "Diluted EPS": 0.58,
        "Total Revenue": 380,
        "Gross Profit": 237,
        "Operating Income": 95,
        "EBIT": 113,
        "Net Income": 83
    },
    "2014-06-30": {
        "Diluted EPS": 0.6,
        "Total Revenue": 415,
        "Gross Profit": 261,
        "Operating Income": 98,
        "EBIT": 118,
        "Net Income": 88
    },
    "2014-03-31": {
        "Diluted EPS": 0.63,
        "Total Revenue": 398,
        "Gross Profit": 252,
        "Operating Income": 105,
        "EBIT": 122,
        "Net Income": 90
    },
    "2013-12-31": {
        "Diluted EPS": 0.6,
        "Total Revenue": 384,
        "Gross Profit": 249,
        "Operating Income": 105,
        "EBIT": 124,
        "Net Income": 87
    },
    "2013-09-30": {
        "Diluted EPS": 0.56,
        "Total Revenue": 358,
        "Gross Profit": 228,
        "Operating Income": 97,
        "EBIT": 115,
        "Net Income": 81
    },
    "2013-06-30": {
        "Diluted EPS": 0.5,
        "Total Revenue": 415,
        "Gross Profit": 260,
        "Operating Income": 86,
        "EBIT": 106,
        "Net Income": 73
    },
    "2013-03-31": {
        "Diluted EPS": 0.58,
        "Total Revenue": 384,
        "Gross Profit": 239,
        "Operating Income": 96,
        "EBIT": 117,
        "Net Income": 85
    },
    "2012-12-31": {
        "Diluted EPS": 0.53,
        "Total Revenue": 377,
        "Gross Profit": 233,
        "Operating Income": 92,
        "EBIT": 111,
        "Net Income": 78
    },
    "2012-09-30": {
        "Diluted EPS": 0.49,
        "Total Revenue": 340,
        "Gross Profit": 209,
        "Operating Income": 80,
        "EBIT": 99,
        "Net Income": 71
    },
    "2012-06-30": {
        "Diluted EPS": 0.52,
        "Total Revenue": 372,
        "Gross Profit": 226,
        "Operating Income": 90,
        "EBIT": 112,
        "Net Income": 77
    },
    "2012-03-31": {
        "Diluted EPS": 0.44,
        "Total Revenue": 349,
        "Gross Profit": 210,
        "Operating Income": 77,
        "EBIT": 97,
        "Net Income": 65
    },
    "2011-12-31": {
        "Diluted EPS": 0.42,
        "Total Revenue": 333,
        "Gross Profit": 199,
        "Operating Income": 67,
        "EBIT": 90,
        "Net Income": 63
    },
    "2011-09-30": {
        "Diluted EPS": 0.33,
        "Total Revenue": 315,
        "Gross Profit": 185,
        "Operating Income": 61,
        "EBIT": 81,
        "Net Income": 51
    },
    "2011-06-30": {
        "Diluted EPS": 0.37,
        "Total Revenue": 342,
        "Gross Profit": 199,
        "Operating Income": 67,
        "EBIT": 86,
        "Net Income": 58
    },
    "2011-03-31": {
        "Diluted EPS": 0.34,
        "Total Revenue": 313,
        "Gross Profit": 183,
        "Operating Income": 64,
        "EBIT": 82,
        "Net Income": 53
    },
    "2010-12-31": {
        "Diluted EPS": 0.37,
        "Total Revenue": 306,
        "Gross Profit": 186,
        "Operating Income": 70,
        "EBIT": 87,
        "Net Income": 58
    },
    "2010-09-30": {
        "Diluted EPS": 0.36,
        "Total Revenue": 282,
        "Gross Profit": 174,
        "Operating Income": 66,
        "EBIT": 82,
        "Net Income": 57
    },
    "2010-06-30": {
        "Diluted EPS": 0.35,
        "Total Revenue": 292,
        "Gross Profit": 175,
        "Operating Income": 69,
        "EBIT": 84,
        "Net Income": 53
    },
    "2010-03-31": {
        "Diluted EPS": 0.31,
        "Total Revenue": 279,
        "Gross Profit": 167,
        "Operating Income": 61,
        "EBIT": 77,
        "Net Income": 49
    },
    "2009-12-31": {
        "Diluted EPS": 0.3,
        "Total Revenue": 275,
        "Gross Profit": 164,
        "Operating Income": 58,
        "EBIT": 74,
        "Net Income": 46
    },
    "2009-09-30": {
        "Diluted EPS": 0.27,
        "Total Revenue": 247,
        "Gross Profit": 150,
        "Operating Income": 53,
        "EBIT": 67,
        "Net Income": 42
    },
    "2009-06-30": {
        "Diluted EPS": 0.3,
        "Total Revenue": 252,
        "Gross Profit": 157,
        "Operating Income": 58,
        "EBIT": 73,
        "Net Income": 45
    },
    "2009-03-31": {
        "Diluted EPS": 0.26,
        "Total Revenue": 228,
        "Gross Profit": 139,
        "Operating Income": 53,
        "EBIT": 65,
        "Net Income": 39
    },
    "2023-09-30": {
        "Tax Effect Of Unusual Items": NaN,
        "Tax Rate For Calcs": NaN,
        "Normalized EBITDA": NaN,
        "Total Unusual Items": NaN,
        "Total Unusual Items Excluding Goodwill": NaN,
        "Net Income From Continuing Operation Net Minority Interest": NaN,
        "Reconciled Depreciation": NaN,
        "Reconciled Cost Of Revenue": NaN,
        "EBITDA": NaN,
        "EBIT": NaN,
        "Net Interest Income": NaN,
        "Normalized Income": NaN,
        "Net Income From Continuing And Discontinued Operation": NaN,
        "Total Expenses": NaN,
        "Total Operating Income As Reported": NaN,
        "Diluted Average Shares": NaN,
        "Basic Average Shares": NaN,
        "Diluted EPS": NaN,
        "Basic EPS": NaN,
        "Diluted NI Availto Com Stockholders": NaN,
        "Net Income Common Stockholders": NaN,
        "Net Income": NaN,
        "Net Income Including Noncontrolling Interests": NaN,
        "Net Income Continuous Operations": NaN,
        "Tax Provision": NaN,
        "Pretax Income": NaN,
        "Other Income Expense": NaN,
        "Other Non Operating Income Expenses": NaN,
        "Special Income Charges": NaN,
        "Restructuring And Mergern Acquisition": NaN,
        "Earnings From Equity Interest": NaN,
        "Gain On Sale Of Security": -602000.0,
        "Net Non Operating Interest Income Expense": NaN,
        "Total Other Finance Cost": 14957000.0,
        "Operating Income": NaN,
        "Operating Expense": NaN,
        "Depreciation Amortization Depletion Income Statement": NaN,
        "Depreciation And Amortization In Income Statement": NaN,
        "Amortization": NaN,
        "Amortization Of Intangibles Income Statement": NaN,
        "Research And Development": NaN,
        "Selling General And Administration": NaN,
        "Gross Profit": NaN,
        "Cost Of Revenue": NaN,
        "Total Revenue": NaN,
        "Operating Revenue": NaN
    },
    "2023-12-31": {
        "Tax Effect Of Unusual Items": -12892620.0,
        "Tax Rate For Calcs": 0.195,
        "Normalized EBITDA": 458808000.0,
        "Total Unusual Items": -66116000.0,
        "Total Unusual Items Excluding Goodwill": -66116000.0,
        "Net Income From Continuing Operation Net Minority Interest": 208800000.0,
        "Reconciled Depreciation": 53370000.0,
        "Reconciled Cost Of Revenue": 474074000.0,
        "EBITDA": 392692000.0,
        "EBIT": 339322000.0,
        "Net Interest Income": -13805000.0,
        "Normalized Income": 262023380.0,
        "Net Income From Continuing And Discontinued Operation": 208800000.0,
        "Total Expenses": 823479000.0,
        "Total Operating Income As Reported": 275094000.0,
        "Diluted Average Shares": 147545000.0,
        "Basic Average Shares": 147132000.0,
        "Diluted EPS": 1.42,
        "Basic EPS": 1.42,
        "Diluted NI Availto Com Stockholders": 208800000.0,
        "Net Income Common Stockholders": 208800000.0,
        "Net Income": 208800000.0,
        "Net Income Including Noncontrolling Interests": 208800000.0,
        "Net Income Continuous Operations": 208800000.0,
        "Tax Provision": 50654000.0,
        "Pretax Income": 259454000.0,
        "Other Income Expense": -66063000.0,
        "Other Non Operating Income Expenses": -686000.0,
        "Special Income Charges": -64228000.0,
        "Restructuring And Mergern Acquisition": 64228000.0,
        "Earnings From Equity Interest": 739000.0,
        "Gain On Sale Of Security": -1888000.0,
        "Net Non Operating Interest Income Expense": -13805000.0,
        "Total Other Finance Cost": 13805000.0,
        "Operating Income": 339322000.0,
        "Operating Expense": 307612000.0,
        "Depreciation Amortization Depletion Income Statement": 11577000.0,
        "Depreciation And Amortization In Income Statement": 11577000.0,
        "Amortization": 11577000.0,
        "Amortization Of Intangibles Income Statement": 11577000.0,
        "Research And Development": 73880000.0,
        "Selling General And Administration": 222155000.0,
        "Gross Profit": 646934000.0,
        "Cost Of Revenue": 515867000.0,
        "Total Revenue": 1162801000.0,
        "Operating Revenue": 1162801000.0
    },
    "2024-03-31": {
        "Tax Effect Of Unusual Items": 0.0,
        "Tax Rate For Calcs": 0.2,
        "Normalized EBITDA": 429226000.0,
        "Total Unusual Items": 0.0,
        "Total Unusual Items Excluding Goodwill": 0.0,
        "Net Income From Continuing Operation Net Minority Interest": 300492000.0,
        "Reconciled Depreciation": 54642000.0,
        "Reconciled Cost Of Revenue": 460761000.0,
        "EBITDA": 429226000.0,
        "EBIT": 374584000.0,
        "Net Interest Income": -11026000.0,
        "Normalized Income": 300492000.0,
        "Net Income From Continuing And Discontinued Operation": 300492000.0,
        "Total Expenses": 822396000.0,
        "Total Operating Income As Reported": 374584000.0,
        "Diluted Average Shares": 147450000.0,
        "Basic Average Shares": 146959000.0,
        "Diluted EPS": 2.04,
        "Basic EPS": 2.04,
        "Diluted NI Availto Com Stockholders": 300492000.0,
        "Net Income Common Stockholders": 300492000.0,
        "Net Income": 300492000.0,
        "Net Income Including Noncontrolling Interests": 300492000.0,
        "Net Income Continuous Operations": 300492000.0,
        "Tax Provision": 74929000.0,
        "Pretax Income": 375421000.0,
        "Other Income Expense": 11863000.0,
        "Other Non Operating Income Expenses": -2496000.0,
        "Special Income Charges": 0.0,
        "Restructuring And Mergern Acquisition": 0.0,
        "Earnings From Equity Interest": 14359000.0,
        "Gain On Sale Of Security": NaN,
        "Net Non Operating Interest Income Expense": -11026000.0,
        "Total Other Finance Cost": 11026000.0,
        "Operating Income": 374584000.0,
        "Operating Expense": 318197000.0,
        "Depreciation Amortization Depletion Income Statement": 11204000.0,
        "Depreciation And Amortization In Income Statement": 11204000.0,
        "Amortization": 11204000.0,
        "Amortization Of Intangibles Income Statement": 11204000.0,
        "Research And Development": 77074000.0,
        "Selling General And Administration": 229919000.0,
        "Gross Profit": 692781000.0,
        "Cost Of Revenue": 504199000.0,
        "Total Revenue": 1196980000.0,
        "Operating Revenue": 1196980000.0
    },
    "2024-06-30": {
        "Tax Effect Of Unusual Items": -740586.025293,
        "Tax Rate For Calcs": 0.183087,
        "Normalized EBITDA": 366401000.0,
        "Total Unusual Items": -4045000.0,
        "Total Unusual Items Excluding Goodwill": -4045000.0,
        "Net Income From Continuing Operation Net Minority Interest": 292236000.0,
        "Reconciled Depreciation": 54755000.0,
        "Reconciled Cost Of Revenue": 464175000.0,
        "EBITDA": 362356000.0,
        "EBIT": 307601000.0,
        "Net Interest Income": -5921000.0,
        "Normalized Income": 295540413.974707,
        "Net Income From Continuing And Discontinued Operation": 292236000.0,
        "Total Expenses": 841979000.0,
        "Total Operating Income As Reported": 381216000.0,
        "Diluted Average Shares": 147533000.0,
        "Basic Average Shares": 146915000.0,
        "Diluted EPS": 1.98,
        "Basic EPS": 1.99,
        "Diluted NI Availto Com Stockholders": 292236000.0,
        "Net Income Common Stockholders": 292236000.0,
        "Net Income": 292236000.0,
        "Net Income Including Noncontrolling Interests": 292236000.0,
        "Net Income Continuous Operations": 292236000.0,
        "Tax Provision": 65496000.0,
        "Pretax Income": 357732000.0,
        "Other Income Expense": -17563000.0,
        "Other Non Operating Income Expenses": -2957000.0,
        "Special Income Charges": 0.0,
        "Restructuring And Mergern Acquisition": 0.0,
        "Earnings From Equity Interest": -10561000.0,
        "Gain On Sale Of Security": NaN,
        "Net Non Operating Interest Income Expense": -5921000.0,
        "Total Other Finance Cost": NaN,
        "Operating Income": 381216000.0,
        "Operating Expense": 334311000.0,
        "Depreciation Amortization Depletion Income Statement": 11262000.0,
        "Depreciation And Amortization In Income Statement": 11262000.0,
        "Amortization": 11262000.0,
        "Amortization Of Intangibles Income Statement": 11262000.0,
        "Research And Development": 80861000.0,
        "Selling General And Administration": 242188000.0,
        "Gross Profit": 715527000.0,
        "Cost Of Revenue": 507668000.0,
        "Total Revenue": 1223195000.0,
        "Operating Revenue": 1223195000.0
    },
    "2024-09-30": {
        "Tax Effect Of Unusual Items": -127840.0,
        "Tax Rate For Calcs": 0.188,
        "Normalized EBITDA": 441702000.0,
        "Total Unusual Items": -680000.0,
        "Total Unusual Items Excluding Goodwill": -680000.0,
        "Net Income From Continuing Operation Net Minority Interest": 311355000.0,
        "Reconciled Depreciation": 53710000.0,
        "Reconciled Cost Of Revenue": 464984000.0,
        "EBITDA": 441022000.0,
        "EBIT": 387312000.0,
        "Net Interest Income": -1661000.0,
        "Normalized Income": 311907160.0,
        "Net Income From Continuing And Discontinued Operation": 311355000.0,
        "Total Expenses": 837197000.0,
        "Total Operating Income As Reported": 387312000.0,
        "Diluted Average Shares": 147599000.0,
        "Basic Average Shares": 146861000.0,
        "Diluted EPS": 2.11,
        "Basic EPS": 2.12,
        "Diluted NI Availto Com Stockholders": 311355000.0,
        "Net Income Common Stockholders": 311355000.0,
        "Net Income": 311355000.0,
        "Net Income Including Noncontrolling Interests": 311355000.0,
        "Net Income Continuous Operations": 311355000.0,
        "Tax Provision": 72142000.0,
        "Pretax Income": 383497000.0,
        "Other Income Expense": -2154000.0,
        "Other Non Operating Income Expenses": -2437000.0,
        "Special Income Charges": NaN,
        "Restructuring And Mergern Acquisition": NaN,
        "Earnings From Equity Interest": 963000.0,
        "Gain On Sale Of Security": -680000.0,
        "Net Non Operating Interest Income Expense": -1661000.0,
        "Total Other Finance Cost": 1661000.0,
        "Operating Income": 387312000.0,
        "Operating Expense": 329907000.0,
        "Depreciation Amortization Depletion Income Statement": 11404000.0,
        "Depreciation And Amortization In Income Statement": 11404000.0,
        "Amortization": 11404000.0,
        "Amortization Of Intangibles Income Statement": 11404000.0,
        "Research And Development": 79524000.0,
        "Selling General And Administration": 238979000.0,
        "Gross Profit": 717219000.0,
        "Cost Of Revenue": 507290000.0,
        "Total Revenue": 1224509000.0,
        "Operating Revenue": 1224509000.0
    },
    "2024-12-31": {
        "Tax Effect Of Unusual Items": -253264.0,
        "Tax Rate For Calcs": 0.176,
        "Normalized EBITDA": 474584000.0,
        "Total Unusual Items": -1439000.0,
        "Total Unusual Items Excluding Goodwill": -1439000.0,
        "Net Income From Continuing Operation Net Minority Interest": 344622000.0,
        "Reconciled Depreciation": 55902000.0,
        "Reconciled Cost Of Revenue": 485959000.0,
        "EBITDA": 473145000.0,
        "EBIT": 417243000.0,
        "Net Interest Income": -775000.0,
        "Normalized Income": 345807736.0,
        "Net Income From Continuing And Discontinued Operation": 344622000.0,
        "Total Expenses": 864846000.0,
        "Total Operating Income As Reported": 417243000.0,
        "Diluted Average Shares": 147481000.0,
        "Basic Average Shares": 146810000.0,
        "Diluted EPS": 2.34,
        "Basic EPS": 2.35,
        "Diluted NI Availto Com Stockholders": 344622000.0,
        "Net Income Common Stockholders": 344622000.0,
        "Net Income": 344622000.0,
        "Net Income Including Noncontrolling Interests": 344622000.0,
        "Net Income Continuous Operations": 344622000.0,
        "Tax Provision": 73700000.0,
        "Pretax Income": 418322000.0,
        "Other Income Expense": 1854000.0,
        "Other Non Operating Income Expenses": 2216000.0,
        "Special Income Charges": 0.0,
        "Restructuring And Mergern Acquisition": 0.0,
        "Earnings From Equity Interest": 1077000.0,
        "Gain On Sale Of Security": -1439000.0,
        "Net Non Operating Interest Income Expense": -775000.0,
        "Total Other Finance Cost": 775000.0,
        "Operating Income": 417243000.0,
        "Operating Expense": 334032000.0,
        "Depreciation Amortization Depletion Income Statement": 11047000.0,
        "Depreciation And Amortization In Income Statement": 11047000.0,
        "Amortization": 11047000.0,
        "Amortization Of Intangibles Income Statement": 11047000.0,
        "Research And Development": 81372000.0,
        "Selling General And Administration": 241613000.0,
        "Gross Profit": 751275000.0,
        "Cost Of Revenue": 530814000.0,
        "Total Revenue": 1282089000.0,
        "Operating Revenue": 1282089000.0
    }
}