{
    "2023-03-31": {
        "Tax Effect Of Unusual Items": -583380.0,
        "Tax Rate For Calcs": 0.21,
        "Normalized EBITDA": 15751000.0,
        "Total Unusual Items": -2778000.0,
        "Total Unusual Items Excluding Goodwill": -2778000.0,
        "Net Income From Continuing Operation Net Minority Interest": 5639000.0,
        "Reconciled Depreciation": 1760000.0,
        "Reconciled Cost Of Revenue": 39343000.0,
        "EBITDA": 12973000.0,
        "EBIT": 11213000.0,
        "Net Interest Income": -1339000.0,
        "Interest Expense": 1339000.0,
        "Normalized Income": 7833620.0,
        "Net Income From Continuing And Discontinued Operation": 5639000.0,
        "Total Expenses": 92049000.0,
        "Total Operating Income As Reported": 10685000.0,
        "Diluted Average Shares": 89061000.0,
        "Basic Average Shares": 88690000.0,
        "Diluted EPS": 0.06,
        "Basic EPS": 0.06,
        "Diluted NI Availto Com Stockholders": 5639000.0,
        "Net Income Common Stockholders": 5639000.0,
        "Net Income": 5639000.0,
        "Net Income Including Noncontrolling Interests": 5639000.0,
        "Net Income Continuous Operations": 5639000.0,
        "Tax Provision": 4235000.0,
        "Pretax Income": 9874000.0,
        "Other Income Expense": -2250000.0,
        "Other Non Operating Income Expenses": 528000.0,
        "Special Income Charges": -2778000.0,
        "Other Special Charges": 2719000.0,
        "Restructuring And Mergern Acquisition": 59000.0,
        "Net Non Operating Interest Income Expense": -1339000.0,
        "Interest Expense Non Operating": 1339000.0,
        "Operating Income": 13463000.0,
        "Operating Expense": 52706000.0,
        "Selling General And Administration": 52706000.0,
        "Selling And Marketing Expense": 34479000.0,
        "General And Administrative Expense": 18227000.0,
        "Other Gand A": 18227000.0,
        "Insurance And Claims": NaN,
        "Gross Profit": 66169000.0,
        "Cost Of Revenue": 39343000.0,
        "Total Revenue": 105512000.0,
        "Operating Revenue": 105512000.0
    },
    "2022-12-31": {
        "Tax Effect Of Unusual Items": -3852030.0,
        "Tax Rate For Calcs": 0.21,
        "Normalized EBITDA": 17474000.0,
        "Total Unusual Items": -18343000.0,
        "Total Unusual Items Excluding Goodwill": -18343000.0,
        "Net Income From Continuing Operation Net Minority Interest": -5272000.0,
        "Reconciled Depreciation": 2023000.0,
        "Reconciled Cost Of Revenue": 38563000.0,
        "EBITDA": -869000.0,
        "EBIT": -2892000.0,
        "Net Interest Income": -1069000.0,
        "Interest Expense": 1297000.0,
        "Normalized Income": 9218970.0,
        "Net Income From Continuing And Discontinued Operation": -5272000.0,
        "Total Expenses": 95841000.0,
        "Total Operating Income As Reported": -5575000.0,
        "Diluted Average Shares": 88355000.0,
        "Basic Average Shares": 88355000.0,
        "Diluted EPS": -0.06,
        "Basic EPS": -0.06,
        "Diluted NI Availto Com Stockholders": -5272000.0,
        "Net Income Common Stockholders": -5272000.0,
        "Otherunder Preferred Stock Dividend": 0.0,
        "Net Income": -5272000.0,
        "Net Income Including Noncontrolling Interests": -5272000.0,
        "Net Income Continuous Operations": -5272000.0,
        "Tax Provision": 1083000.0,
        "Pretax Income": -4189000.0,
        "Other Income Expense": -15900000.0,
        "Other Non Operating Income Expenses": 2443000.0,
        "Special Income Charges": -18355000.0,
        "Other Special Charges": 12817000.0,
        "Impairment Of Capital Assets": 3013000.0,
        "Restructuring And Mergern Acquisition": NaN,
        "Net Non Operating Interest Income Expense": -1069000.0,
        "Interest Expense Non Operating": 1297000.0,
        "Operating Income": 12780000.0,
        "Operating Expense": 57278000.0,
        "Selling General And Administration": 57278000.0,
        "Selling And Marketing Expense": 39178000.0,
        "General And Administrative Expense": 18100000.0,
        "Other Gand A": 18100000.0,
        "Insurance And Claims": NaN,
        "Gross Profit": 70058000.0,
        "Cost Of Revenue": 38563000.0,
        "Total Revenue": 108621000.0,
        "Operating Revenue": 108621000.0
    },
    "2022-09-30": {
        "Tax Effect Of Unusual Items": -754677.0,
        "Tax Rate For Calcs": 0.121,
        "Normalized EBITDA": 8951000.0,
        "Total Unusual Items": -6237000.0,
        "Total Unusual Items Excluding Goodwill": -6237000.0,
        "Net Income From Continuing Operation Net Minority Interest": -405000.0,
        "Reconciled Depreciation": 2008000.0,
        "Reconciled Cost Of Revenue": 39271000.0,
        "EBITDA": 2714000.0,
        "EBIT": 706000.0,
        "Net Interest Income": -1167000.0,
        "Interest Expense": 1167000.0,
        "Normalized Income": 5077323.0,
        "Net Income From Continuing And Discontinued Operation": -405000.0,
        "Total Expenses": 93659000.0,
        "Total Operating Income As Reported": 2035000.0,
        "Diluted Average Shares": 87965000.0,
        "Basic Average Shares": 87965000.0,
        "Diluted EPS": -0.004604,
        "Basic EPS": -0.004604,
        "Diluted NI Availto Com Stockholders": -405000.0,
        "Net Income Common Stockholders": -405000.0,
        "Otherunder Preferred Stock Dividend": 0.0,
        "Net Income": -405000.0,
        "Net Income Including Noncontrolling Interests": -405000.0,
        "Net Income Continuous Operations": -405000.0,
        "Tax Provision": -56000.0,
        "Pretax Income": -461000.0,
        "Other Income Expense": -7566000.0,
        "Other Non Operating Income Expenses": -1329000.0,
        "Special Income Charges": -6237000.0,
        "Other Special Charges": 6237000.0,
        "Impairment Of Capital Assets": 0.0,
        "Restructuring And Mergern Acquisition": NaN,
        "Net Non Operating Interest Income Expense": -1167000.0,
        "Interest Expense Non Operating": 1167000.0,
        "Operating Income": 8272000.0,
        "Operating Expense": 54388000.0,
        "Selling General And Administration": 54388000.0,
        "Selling And Marketing Expense": 35934000.0,
        "General And Administrative Expense": 18454000.0,
        "Other Gand A": 18454000.0,
        "Gross Profit": 62660000.0,
        "Cost Of Revenue": 39271000.0,
        "Total Revenue": 101931000.0,
        "Operating Revenue": 101931000.0
    },
    "2022-06-30": {
        "Tax Effect Of Unusual Items": -1240400.0,
        "Tax Rate For Calcs": 0.4,
        "Normalized EBITDA": 9235000.0,
        "Total Unusual Items": -3101000.0,
        "Total Unusual Items Excluding Goodwill": -3101000.0,
        "Net Income From Continuing Operation Net Minority Interest": 110000.0,
        "Reconciled Depreciation": 2023000.0,
        "Reconciled Cost Of Revenue": 37344000.0,
        "EBITDA": 6134000.0,
        "EBIT": 4111000.0,
        "Net Interest Income": -999000.0,
        "Interest Expense": 999000.0,
        "Normalized Income": 1970600.0,
        "Net Income From Continuing And Discontinued Operation": 110000.0,
        "Total Expenses": 92411000.0,
        "Total Operating Income As Reported": 5688000.0,
        "Diluted Average Shares": 89339000.0,
        "Basic Average Shares": 87225000.0,
        "Diluted EPS": 0.001231,
        "Basic EPS": 0.001261,
        "Diluted NI Availto Com Stockholders": 110000.0,
        "Net Income Common Stockholders": 110000.0,
        "Otherunder Preferred Stock Dividend": 0.0,
        "Net Income": 110000.0,
        "Net Income Including Noncontrolling Interests": 110000.0,
        "Net Income Continuous Operations": 110000.0,
        "Tax Provision": 3002000.0,
        "Pretax Income": 3112000.0,
        "Other Income Expense": -4678000.0,
        "Other Non Operating Income Expenses": -1577000.0,
        "Special Income Charges": -3101000.0,
        "Other Special Charges": 3101000.0,
        "Impairment Of Capital Assets": 0.0,
        "Restructuring And Mergern Acquisition": NaN,
        "Net Non Operating Interest Income Expense": -999000.0,
        "Interest Expense Non Operating": 999000.0,
        "Operating Income": 8789000.0,
        "Operating Expense": 55067000.0,
        "Selling General And Administration": 55067000.0,
        "Selling And Marketing Expense": 36205000.0,
        "General And Administrative Expense": 18862000.0,
        "Other Gand A": 18862000.0,
        "Gross Profit": 63856000.0,
        "Cost Of Revenue": 37344000.0,
        "Total Revenue": 101200000.0,
        "Operating Revenue": 101200000.0
    },
    "2023-06-30": {
        "Tax Effect Of Unusual Items": -132090.0,
        "Tax Rate For Calcs": 0.21,
        "Normalized EBITDA": 12930000.0,
        "Total Unusual Items": -629000.0,
        "Total Unusual Items Excluding Goodwill": -629000.0,
        "Net Income From Continuing Operation Net Minority Interest": 4268000.0,
        "Reconciled Depreciation": 1726000.0,
        "Reconciled Cost Of Revenue": 39348000.0,
        "EBITDA": 12301000.0,
        "EBIT": 10575000.0,
        "Net Interest Income": -1387000.0,
        "Interest Expense": 1387000.0,
        "Normalized Income": 4764910.0,
        "Net Income From Continuing And Discontinued Operation": 4268000.0,
        "Total Expenses": 95497000.0,
        "Total Operating Income As Reported": 10295000.0,
        "Diluted Average Shares": 89274000.0,
        "Basic Average Shares": 88903000.0,
        "Diluted EPS": 0.05,
        "Basic EPS": 0.05,
        "Diluted NI Availto Com Stockholders": 4268000.0,
        "Net Income Common Stockholders": 4268000.0,
        "Net Income": 4268000.0,
        "Net Income Including Noncontrolling Interests": 4268000.0,
        "Net Income Continuous Operations": 4268000.0,
        "Tax Provision": 4920000.0,
        "Pretax Income": 9188000.0,
        "Other Income Expense": -349000.0,
        "Other Non Operating Income Expenses": 280000.0,
        "Special Income Charges": -629000.0,
        "Other Special Charges": 629000.0,
        "Restructuring And Mergern Acquisition": 0.0,
        "Net Non Operating Interest Income Expense": -1387000.0,
        "Interest Expense Non Operating": 1387000.0,
        "Operating Income": 10924000.0,
        "Operating Expense": 56149000.0,
        "Selling General And Administration": 56149000.0,
        "Selling And Marketing Expense": 37284000.0,
        "General And Administrative Expense": 18865000.0,
        "Other Gand A": 18865000.0,
        "Insurance And Claims": NaN,
        "Gross Profit": 67073000.0,
        "Cost Of Revenue": 39348000.0,
        "Total Revenue": 106421000.0,
        "Operating Revenue": 106421000.0
    },
    "2022-03-31": {
        "Diluted EPS": 0.03,
        "Total Revenue": 98,
        "Gross Profit": 61,
        "Operating Income": 6,
        "EBIT": 8,
        "Net Income": 3
    },
    "2021-12-31": {
        "Diluted EPS": 0.78,
        "Total Revenue": 99,
        "Gross Profit": 65,
        "Operating Income": 13,
        "EBIT": 15,
        "Net Income": 67
    },
    "2021-09-30": {
        "Diluted EPS": -0.08,
        "Total Revenue": 96,
        "Gross Profit": 62,
        "Operating Income": 8,
        "EBIT": 10,
        "Net Income": -7
    },
    "2021-06-30": {
        "Diluted EPS": -0.06,
        "Total Revenue": 92,
        "Gross Profit": 57,
        "Operating Income": 5,
        "EBIT": 7,
        "Net Income": -5
    },
    "2021-03-31": {
        "Diluted EPS": -0.13,
        "Total Revenue": 88,
        "Gross Profit": 54,
        "Operating Income": 2,
        "EBIT": 4,
        "Net Income": -10
    },
    "2020-12-31": {
        "Diluted EPS": -0.05,
        "Total Revenue": 88,
        "Gross Profit": 54,
        "Operating Income": 4,
        "EBIT": 7,
        "Net Income": -4
    },
    "2020-09-30": {
        "Diluted EPS": -0.04,
        "Total Revenue": 83,
        "Gross Profit": 51,
        "Operating Income": 5,
        "EBIT": 7,
        "Net Income": -3
    },
    "2020-06-30": {
        "Diluted EPS": -0.06,
        "Total Revenue": 78,
        "Gross Profit": 48,
        "Operating Income": 5,
        "EBIT": 7,
        "Net Income": -4
    },
    "2020-03-31": {
        "Diluted EPS": -0.06,
        "Total Revenue": 78,
        "Gross Profit": 48,
        "Operating Income": 4,
        "EBIT": 6,
        "Net Income": -4
    },
    "2019-12-31": {
        "Diluted EPS": -0.03,
        "Total Revenue": 76,
        "Gross Profit": 46,
        "Operating Income": 2,
        "EBIT": 2,
        "Net Income": -2
    },
    "2019-09-30": {
        "Diluted EPS": -0.08,
        "Total Revenue": 69,
        "Gross Profit": 43,
        "Operating Income": 2,
        "EBIT": 3,
        "Net Income": -5
    },
    "2019-06-30": {
        "Diluted EPS": -0.0,
        "Total Revenue": 70,
        "Gross Profit": 45,
        "Operating Income": 7,
        "EBIT": 8,
        "Net Income": 0
    },
    "2019-03-31": {
        "Diluted EPS": 0.05,
        "Total Revenue": 66,
        "Gross Profit": 42,
        "Operating Income": 11,
        "EBIT": 12,
        "Net Income": 3
    },
    "2018-12-31": {
        "Diluted EPS": 0.01,
        "Total Revenue": 68,
        "Gross Profit": 44,
        "Operating Income": 8,
        "EBIT": 8,
        "Net Income": 0
    },
    "2018-09-30": {
        "Diluted EPS": -0.85,
        "Total Revenue": 63,
        "Gross Profit": 40,
        "Operating Income": 3,
        "EBIT": 4,
        "Net Income": -53
    },
    "2018-06-30": {
        "Diluted EPS": -0.43,
        "Total Revenue": 63,
        "Gross Profit": 37,
        "Operating Income": -6,
        "EBIT": 0,
        "Net Income": -25
    },
    "2018-03-31": {
        "Diluted EPS": 0.05,
        "Total Revenue": 60,
        "Gross Profit": 36,
        "Operating Income": 25,
        "EBIT": 32,
        "Net Income": 4
    },
    "2017-12-31": {
        "Diluted EPS": 0.46,
        "Total Revenue": 60,
        "Gross Profit": 35,
        "Operating Income": 8,
        "EBIT": 14,
        "Net Income": -1
    },
    "2017-09-30": {
        "Diluted EPS": -0.37,
        "Total Revenue": 54,
        "Gross Profit": 34,
        "Operating Income": 7,
        "EBIT": 14,
        "Net Income": -9
    },
    "2017-06-30": {
        "Diluted EPS": -1.05,
        "Total Revenue": 52,
        "Gross Profit": 33,
        "Operating Income": 7,
        "EBIT": 15,
        "Net Income": -26
    },
    "2017-03-31": {
        "Diluted EPS": -0.59,
        "Total Revenue": 49,
        "Gross Profit": 31,
        "Operating Income": 3,
        "EBIT": 9,
        "Net Income": -14
    },
    "2016-12-31": {
        "Diluted EPS": -0.6,
        "Total Revenue": NaN,
        "Gross Profit": NaN,
        "Operating Income": -144,
        "EBIT": -144,
        "Net Income": -21
    },
    "2016-09-30": {
        "Diluted EPS": -0.06,
        "Total Revenue": NaN,
        "Gross Profit": NaN,
        "Operating Income": 0,
        "EBIT": 0,
        "Net Income": 0
    },
    "2016-06-30": {
        "Diluted EPS": -0.14,
        "Total Revenue": NaN,
        "Gross Profit": NaN,
        "Operating Income": -1,
        "EBIT": -1,
        "Net Income": -1
    },
    "2016-03-31": {
        "Diluted EPS": -0.15,
        "Total Revenue": NaN,
        "Gross Profit": NaN,
        "Operating Income": -1,
        "EBIT": -1,
        "Net Income": -1
    },
    "2015-12-31": {
        "Diluted EPS": -1.86,
        "Total Revenue": NaN,
        "Gross Profit": NaN,
        "Operating Income": -160,
        "EBIT": -160,
        "Net Income": -45
    },
    "2015-09-30": {
        "Diluted EPS": -0.01,
        "Total Revenue": NaN,
        "Gross Profit": NaN,
        "Operating Income": 0,
        "EBIT": 0,
        "Net Income": 0
    },
    "2015-06-30": {
        "Diluted EPS": 0.0,
        "Total Revenue": NaN,
        "Gross Profit": NaN,
        "Operating Income": 0,
        "EBIT": 0,
        "Net Income": 0
    },
    "2015-03-31": {
        "Diluted EPS": 0.0,
        "Total Revenue": NaN,
        "Gross Profit": NaN,
        "Operating Income": 0,
        "EBIT": 0,
        "Net Income": 0
    },
    "2023-09-30": {
        "Tax Effect Of Unusual Items": -789117.0,
        "Tax Rate For Calcs": 0.371,
        "Normalized EBITDA": 16218000.0,
        "Total Unusual Items": -2127000.0,
        "Total Unusual Items Excluding Goodwill": -2127000.0,
        "Net Income From Continuing Operation Net Minority Interest": 6801000.0,
        "Reconciled Depreciation": 1862000.0,
        "Reconciled Cost Of Revenue": 40110000.0,
        "EBITDA": 14091000.0,
        "EBIT": 12229000.0,
        "Net Interest Income": -1413000.0,
        "Interest Expense": 1413000.0,
        "Normalized Income": 8138883.0,
        "Net Income From Continuing And Discontinued Operation": 6801000.0,
        "Total Expenses": 94087000.0,
        "Total Operating Income As Reported": 11239000.0,
        "Diluted Average Shares": 89357000.0,
        "Basic Average Shares": 89228000.0,
        "Diluted EPS": 0.08,
        "Basic EPS": 0.08,
        "Diluted NI Availto Com Stockholders": 6801000.0,
        "Net Income Common Stockholders": 6801000.0,
        "Net Income": 6801000.0,
        "Net Income Including Noncontrolling Interests": 6801000.0,
        "Net Income Continuous Operations": 6801000.0,
        "Tax Provision": 4015000.0,
        "Pretax Income": 10816000.0,
        "Other Income Expense": -1137000.0,
        "Other Non Operating Income Expenses": 990000.0,
        "Special Income Charges": -2127000.0,
        "Other Special Charges": 2127000.0,
        "Restructuring And Mergern Acquisition": 0.0,
        "Net Non Operating Interest Income Expense": -1413000.0,
        "Interest Expense Non Operating": 1413000.0,
        "Operating Income": 13366000.0,
        "Operating Expense": 53977000.0,
        "Selling General And Administration": 53977000.0,
        "Selling And Marketing Expense": 35593000.0,
        "General And Administrative Expense": 18384000.0,
        "Other Gand A": 18384000.0,
        "Insurance And Claims": 0.0,
        "Gross Profit": 67343000.0,
        "Cost Of Revenue": 40110000.0,
        "Total Revenue": 107453000.0,
        "Operating Revenue": 107453000.0
    },
    "2023-12-31": {
        "Tax Effect Of Unusual Items": -816635.426759,
        "Tax Rate For Calcs": 0.176341,
        "Normalized EBITDA": 19329000.0,
        "Total Unusual Items": -4631000.0,
        "Total Unusual Items Excluding Goodwill": -4631000.0,
        "Net Income From Continuing Operation Net Minority Interest": 9351000.0,
        "Reconciled Depreciation": 1962000.0,
        "Reconciled Cost Of Revenue": 43711000.0,
        "EBITDA": 14698000.0,
        "EBIT": 12736000.0,
        "Net Interest Income": 2318000.0,
        "Interest Expense": 1383000.0,
        "Normalized Income": 13165364.573241,
        "Net Income From Continuing And Discontinued Operation": 9351000.0,
        "Total Expenses": 96263000.0,
        "Total Operating Income As Reported": 11546000.0,
        "Diluted Average Shares": NaN,
        "Basic Average Shares": NaN,
        "Diluted EPS": NaN,
        "Basic EPS": NaN,
        "Diluted NI Availto Com Stockholders": 9351000.0,
        "Net Income Common Stockholders": 9351000.0,
        "Net Income": 9351000.0,
        "Net Income Including Noncontrolling Interests": 9351000.0,
        "Net Income Continuous Operations": 9351000.0,
        "Tax Provision": 2002000.0,
        "Pretax Income": 11353000.0,
        "Other Income Expense": -6812000.0,
        "Other Non Operating Income Expenses": -2181000.0,
        "Special Income Charges": -4301000.0,
        "Other Special Charges": 4301000.0,
        "Restructuring And Mergern Acquisition": 0.0,
        "Net Non Operating Interest Income Expense": 2318000.0,
        "Interest Expense Non Operating": 1383000.0,
        "Operating Income": 15847000.0,
        "Operating Expense": 52552000.0,
        "Selling General And Administration": 52552000.0,
        "Selling And Marketing Expense": 34983000.0,
        "General And Administrative Expense": 17569000.0,
        "Other Gand A": 17569000.0,
        "Insurance And Claims": NaN,
        "Gross Profit": 68399000.0,
        "Cost Of Revenue": 43711000.0,
        "Total Revenue": 112110000.0,
        "Operating Revenue": 112110000.0
    },
    "2024-03-31": {
        "Tax Effect Of Unusual Items": -1170400.0,
        "Tax Rate For Calcs": 0.4,
        "Normalized EBITDA": 9238000.0,
        "Total Unusual Items": -2926000.0,
        "Total Unusual Items Excluding Goodwill": -2926000.0,
        "Net Income From Continuing Operation Net Minority Interest": 1317000.0,
        "Reconciled Depreciation": 1985000.0,
        "Reconciled Cost Of Revenue": 42914000.0,
        "EBITDA": 6312000.0,
        "EBIT": 4327000.0,
        "Net Interest Income": -1341000.0,
        "Interest Expense": 1341000.0,
        "Normalized Income": 3072600.0,
        "Net Income From Continuing And Discontinued Operation": 1317000.0,
        "Total Expenses": 100456000.0,
        "Total Operating Income As Reported": 3363000.0,
        "Diluted Average Shares": 90560000.0,
        "Basic Average Shares": 89754000.0,
        "Diluted EPS": 0.01,
        "Basic EPS": 0.01,
        "Diluted NI Availto Com Stockholders": 1317000.0,
        "Net Income Common Stockholders": 1317000.0,
        "Net Income": 1317000.0,
        "Net Income Including Noncontrolling Interests": 1317000.0,
        "Net Income Continuous Operations": 1317000.0,
        "Tax Provision": 1669000.0,
        "Pretax Income": 2986000.0,
        "Other Income Expense": -1962000.0,
        "Other Non Operating Income Expenses": 964000.0,
        "Special Income Charges": -2926000.0,
        "Other Special Charges": 2926000.0,
        "Restructuring And Mergern Acquisition": 0.0,
        "Net Non Operating Interest Income Expense": -1341000.0,
        "Interest Expense Non Operating": 1341000.0,
        "Operating Income": 6289000.0,
        "Operating Expense": 57542000.0,
        "Selling General And Administration": 57542000.0,
        "Selling And Marketing Expense": 39141000.0,
        "General And Administrative Expense": 18401000.0,
        "Other Gand A": 18401000.0,
        "Insurance And Claims": NaN,
        "Gross Profit": 63831000.0,
        "Cost Of Revenue": 42914000.0,
        "Total Revenue": 106745000.0,
        "Operating Revenue": 106745000.0
    }
}