{
    "2023-03-31": {
        "Tax Effect Of Unusual Items": NaN,
        "Tax Rate For Calcs": NaN,
        "Normalized EBITDA": NaN,
        "Total Unusual Items": NaN,
        "Total Unusual Items Excluding Goodwill": NaN,
        "Net Income From Continuing Operation Net Minority Interest": NaN,
        "Reconciled Depreciation": NaN,
        "Reconciled Cost Of Revenue": NaN,
        "EBITDA": NaN,
        "EBIT": NaN,
        "Net Interest Income": NaN,
        "Interest Income": NaN,
        "Normalized Income": NaN,
        "Net Income From Continuing And Discontinued Operation": NaN,
        "Total Expenses": NaN,
        "Total Operating Income As Reported": NaN,
        "Diluted Average Shares": 31430000.0,
        "Basic Average Shares": 16408000.0,
        "Diluted EPS": 1.11,
        "Basic EPS": 1.11,
        "Diluted NI Availto Com Stockholders": NaN,
        "Average Dilution Earnings": NaN,
        "Net Income Common Stockholders": NaN,
        "Otherunder Preferred Stock Dividend": NaN,
        "Net Income": NaN,
        "Minority Interests": NaN,
        "Net Income Including Noncontrolling Interests": NaN,
        "Net Income Continuous Operations": NaN,
        "Tax Provision": NaN,
        "Pretax Income": NaN,
        "Other Income Expense": NaN,
        "Special Income Charges": NaN,
        "Restructuring And Mergern Acquisition": NaN,
        "Earnings From Equity Interest": NaN,
        "Net Non Operating Interest Income Expense": NaN,
        "Interest Income Non Operating": NaN,
        "Operating Income": NaN,
        "Operating Expense": NaN,
        "Depreciation Amortization Depletion Income Statement": NaN,
        "Depreciation And Amortization In Income Statement": NaN,
        "Selling General And Administration": NaN,
        "General And Administrative Expense": NaN,
        "Other Gand A": NaN,
        "Salaries And Wages": NaN,
        "Gross Profit": NaN,
        "Cost Of Revenue": NaN,
        "Total Revenue": NaN,
        "Operating Revenue": NaN
    },
    "2022-12-31": {
        "Tax Effect Of Unusual Items": NaN,
        "Tax Rate For Calcs": NaN,
        "Normalized EBITDA": NaN,
        "Total Unusual Items": NaN,
        "Total Unusual Items Excluding Goodwill": NaN,
        "Net Income From Continuing Operation Net Minority Interest": NaN,
        "Reconciled Depreciation": NaN,
        "Reconciled Cost Of Revenue": NaN,
        "EBITDA": NaN,
        "EBIT": NaN,
        "Net Interest Income": NaN,
        "Interest Income": NaN,
        "Normalized Income": NaN,
        "Net Income From Continuing And Discontinued Operation": NaN,
        "Total Expenses": NaN,
        "Total Operating Income As Reported": NaN,
        "Diluted Average Shares": 31413000.0,
        "Basic Average Shares": 16404000.0,
        "Diluted EPS": 0.37,
        "Basic EPS": 0.38,
        "Diluted NI Availto Com Stockholders": NaN,
        "Average Dilution Earnings": NaN,
        "Net Income Common Stockholders": NaN,
        "Otherunder Preferred Stock Dividend": NaN,
        "Net Income": NaN,
        "Minority Interests": NaN,
        "Net Income Including Noncontrolling Interests": NaN,
        "Net Income Continuous Operations": NaN,
        "Tax Provision": NaN,
        "Pretax Income": NaN,
        "Other Income Expense": NaN,
        "Special Income Charges": NaN,
        "Restructuring And Mergern Acquisition": NaN,
        "Earnings From Equity Interest": NaN,
        "Net Non Operating Interest Income Expense": NaN,
        "Interest Income Non Operating": NaN,
        "Operating Income": NaN,
        "Operating Expense": NaN,
        "Depreciation Amortization Depletion Income Statement": NaN,
        "Depreciation And Amortization In Income Statement": NaN,
        "Selling General And Administration": NaN,
        "General And Administrative Expense": NaN,
        "Other Gand A": NaN,
        "Salaries And Wages": NaN,
        "Gross Profit": NaN,
        "Cost Of Revenue": NaN,
        "Total Revenue": NaN,
        "Operating Revenue": NaN
    },
    "2022-09-30": {
        "Tax Effect Of Unusual Items": -123697.324571,
        "Tax Rate For Calcs": 0.149033,
        "Normalized EBITDA": 23246000.0,
        "Total Unusual Items": -830000.0,
        "Total Unusual Items Excluding Goodwill": -830000.0,
        "Net Income From Continuing Operation Net Minority Interest": 12000000.0,
        "Reconciled Depreciation": 262000.0,
        "Reconciled Cost Of Revenue": 205905000.0,
        "EBITDA": 22416000.0,
        "EBIT": 22154000.0,
        "Net Interest Income": 920000.0,
        "Interest Income": 920000.0,
        "Normalized Income": 12706302.675429,
        "Net Income From Continuing And Discontinued Operation": 12000000.0,
        "Total Expenses": 220039000.0,
        "Total Operating Income As Reported": 21324000.0,
        "Diluted Average Shares": 16354000.0,
        "Basic Average Shares": 16354000.0,
        "Diluted EPS": 0.73,
        "Basic EPS": 0.73,
        "Diluted NI Availto Com Stockholders": 11882000.0,
        "Average Dilution Earnings": 0.0,
        "Net Income Common Stockholders": 11882000.0,
        "Otherunder Preferred Stock Dividend": 118000.0,
        "Net Income": 12000000.0,
        "Minority Interests": -15322000.0,
        "Net Income Including Noncontrolling Interests": 27322000.0,
        "Net Income Continuous Operations": 27322000.0,
        "Tax Provision": 4785000.0,
        "Pretax Income": 32107000.0,
        "Other Income Expense": 9033000.0,
        "Special Income Charges": -830000.0,
        "Restructuring And Mergern Acquisition": 830000.0,
        "Earnings From Equity Interest": 9863000.0,
        "Net Non Operating Interest Income Expense": 920000.0,
        "Interest Income Non Operating": 920000.0,
        "Operating Income": 22154000.0,
        "Operating Expense": 14134000.0,
        "Depreciation Amortization Depletion Income Statement": 262000.0,
        "Depreciation And Amortization In Income Statement": 262000.0,
        "Selling General And Administration": 13872000.0,
        "General And Administrative Expense": 13872000.0,
        "Other Gand A": 8455000.0,
        "Salaries And Wages": 5417000.0,
        "Gross Profit": 36288000.0,
        "Cost Of Revenue": 205905000.0,
        "Total Revenue": 242193000.0,
        "Operating Revenue": 51721000.0
    },
    "2022-06-30": {
        "Tax Effect Of Unusual Items": -58400.0,
        "Tax Rate For Calcs": 0.146,
        "Normalized EBITDA": 26471000.0,
        "Total Unusual Items": -400000.0,
        "Total Unusual Items Excluding Goodwill": -400000.0,
        "Net Income From Continuing Operation Net Minority Interest": 7570000.0,
        "Reconciled Depreciation": 253000.0,
        "Reconciled Cost Of Revenue": 176182000.0,
        "EBITDA": 26071000.0,
        "EBIT": 25818000.0,
        "Net Interest Income": 279000.0,
        "Interest Income": 279000.0,
        "Normalized Income": 7911600.0,
        "Net Income From Continuing And Discontinued Operation": 7570000.0,
        "Total Expenses": 185270000.0,
        "Total Operating Income As Reported": 25418000.0,
        "Diluted Average Shares": 31353000.0,
        "Basic Average Shares": 16343000.0,
        "Diluted EPS": 0.46,
        "Basic EPS": 0.46,
        "Diluted NI Availto Com Stockholders": 14357000.0,
        "Average Dilution Earnings": 6859000.0,
        "Net Income Common Stockholders": 7498000.0,
        "Otherunder Preferred Stock Dividend": 72000.0,
        "Net Income": 7570000.0,
        "Minority Interests": -9695000.0,
        "Net Income Including Noncontrolling Interests": 17265000.0,
        "Net Income Continuous Operations": 17265000.0,
        "Tax Provision": 2943000.0,
        "Pretax Income": 20208000.0,
        "Other Income Expense": -5889000.0,
        "Special Income Charges": -400000.0,
        "Restructuring And Mergern Acquisition": 400000.0,
        "Earnings From Equity Interest": -5489000.0,
        "Net Non Operating Interest Income Expense": 279000.0,
        "Interest Income Non Operating": 279000.0,
        "Operating Income": 25818000.0,
        "Operating Expense": 9088000.0,
        "Depreciation Amortization Depletion Income Statement": 253000.0,
        "Depreciation And Amortization In Income Statement": 253000.0,
        "Selling General And Administration": 8835000.0,
        "General And Administrative Expense": 8835000.0,
        "Other Gand A": 8323000.0,
        "Salaries And Wages": 512000.0,
        "Gross Profit": 34906000.0,
        "Cost Of Revenue": 176182000.0,
        "Total Revenue": 211088000.0,
        "Operating Revenue": 52956000.0
    },
    "2022-03-31": {
        "Diluted EPS": 0.39,
        "Total Revenue": 198,
        "Gross Profit": 198,
        "Operating Income": 22,
        "EBIT": 24,
        "Net Income": 6
    },
    "2021-12-31": {
        "Diluted EPS": 0.49,
        "Total Revenue": 182,
        "Gross Profit": 182,
        "Operating Income": 20,
        "EBIT": 23,
        "Net Income": 8
    },
    "2021-09-30": {
        "Diluted EPS": 0.84,
        "Total Revenue": 173,
        "Gross Profit": 173,
        "Operating Income": 21,
        "EBIT": 24,
        "Net Income": 13
    },
    "2021-06-30": {
        "Diluted EPS": 0.5,
        "Total Revenue": 145,
        "Gross Profit": 145,
        "Operating Income": 21,
        "EBIT": 23,
        "Net Income": 8
    },
    "2021-03-31": {
        "Diluted EPS": 0.3,
        "Total Revenue": 132,
        "Gross Profit": 132,
        "Operating Income": 16,
        "EBIT": 19,
        "Net Income": 5
    },
    "2020-12-31": {
        "Diluted EPS": 0.51,
        "Total Revenue": 157,
        "Gross Profit": 157,
        "Operating Income": 14,
        "EBIT": 16,
        "Net Income": 9
    },
    "2020-09-30": {
        "Diluted EPS": 0.37,
        "Total Revenue": 150,
        "Gross Profit": 150,
        "Operating Income": 14,
        "EBIT": 17,
        "Net Income": 6
    },
    "2020-06-30": {
        "Diluted EPS": 0.41,
        "Total Revenue": 139,
        "Gross Profit": 139,
        "Operating Income": 15,
        "EBIT": 18,
        "Net Income": 7
    },
    "2020-03-31": {
        "Diluted EPS": 0.39,
        "Total Revenue": 141,
        "Gross Profit": 141,
        "Operating Income": 18,
        "EBIT": 21,
        "Net Income": 6
    },
    "2019-12-31": {
        "Diluted EPS": 0.58,
        "Total Revenue": 160,
        "Gross Profit": 160,
        "Operating Income": 22,
        "EBIT": 24,
        "Net Income": 9
    },
    "2019-09-30": {
        "Diluted EPS": 0.51,
        "Total Revenue": 159,
        "Gross Profit": 159,
        "Operating Income": 21,
        "EBIT": 24,
        "Net Income": 9
    },
    "2019-06-30": {
        "Diluted EPS": 0.36,
        "Total Revenue": 144,
        "Gross Profit": 144,
        "Operating Income": 20,
        "EBIT": 23,
        "Net Income": 6
    },
    "2019-03-31": {
        "Diluted EPS": 0.5,
        "Total Revenue": 130,
        "Gross Profit": 130,
        "Operating Income": 19,
        "EBIT": 21,
        "Net Income": 8
    },
    "2018-12-31": {
        "Diluted EPS": 3.22,
        "Total Revenue": 280,
        "Gross Profit": 280,
        "Operating Income": 138,
        "EBIT": 141,
        "Net Income": 52
    },
    "2018-09-30": {
        "Diluted EPS": 0.49,
        "Total Revenue": 65,
        "Gross Profit": 65,
        "Operating Income": 25,
        "EBIT": 28,
        "Net Income": 9
    },
    "2018-06-30": {
        "Diluted EPS": 0.52,
        "Total Revenue": 62,
        "Gross Profit": 62,
        "Operating Income": 22,
        "EBIT": 24,
        "Net Income": 8
    },
    "2018-03-31": {
        "Diluted EPS": 0.52,
        "Total Revenue": 59,
        "Gross Profit": 59,
        "Operating Income": 22,
        "EBIT": 25,
        "Net Income": 8
    },
    "2017-12-31": {
        "Diluted EPS": 4.39,
        "Total Revenue": 219,
        "Gross Profit": 219,
        "Operating Income": 182,
        "EBIT": 185,
        "Net Income": 71
    },
    "2017-09-30": {
        "Diluted EPS": 0.31,
        "Total Revenue": 57,
        "Gross Profit": 57,
        "Operating Income": 16,
        "EBIT": 19,
        "Net Income": 5
    },
    "2017-06-30": {
        "Diluted EPS": 0.43,
        "Total Revenue": 56,
        "Gross Profit": 56,
        "Operating Income": 22,
        "EBIT": 25,
        "Net Income": 7
    },
    "2017-03-31": {
        "Diluted EPS": 0.43,
        "Total Revenue": 54,
        "Gross Profit": 54,
        "Operating Income": 22,
        "EBIT": 25,
        "Net Income": 7
    },
    "2016-12-31": {
        "Diluted EPS": 1.46,
        "Total Revenue": 105,
        "Gross Profit": 105,
        "Operating Income": 76,
        "EBIT": 79,
        "Net Income": 23
    },
    "2016-09-30": {
        "Diluted EPS": 0.46,
        "Total Revenue": 56,
        "Gross Profit": 56,
        "Operating Income": 23,
        "EBIT": 26,
        "Net Income": 7
    },
    "2016-06-30": {
        "Diluted EPS": 0.42,
        "Total Revenue": 52,
        "Gross Profit": 52,
        "Operating Income": 22,
        "EBIT": 24,
        "Net Income": 7
    },
    "2016-03-31": {
        "Diluted EPS": 0.38,
        "Total Revenue": 48,
        "Gross Profit": 48,
        "Operating Income": 20,
        "EBIT": 23,
        "Net Income": 6
    },
    "2015-12-31": {
        "Diluted EPS": 1.07,
        "Total Revenue": 110,
        "Gross Profit": 110,
        "Operating Income": 82,
        "EBIT": 85,
        "Net Income": 17
    },
    "2015-09-30": {
        "Diluted EPS": 0.4,
        "Total Revenue": 48,
        "Gross Profit": 48,
        "Operating Income": 20,
        "EBIT": 23,
        "Net Income": 6
    },
    "2015-06-30": {
        "Diluted EPS": 0.06,
        "Total Revenue": 48,
        "Gross Profit": 48,
        "Operating Income": 18,
        "EBIT": 24,
        "Net Income": 1
    },
    "2015-03-31": {
        "Diluted EPS": 0.0,
        "Total Revenue": 50,
        "Gross Profit": 50,
        "Operating Income": 24,
        "EBIT": 20,
        "Net Income": 25
    },
    "2014-12-31": {
        "Diluted EPS": 0.0,
        "Total Revenue": 47,
        "Gross Profit": 47,
        "Operating Income": 18,
        "EBIT": 19,
        "Net Income": 20
    },
    "2014-09-30": {
        "Diluted EPS": 0.0,
        "Total Revenue": NaN,
        "Gross Profit": NaN,
        "Operating Income": NaN,
        "EBIT": NaN,
        "Net Income": NaN
    },
    "2013-09-30": {
        "Diluted EPS": 0.0,
        "Total Revenue": NaN,
        "Gross Profit": NaN,
        "Operating Income": NaN,
        "EBIT": NaN,
        "Net Income": NaN
    },
    "2023-06-30": {
        "Tax Effect Of Unusual Items": NaN,
        "Tax Rate For Calcs": NaN,
        "Normalized EBITDA": NaN,
        "Total Unusual Items": NaN,
        "Total Unusual Items Excluding Goodwill": NaN,
        "Net Income From Continuing Operation Net Minority Interest": NaN,
        "Reconciled Depreciation": NaN,
        "Reconciled Cost Of Revenue": NaN,
        "EBITDA": NaN,
        "EBIT": NaN,
        "Net Interest Income": NaN,
        "Interest Expense": NaN,
        "Interest Income": NaN,
        "Normalized Income": NaN,
        "Net Income From Continuing And Discontinued Operation": NaN,
        "Total Expenses": NaN,
        "Rent Expense Supplemental": NaN,
        "Total Operating Income As Reported": NaN,
        "Diluted Average Shares": 16435000.0,
        "Basic Average Shares": 16435000.0,
        "Diluted EPS": 1.48,
        "Basic EPS": 1.48,
        "Diluted NI Availto Com Stockholders": NaN,
        "Average Dilution Earnings": NaN,
        "Net Income Common Stockholders": NaN,
        "Otherunder Preferred Stock Dividend": NaN,
        "Net Income": NaN,
        "Minority Interests": NaN,
        "Net Income Including Noncontrolling Interests": NaN,
        "Net Income Continuous Operations": NaN,
        "Tax Provision": NaN,
        "Pretax Income": NaN,
        "Other Income Expense": NaN,
        "Special Income Charges": NaN,
        "Restructuring And Mergern Acquisition": NaN,
        "Earnings From Equity Interest": NaN,
        "Gain On Sale Of Security": NaN,
        "Net Non Operating Interest Income Expense": NaN,
        "Interest Expense Non Operating": NaN,
        "Interest Income Non Operating": NaN,
        "Operating Income": NaN,
        "Operating Expense": NaN,
        "Depreciation Amortization Depletion Income Statement": NaN,
        "Depreciation And Amortization In Income Statement": NaN,
        "Selling General And Administration": NaN,
        "General And Administrative Expense": NaN,
        "Other Gand A": NaN,
        "Salaries And Wages": NaN,
        "Gross Profit": NaN,
        "Cost Of Revenue": NaN,
        "Total Revenue": NaN,
        "Operating Revenue": NaN
    },
    "2023-09-30": {
        "Tax Effect Of Unusual Items": NaN,
        "Tax Rate For Calcs": NaN,
        "Normalized EBITDA": NaN,
        "Total Unusual Items": NaN,
        "Total Unusual Items Excluding Goodwill": NaN,
        "Net Income From Continuing Operation Net Minority Interest": NaN,
        "Reconciled Depreciation": NaN,
        "Reconciled Cost Of Revenue": NaN,
        "EBITDA": NaN,
        "EBIT": NaN,
        "Net Interest Income": NaN,
        "Interest Expense": NaN,
        "Interest Income": NaN,
        "Normalized Income": NaN,
        "Net Income From Continuing And Discontinued Operation": NaN,
        "Total Expenses": NaN,
        "Rent Expense Supplemental": NaN,
        "Total Operating Income As Reported": NaN,
        "Diluted Average Shares": NaN,
        "Basic Average Shares": NaN,
        "Diluted EPS": NaN,
        "Basic EPS": NaN,
        "Diluted NI Availto Com Stockholders": NaN,
        "Average Dilution Earnings": NaN,
        "Net Income Common Stockholders": NaN,
        "Otherunder Preferred Stock Dividend": NaN,
        "Net Income": NaN,
        "Minority Interests": NaN,
        "Net Income Including Noncontrolling Interests": NaN,
        "Net Income Continuous Operations": NaN,
        "Tax Provision": NaN,
        "Pretax Income": NaN,
        "Other Income Expense": NaN,
        "Special Income Charges": NaN,
        "Restructuring And Mergern Acquisition": NaN,
        "Earnings From Equity Interest": 1724000.0,
        "Gain On Sale Of Security": NaN,
        "Net Non Operating Interest Income Expense": NaN,
        "Interest Expense Non Operating": NaN,
        "Interest Income Non Operating": NaN,
        "Operating Income": NaN,
        "Operating Expense": NaN,
        "Depreciation Amortization Depletion Income Statement": NaN,
        "Depreciation And Amortization In Income Statement": NaN,
        "Selling General And Administration": NaN,
        "General And Administrative Expense": NaN,
        "Other Gand A": NaN,
        "Salaries And Wages": NaN,
        "Gross Profit": NaN,
        "Cost Of Revenue": NaN,
        "Total Revenue": NaN,
        "Operating Revenue": NaN
    },
    "2023-12-31": {
        "Tax Effect Of Unusual Items": -505698.964986,
        "Tax Rate For Calcs": 0.145232,
        "Normalized EBITDA": 22080000.0,
        "Total Unusual Items": -3482000.0,
        "Total Unusual Items Excluding Goodwill": -3482000.0,
        "Net Income From Continuing Operation Net Minority Interest": 6997000.0,
        "Reconciled Depreciation": 423000.0,
        "Reconciled Cost Of Revenue": 196010000.0,
        "EBITDA": 18598000.0,
        "EBIT": 18175000.0,
        "Net Interest Income": 3497000.0,
        "Interest Expense": 11000.0,
        "Interest Income": 3508000.0,
        "Normalized Income": 9973301.035014,
        "Net Income From Continuing And Discontinued Operation": 6997000.0,
        "Total Expenses": 243548000.0,
        "Rent Expense Supplemental": 12000.0,
        "Total Operating Income As Reported": 10618000.0,
        "Diluted Average Shares": 31512000.0,
        "Basic Average Shares": 16508000.0,
        "Diluted EPS": 0.41,
        "Basic EPS": 0.42,
        "Diluted NI Availto Com Stockholders": 12984000.0,
        "Average Dilution Earnings": 6072000.0,
        "Net Income Common Stockholders": 6912000.0,
        "Otherunder Preferred Stock Dividend": 85000.0,
        "Net Income": 6997000.0,
        "Minority Interests": -8529000.0,
        "Net Income Including Noncontrolling Interests": 15526000.0,
        "Net Income Continuous Operations": 15526000.0,
        "Tax Provision": 2638000.0,
        "Pretax Income": 18164000.0,
        "Other Income Expense": -3482000.0,
        "Special Income Charges": -7531000.0,
        "Restructuring And Mergern Acquisition": 7531000.0,
        "Earnings From Equity Interest": 4049000.0,
        "Gain On Sale Of Security": 4049000.0,
        "Net Non Operating Interest Income Expense": 3497000.0,
        "Interest Expense Non Operating": 11000.0,
        "Interest Income Non Operating": 3508000.0,
        "Operating Income": 18149000.0,
        "Operating Expense": 47538000.0,
        "Depreciation Amortization Depletion Income Statement": 423000.0,
        "Depreciation And Amortization In Income Statement": 423000.0,
        "Selling General And Administration": 47115000.0,
        "General And Administrative Expense": 47115000.0,
        "Other Gand A": 9514000.0,
        "Salaries And Wages": 37601000.0,
        "Gross Profit": 65687000.0,
        "Cost Of Revenue": 196010000.0,
        "Total Revenue": 261697000.0,
        "Operating Revenue": 46544000.0
    },
    "2024-03-31": {
        "Tax Effect Of Unusual Items": -434434.0,
        "Tax Rate For Calcs": 0.143,
        "Normalized EBITDA": 19046000.0,
        "Total Unusual Items": -3038000.0,
        "Total Unusual Items Excluding Goodwill": -3038000.0,
        "Net Income From Continuing Operation Net Minority Interest": 5862000.0,
        "Reconciled Depreciation": 1223000.0,
        "Reconciled Cost Of Revenue": 145232000.0,
        "EBITDA": 16008000.0,
        "EBIT": 14785000.0,
        "Net Interest Income": 2523000.0,
        "Interest Expense": NaN,
        "Interest Income": 2523000.0,
        "Normalized Income": 8465566.0,
        "Net Income From Continuing And Discontinued Operation": 5862000.0,
        "Total Expenses": 202964000.0,
        "Rent Expense Supplemental": NaN,
        "Total Operating Income As Reported": 11747000.0,
        "Diluted Average Shares": 31539000.0,
        "Basic Average Shares": 16515000.0,
        "Diluted EPS": 0.34,
        "Basic EPS": 0.35,
        "Diluted NI Availto Com Stockholders": 10577000.0,
        "Average Dilution Earnings": 4793000.0,
        "Net Income Common Stockholders": 5784000.0,
        "Otherunder Preferred Stock Dividend": 78000.0,
        "Net Income": 5862000.0,
        "Minority Interests": -6851000.0,
        "Net Income Including Noncontrolling Interests": 12713000.0,
        "Net Income Continuous Operations": 12713000.0,
        "Tax Provision": 2120000.0,
        "Pretax Income": 14833000.0,
        "Other Income Expense": -2475000.0,
        "Special Income Charges": -3038000.0,
        "Restructuring And Mergern Acquisition": 3038000.0,
        "Earnings From Equity Interest": 563000.0,
        "Gain On Sale Of Security": NaN,
        "Net Non Operating Interest Income Expense": 2523000.0,
        "Interest Expense Non Operating": NaN,
        "Interest Income Non Operating": 2523000.0,
        "Operating Income": 14785000.0,
        "Operating Expense": 57732000.0,
        "Depreciation Amortization Depletion Income Statement": 1223000.0,
        "Depreciation And Amortization In Income Statement": 1223000.0,
        "Selling General And Administration": 56509000.0,
        "General And Administrative Expense": 56509000.0,
        "Other Gand A": 11641000.0,
        "Salaries And Wages": 44868000.0,
        "Gross Profit": 72517000.0,
        "Cost Of Revenue": 145232000.0,
        "Total Revenue": 217749000.0,
        "Operating Revenue": 49646000.0
    },
    "2024-06-30": {
        "Tax Effect Of Unusual Items": -141816.0,
        "Tax Rate For Calcs": 0.228,
        "Normalized EBITDA": 15713000.0,
        "Total Unusual Items": -622000.0,
        "Total Unusual Items Excluding Goodwill": -622000.0,
        "Net Income From Continuing Operation Net Minority Interest": 4935000.0,
        "Reconciled Depreciation": 1234000.0,
        "Reconciled Cost Of Revenue": 132339000.0,
        "EBITDA": 15091000.0,
        "EBIT": 13857000.0,
        "Net Interest Income": 2638000.0,
        "Interest Expense": NaN,
        "Interest Income": 2638000.0,
        "Normalized Income": 5415184.0,
        "Net Income From Continuing And Discontinued Operation": 4935000.0,
        "Total Expenses": 191622000.0,
        "Rent Expense Supplemental": NaN,
        "Total Operating Income As Reported": 12171000.0,
        "Diluted Average Shares": 16542000.0,
        "Basic Average Shares": 16542000.0,
        "Diluted EPS": 0.29,
        "Basic EPS": 0.29,
        "Diluted NI Availto Com Stockholders": 4859000.0,
        "Average Dilution Earnings": 0.0,
        "Net Income Common Stockholders": 4859000.0,
        "Otherunder Preferred Stock Dividend": 76000.0,
        "Net Income": 4935000.0,
        "Minority Interests": -7469000.0,
        "Net Income Including Noncontrolling Interests": 12404000.0,
        "Net Income Continuous Operations": 12404000.0,
        "Tax Provision": 3657000.0,
        "Pretax Income": 16061000.0,
        "Other Income Expense": -434000.0,
        "Special Income Charges": -622000.0,
        "Restructuring And Mergern Acquisition": 622000.0,
        "Earnings From Equity Interest": 188000.0,
        "Gain On Sale Of Security": NaN,
        "Net Non Operating Interest Income Expense": 2638000.0,
        "Interest Expense Non Operating": NaN,
        "Interest Income Non Operating": 2638000.0,
        "Operating Income": 13857000.0,
        "Operating Expense": 59283000.0,
        "Depreciation Amortization Depletion Income Statement": 1234000.0,
        "Depreciation And Amortization In Income Statement": 1234000.0,
        "Selling General And Administration": 58049000.0,
        "General And Administrative Expense": 58049000.0,
        "Other Gand A": 11404000.0,
        "Salaries And Wages": 46645000.0,
        "Gross Profit": 73140000.0,
        "Cost Of Revenue": 132339000.0,
        "Total Revenue": 205479000.0,
        "Operating Revenue": 49266000.0
    },
    "2024-09-30": {
        "Tax Effect Of Unusual Items": -50381.28655,
        "Tax Rate For Calcs": 0.188694,
        "Normalized EBITDA": 20551000.0,
        "Total Unusual Items": -267000.0,
        "Total Unusual Items Excluding Goodwill": -267000.0,
        "Net Income From Continuing Operation Net Minority Interest": 5336000.0,
        "Reconciled Depreciation": 1833000.0,
        "Reconciled Cost Of Revenue": 135581000.0,
        "EBITDA": 20284000.0,
        "EBIT": 18451000.0,
        "Net Interest Income": 951000.0,
        "Interest Expense": NaN,
        "Interest Income": 1734000.0,
        "Normalized Income": 5552618.71345,
        "Net Income From Continuing And Discontinued Operation": 5336000.0,
        "Total Expenses": 200468000.0,
        "Rent Expense Supplemental": NaN,
        "Total Operating Income As Reported": 10154000.0,
        "Diluted Average Shares": NaN,
        "Basic Average Shares": NaN,
        "Diluted EPS": NaN,
        "Basic EPS": NaN,
        "Diluted NI Availto Com Stockholders": 5248000.0,
        "Average Dilution Earnings": 0.0,
        "Net Income Common Stockholders": 5248000.0,
        "Otherunder Preferred Stock Dividend": 88000.0,
        "Net Income": 5336000.0,
        "Minority Interests": -7150000.0,
        "Net Income Including Noncontrolling Interests": 12486000.0,
        "Net Income Continuous Operations": 12486000.0,
        "Tax Provision": 2904000.0,
        "Pretax Income": 15390000.0,
        "Other Income Expense": 2193000.0,
        "Special Income Charges": -267000.0,
        "Restructuring And Mergern Acquisition": 267000.0,
        "Earnings From Equity Interest": 2460000.0,
        "Gain On Sale Of Security": NaN,
        "Net Non Operating Interest Income Expense": 951000.0,
        "Interest Expense Non Operating": NaN,
        "Interest Income Non Operating": 1734000.0,
        "Operating Income": 12246000.0,
        "Operating Expense": 64887000.0,
        "Depreciation Amortization Depletion Income Statement": 1833000.0,
        "Depreciation And Amortization In Income Statement": 1833000.0,
        "Selling General And Administration": 63054000.0,
        "General And Administrative Expense": 63054000.0,
        "Other Gand A": 11187000.0,
        "Salaries And Wages": 51867000.0,
        "Gross Profit": 77133000.0,
        "Cost Of Revenue": 135581000.0,
        "Total Revenue": 212714000.0,
        "Operating Revenue": 51407000.0
    },
    "2024-12-31": {
        "Tax Effect Of Unusual Items": 231714.423541,
        "Tax Rate For Calcs": 0.149301,
        "Normalized EBITDA": 18078000.0,
        "Total Unusual Items": 1552000.0,
        "Total Unusual Items Excluding Goodwill": 1552000.0,
        "Net Income From Continuing Operation Net Minority Interest": 6380000.0,
        "Reconciled Depreciation": 2347000.0,
        "Reconciled Cost Of Revenue": 148982000.0,
        "EBITDA": 19630000.0,
        "EBIT": 17283000.0,
        "Net Interest Income": 857000.0,
        "Interest Expense": 699000.0,
        "Interest Income": 1556000.0,
        "Normalized Income": 5059714.423541,
        "Net Income From Continuing And Discontinued Operation": 6380000.0,
        "Total Expenses": 205301000.0,
        "Rent Expense Supplemental": 426000.0,
        "Total Operating Income As Reported": 13388000.0,
        "Diluted Average Shares": 16613000.0,
        "Basic Average Shares": 16613000.0,
        "Diluted EPS": 0.38,
        "Basic EPS": 0.38,
        "Diluted NI Availto Com Stockholders": 6275000.0,
        "Average Dilution Earnings": 0.0,
        "Net Income Common Stockholders": 6275000.0,
        "Otherunder Preferred Stock Dividend": 105000.0,
        "Net Income": 6380000.0,
        "Minority Interests": -7728000.0,
        "Net Income Including Noncontrolling Interests": 14108000.0,
        "Net Income Continuous Operations": 14108000.0,
        "Tax Provision": 2476000.0,
        "Pretax Income": 16584000.0,
        "Other Income Expense": 1552000.0,
        "Special Income Charges": 2623000.0,
        "Restructuring And Mergern Acquisition": -2623000.0,
        "Earnings From Equity Interest": NaN,
        "Gain On Sale Of Security": -1071000.0,
        "Net Non Operating Interest Income Expense": 857000.0,
        "Interest Expense Non Operating": 699000.0,
        "Interest Income Non Operating": 1556000.0,
        "Operating Income": 14175000.0,
        "Operating Expense": 56319000.0,
        "Depreciation Amortization Depletion Income Statement": 2347000.0,
        "Depreciation And Amortization In Income Statement": 2347000.0,
        "Selling General And Administration": 53972000.0,
        "General And Administrative Expense": 53972000.0,
        "Other Gand A": 11284000.0,
        "Salaries And Wages": 42688000.0,
        "Gross Profit": 70494000.0,
        "Cost Of Revenue": 148982000.0,
        "Total Revenue": 219476000.0,
        "Operating Revenue": 49560000.0
    }
}