{
    "2023-03-31": {
        "Tax Effect Of Unusual Items": NaN,
        "Tax Rate For Calcs": NaN,
        "Normalized EBITDA": NaN,
        "Total Unusual Items": NaN,
        "Total Unusual Items Excluding Goodwill": NaN,
        "Net Income From Continuing Operation Net Minority Interest": NaN,
        "Reconciled Depreciation": NaN,
        "Reconciled Cost Of Revenue": NaN,
        "EBITDA": NaN,
        "EBIT": NaN,
        "Net Interest Income": NaN,
        "Interest Expense": NaN,
        "Interest Income": NaN,
        "Normalized Income": NaN,
        "Net Income From Continuing And Discontinued Operation": NaN,
        "Total Expenses": NaN,
        "Total Operating Income As Reported": NaN,
        "Diluted Average Shares": 18359940.0,
        "Basic Average Shares": 18359940.0,
        "Diluted EPS": -0.1,
        "Basic EPS": -0.1,
        "Diluted NI Availto Com Stockholders": NaN,
        "Net Income Common Stockholders": NaN,
        "Net Income": NaN,
        "Net Income Including Noncontrolling Interests": NaN,
        "Net Income Continuous Operations": NaN,
        "Pretax Income": NaN,
        "Other Income Expense": NaN,
        "Gain On Sale Of Security": NaN,
        "Net Non Operating Interest Income Expense": NaN,
        "Interest Expense Non Operating": NaN,
        "Interest Income Non Operating": NaN,
        "Operating Income": NaN,
        "Operating Expense": NaN,
        "Research And Development": NaN,
        "Selling General And Administration": NaN,
        "Selling And Marketing Expense": NaN,
        "General And Administrative Expense": NaN,
        "Other Gand A": NaN,
        "Gross Profit": NaN,
        "Cost Of Revenue": NaN,
        "Total Revenue": NaN,
        "Operating Revenue": NaN
    },
    "2022-12-31": {
        "Tax Effect Of Unusual Items": NaN,
        "Tax Rate For Calcs": NaN,
        "Normalized EBITDA": NaN,
        "Total Unusual Items": 0.0,
        "Total Unusual Items Excluding Goodwill": 0.0,
        "Net Income From Continuing Operation Net Minority Interest": NaN,
        "Reconciled Depreciation": NaN,
        "Reconciled Cost Of Revenue": NaN,
        "EBITDA": NaN,
        "EBIT": NaN,
        "Net Interest Income": NaN,
        "Interest Expense": NaN,
        "Interest Income": NaN,
        "Normalized Income": NaN,
        "Net Income From Continuing And Discontinued Operation": NaN,
        "Total Expenses": NaN,
        "Total Operating Income As Reported": NaN,
        "Diluted Average Shares": NaN,
        "Basic Average Shares": NaN,
        "Diluted EPS": NaN,
        "Basic EPS": NaN,
        "Diluted NI Availto Com Stockholders": NaN,
        "Net Income Common Stockholders": NaN,
        "Net Income": NaN,
        "Net Income Including Noncontrolling Interests": NaN,
        "Net Income Continuous Operations": NaN,
        "Pretax Income": NaN,
        "Other Income Expense": 0.0,
        "Gain On Sale Of Security": 0.0,
        "Net Non Operating Interest Income Expense": NaN,
        "Interest Expense Non Operating": NaN,
        "Interest Income Non Operating": NaN,
        "Operating Income": NaN,
        "Operating Expense": NaN,
        "Research And Development": NaN,
        "Selling General And Administration": NaN,
        "Selling And Marketing Expense": NaN,
        "General And Administrative Expense": NaN,
        "Other Gand A": NaN,
        "Gross Profit": NaN,
        "Cost Of Revenue": NaN,
        "Total Revenue": NaN,
        "Operating Revenue": NaN
    },
    "2022-09-30": {
        "Tax Effect Of Unusual Items": 0.0,
        "Tax Rate For Calcs": 0.0,
        "Normalized EBITDA": -3074000.0,
        "Total Unusual Items": NaN,
        "Total Unusual Items Excluding Goodwill": NaN,
        "Net Income From Continuing Operation Net Minority Interest": -4190000.0,
        "Reconciled Depreciation": 634000.0,
        "Reconciled Cost Of Revenue": 17914000.0,
        "EBITDA": -3074000.0,
        "EBIT": -3708000.0,
        "Net Interest Income": -482000.0,
        "Interest Expense": 482000.0,
        "Interest Income": NaN,
        "Normalized Income": -4190000.0,
        "Net Income From Continuing And Discontinued Operation": -4190000.0,
        "Total Expenses": 22399000.0,
        "Total Operating Income As Reported": -3708000.0,
        "Diluted Average Shares": 18463673.0,
        "Basic Average Shares": 18463673.0,
        "Diluted EPS": -0.23,
        "Basic EPS": -0.23,
        "Diluted NI Availto Com Stockholders": -4190000.0,
        "Net Income Common Stockholders": -4190000.0,
        "Net Income": -4190000.0,
        "Net Income Including Noncontrolling Interests": -4190000.0,
        "Net Income Continuous Operations": -4190000.0,
        "Pretax Income": -4190000.0,
        "Other Income Expense": NaN,
        "Gain On Sale Of Security": NaN,
        "Net Non Operating Interest Income Expense": -482000.0,
        "Interest Expense Non Operating": 482000.0,
        "Interest Income Non Operating": NaN,
        "Operating Income": -3708000.0,
        "Operating Expense": 4485000.0,
        "Research And Development": 469000.0,
        "Selling General And Administration": 4016000.0,
        "Selling And Marketing Expense": 762000.0,
        "General And Administrative Expense": 3254000.0,
        "Other Gand A": 3254000.0,
        "Gross Profit": 777000.0,
        "Cost Of Revenue": 17914000.0,
        "Total Revenue": 18691000.0,
        "Operating Revenue": 18691000.0
    },
    "2022-06-30": {
        "Tax Effect Of Unusual Items": 0.0,
        "Tax Rate For Calcs": 0.0,
        "Normalized EBITDA": -3834000.0,
        "Total Unusual Items": NaN,
        "Total Unusual Items Excluding Goodwill": NaN,
        "Net Income From Continuing Operation Net Minority Interest": -4967000.0,
        "Reconciled Depreciation": 648000.0,
        "Reconciled Cost Of Revenue": 16937000.0,
        "EBITDA": -3834000.0,
        "EBIT": -4482000.0,
        "Net Interest Income": -485000.0,
        "Interest Expense": 485000.0,
        "Interest Income": 0.0,
        "Normalized Income": -4967000.0,
        "Net Income From Continuing And Discontinued Operation": -4967000.0,
        "Total Expenses": 23164000.0,
        "Total Operating Income As Reported": -4482000.0,
        "Diluted Average Shares": 11591768.0,
        "Basic Average Shares": 11591768.0,
        "Diluted EPS": -0.43,
        "Basic EPS": -0.43,
        "Diluted NI Availto Com Stockholders": -4967000.0,
        "Net Income Common Stockholders": -4967000.0,
        "Net Income": -4967000.0,
        "Net Income Including Noncontrolling Interests": -4967000.0,
        "Net Income Continuous Operations": -4967000.0,
        "Pretax Income": -4967000.0,
        "Other Income Expense": NaN,
        "Gain On Sale Of Security": NaN,
        "Net Non Operating Interest Income Expense": -485000.0,
        "Interest Expense Non Operating": 485000.0,
        "Interest Income Non Operating": 0.0,
        "Operating Income": -4482000.0,
        "Operating Expense": 6227000.0,
        "Research And Development": 926000.0,
        "Selling General And Administration": 5301000.0,
        "Selling And Marketing Expense": 526000.0,
        "General And Administrative Expense": 4775000.0,
        "Other Gand A": 4775000.0,
        "Gross Profit": 1745000.0,
        "Cost Of Revenue": 16937000.0,
        "Total Revenue": 18682000.0,
        "Operating Revenue": 18682000.0
    },
    "2022-03-31": {
        "Diluted EPS": -0.84,
        "Total Revenue": 16,
        "Gross Profit": -1,
        "Operating Income": -7,
        "EBIT": -6,
        "Net Income": -7
    },
    "2021-12-31": {
        "Diluted EPS": -1.04,
        "Total Revenue": 15,
        "Gross Profit": -2,
        "Operating Income": -8,
        "EBIT": -8,
        "Net Income": -9
    },
    "2021-09-30": {
        "Diluted EPS": -0.89,
        "Total Revenue": 16,
        "Gross Profit": 0,
        "Operating Income": -7,
        "EBIT": -6,
        "Net Income": -8
    },
    "2021-06-30": {
        "Diluted EPS": -0.99,
        "Total Revenue": 15,
        "Gross Profit": 0,
        "Operating Income": -8,
        "EBIT": -7,
        "Net Income": -8
    },
    "2021-03-31": {
        "Diluted EPS": -0.91,
        "Total Revenue": 15,
        "Gross Profit": 0,
        "Operating Income": -7,
        "EBIT": -6,
        "Net Income": -8
    },
    "2020-12-31": {
        "Diluted EPS": -0.99,
        "Total Revenue": 15,
        "Gross Profit": 0,
        "Operating Income": -8,
        "EBIT": -7,
        "Net Income": -9
    },
    "2020-09-30": {
        "Diluted EPS": -1.1,
        "Total Revenue": 15,
        "Gross Profit": 0,
        "Operating Income": -7,
        "EBIT": -6,
        "Net Income": -7
    },
    "2020-06-30": {
        "Diluted EPS": -1.1,
        "Total Revenue": 16,
        "Gross Profit": 1,
        "Operating Income": -6,
        "EBIT": -5,
        "Net Income": -7
    },
    "2020-03-31": {
        "Diluted EPS": -1.32,
        "Total Revenue": 16,
        "Gross Profit": 1,
        "Operating Income": -8,
        "EBIT": -7,
        "Net Income": -8
    },
    "2019-12-31": {
        "Diluted EPS": -1.21,
        "Total Revenue": 15,
        "Gross Profit": 1,
        "Operating Income": -7,
        "EBIT": -7,
        "Net Income": -7
    },
    "2019-09-30": {
        "Diluted EPS": -1.32,
        "Total Revenue": 15,
        "Gross Profit": 0,
        "Operating Income": -8,
        "EBIT": -7,
        "Net Income": -8
    },
    "2019-06-30": {
        "Diluted EPS": -1.98,
        "Total Revenue": 15,
        "Gross Profit": 1,
        "Operating Income": -10,
        "EBIT": -10,
        "Net Income": -10
    },
    "2019-03-31": {
        "Diluted EPS": -1.65,
        "Total Revenue": 16,
        "Gross Profit": 1,
        "Operating Income": -9,
        "EBIT": -8,
        "Net Income": -9
    },
    "2018-12-31": {
        "Diluted EPS": -1.76,
        "Total Revenue": 17,
        "Gross Profit": 1,
        "Operating Income": -9,
        "EBIT": -9,
        "Net Income": -9
    },
    "2018-09-30": {
        "Diluted EPS": -1.1,
        "Total Revenue": 17,
        "Gross Profit": 2,
        "Operating Income": -5,
        "EBIT": -5,
        "Net Income": -5
    },
    "2018-06-30": {
        "Diluted EPS": -2.64,
        "Total Revenue": 15,
        "Gross Profit": -4,
        "Operating Income": -12,
        "EBIT": -12,
        "Net Income": -12
    },
    "2018-03-31": {
        "Diluted EPS": -1.21,
        "Total Revenue": 15,
        "Gross Profit": -1,
        "Operating Income": -6,
        "EBIT": -6,
        "Net Income": -6
    },
    "2017-12-31": {
        "Diluted EPS": -1.98,
        "Total Revenue": 15,
        "Gross Profit": -1,
        "Operating Income": -9,
        "EBIT": -9,
        "Net Income": -9
    },
    "2017-09-30": {
        "Diluted EPS": -1.1,
        "Total Revenue": 15,
        "Gross Profit": 1,
        "Operating Income": -5,
        "EBIT": -5,
        "Net Income": -5
    },
    "2017-06-30": {
        "Diluted EPS": -1.54,
        "Total Revenue": 13,
        "Gross Profit": 1,
        "Operating Income": -7,
        "EBIT": -7,
        "Net Income": -7
    },
    "2017-03-31": {
        "Diluted EPS": -0.99,
        "Total Revenue": 15,
        "Gross Profit": 2,
        "Operating Income": -5,
        "EBIT": -5,
        "Net Income": -5
    },
    "2016-12-31": {
        "Diluted EPS": -0.99,
        "Total Revenue": 13,
        "Gross Profit": 2,
        "Operating Income": -5,
        "EBIT": -5,
        "Net Income": -5
    },
    "2016-09-30": {
        "Diluted EPS": -0.99,
        "Total Revenue": 13,
        "Gross Profit": 2,
        "Operating Income": -5,
        "EBIT": -5,
        "Net Income": -5
    },
    "2016-06-30": {
        "Diluted EPS": -1.21,
        "Total Revenue": 13,
        "Gross Profit": 1,
        "Operating Income": -6,
        "EBIT": -5,
        "Net Income": -5
    },
    "2016-03-31": {
        "Diluted EPS": -1.1,
        "Total Revenue": 14,
        "Gross Profit": 2,
        "Operating Income": -5,
        "EBIT": -4,
        "Net Income": -5
    },
    "2015-12-31": {
        "Diluted EPS": -1.32,
        "Total Revenue": 14,
        "Gross Profit": 2,
        "Operating Income": -6,
        "EBIT": -6,
        "Net Income": -6
    },
    "2015-09-30": {
        "Diluted EPS": -0.55,
        "Total Revenue": 14,
        "Gross Profit": 3,
        "Operating Income": -3,
        "EBIT": -2,
        "Net Income": -2
    },
    "2015-06-30": {
        "Diluted EPS": -0.55,
        "Total Revenue": 13,
        "Gross Profit": 2,
        "Operating Income": -3,
        "EBIT": -2,
        "Net Income": -3
    },
    "2015-03-31": {
        "Diluted EPS": -0.77,
        "Total Revenue": 14,
        "Gross Profit": 2,
        "Operating Income": -4,
        "EBIT": -4,
        "Net Income": -4
    },
    "2014-12-31": {
        "Diluted EPS": -1.54,
        "Total Revenue": 14,
        "Gross Profit": 3,
        "Operating Income": -5,
        "EBIT": -4,
        "Net Income": -6
    },
    "2014-09-30": {
        "Diluted EPS": -1.1,
        "Total Revenue": 14,
        "Gross Profit": 2,
        "Operating Income": -3,
        "EBIT": -3,
        "Net Income": -4
    },
    "2014-06-30": {
        "Diluted EPS": -0.88,
        "Total Revenue": 13,
        "Gross Profit": 2,
        "Operating Income": -2,
        "EBIT": -2,
        "Net Income": -3
    },
    "2014-03-31": {
        "Diluted EPS": -2.2,
        "Total Revenue": 13,
        "Gross Profit": 2,
        "Operating Income": -7,
        "EBIT": -7,
        "Net Income": -8
    },
    "2013-12-31": {
        "Diluted EPS": -0.44,
        "Total Revenue": 14,
        "Gross Profit": 2,
        "Operating Income": -8,
        "EBIT": -7,
        "Net Income": -8
    },
    "2013-09-30": {
        "Diluted EPS": -3.74,
        "Total Revenue": 13,
        "Gross Profit": 2,
        "Operating Income": -12,
        "EBIT": -12,
        "Net Income": -13
    },
    "2013-06-30": {
        "Diluted EPS": -4.18,
        "Total Revenue": 13,
        "Gross Profit": 2,
        "Operating Income": -12,
        "EBIT": -12,
        "Net Income": -12
    },
    "2013-03-31": {
        "Diluted EPS": -7.92,
        "Total Revenue": 12,
        "Gross Profit": 1,
        "Operating Income": -15,
        "EBIT": -15,
        "Net Income": -15
    },
    "2012-12-31": {
        "Diluted EPS": -7.37,
        "Total Revenue": 13,
        "Gross Profit": 2,
        "Operating Income": -14,
        "EBIT": -13,
        "Net Income": -14
    },
    "2012-09-30": {
        "Diluted EPS": -9.46,
        "Total Revenue": 13,
        "Gross Profit": 2,
        "Operating Income": -18,
        "EBIT": -18,
        "Net Income": -18
    },
    "2012-06-30": {
        "Diluted EPS": -6.38,
        "Total Revenue": 12,
        "Gross Profit": 2,
        "Operating Income": -12,
        "EBIT": -12,
        "Net Income": -12
    },
    "2012-03-31": {
        "Diluted EPS": -5.94,
        "Total Revenue": 12,
        "Gross Profit": 2,
        "Operating Income": -11,
        "EBIT": -10,
        "Net Income": -11
    },
    "2011-12-31": {
        "Diluted EPS": -5.5,
        "Total Revenue": 12,
        "Gross Profit": 2,
        "Operating Income": -9,
        "EBIT": -9,
        "Net Income": -9
    },
    "2011-09-30": {
        "Diluted EPS": -3.08,
        "Total Revenue": 12,
        "Gross Profit": 1,
        "Operating Income": -5,
        "EBIT": -5,
        "Net Income": -5
    },
    "2011-06-30": {
        "Diluted EPS": -2.86,
        "Total Revenue": 12,
        "Gross Profit": 1,
        "Operating Income": -5,
        "EBIT": -4,
        "Net Income": -5
    },
    "2011-03-31": {
        "Diluted EPS": -1.87,
        "Total Revenue": 13,
        "Gross Profit": 2,
        "Operating Income": -3,
        "EBIT": -3,
        "Net Income": -3
    },
    "2010-12-31": {
        "Diluted EPS": -1.21,
        "Total Revenue": 14,
        "Gross Profit": 2,
        "Operating Income": -2,
        "EBIT": -1,
        "Net Income": -2
    },
    "2010-09-30": {
        "Diluted EPS": -0.44,
        "Total Revenue": 15,
        "Gross Profit": 2,
        "Operating Income": -1,
        "EBIT": 0,
        "Net Income": -1
    },
    "2010-06-30": {
        "Diluted EPS": 0.11,
        "Total Revenue": 16,
        "Gross Profit": 3,
        "Operating Income": 0,
        "EBIT": 0,
        "Net Income": 0
    },
    "2010-03-31": {
        "Diluted EPS": -0.22,
        "Total Revenue": 15,
        "Gross Profit": 2,
        "Operating Income": 0,
        "EBIT": 0,
        "Net Income": 0
    },
    "2009-12-31": {
        "Diluted EPS": -0.22,
        "Total Revenue": 15,
        "Gross Profit": 2,
        "Operating Income": -1,
        "EBIT": 0,
        "Net Income": -1
    },
    "2009-09-30": {
        "Diluted EPS": -1.21,
        "Total Revenue": 14,
        "Gross Profit": 2,
        "Operating Income": -2,
        "EBIT": -1,
        "Net Income": -2
    },
    "2009-06-30": {
        "Diluted EPS": -1.32,
        "Total Revenue": 13,
        "Gross Profit": 2,
        "Operating Income": -2,
        "EBIT": -1,
        "Net Income": -2
    },
    "2009-03-31": {
        "Diluted EPS": -1.32,
        "Total Revenue": 13,
        "Gross Profit": 1,
        "Operating Income": -2,
        "EBIT": -1,
        "Net Income": -2
    },
    "2023-06-30": {
        "Tax Effect Of Unusual Items": NaN,
        "Tax Rate For Calcs": NaN,
        "Normalized EBITDA": NaN,
        "Total Unusual Items": NaN,
        "Total Unusual Items Excluding Goodwill": NaN,
        "Net Income From Continuing Operation Net Minority Interest": NaN,
        "Reconciled Depreciation": NaN,
        "Reconciled Cost Of Revenue": NaN,
        "EBITDA": NaN,
        "EBIT": NaN,
        "Net Interest Income": NaN,
        "Interest Expense": NaN,
        "Interest Income": NaN,
        "Normalized Income": NaN,
        "Net Income From Continuing And Discontinued Operation": NaN,
        "Total Expenses": NaN,
        "Total Operating Income As Reported": NaN,
        "Diluted Average Shares": 18496640.0,
        "Basic Average Shares": 18496640.0,
        "Diluted EPS": -0.18,
        "Basic EPS": -0.18,
        "Diluted NI Availto Com Stockholders": NaN,
        "Net Income Common Stockholders": NaN,
        "Net Income": NaN,
        "Net Income Including Noncontrolling Interests": NaN,
        "Net Income Continuous Operations": NaN,
        "Pretax Income": NaN,
        "Other Income Expense": NaN,
        "Gain On Sale Of Security": NaN,
        "Net Non Operating Interest Income Expense": NaN,
        "Interest Expense Non Operating": NaN,
        "Interest Income Non Operating": NaN,
        "Operating Income": NaN,
        "Operating Expense": NaN,
        "Research And Development": NaN,
        "Selling General And Administration": NaN,
        "Selling And Marketing Expense": NaN,
        "General And Administrative Expense": NaN,
        "Other Gand A": NaN,
        "Gross Profit": NaN,
        "Cost Of Revenue": NaN,
        "Total Revenue": NaN,
        "Operating Revenue": NaN
    },
    "2023-09-30": {
        "Tax Effect Of Unusual Items": 0.0,
        "Tax Rate For Calcs": 0.0,
        "Normalized EBITDA": -1117000.0,
        "Total Unusual Items": 220000.0,
        "Total Unusual Items Excluding Goodwill": 220000.0,
        "Net Income From Continuing Operation Net Minority Interest": -1872000.0,
        "Reconciled Depreciation": 564000.0,
        "Reconciled Cost Of Revenue": 21569000.0,
        "EBITDA": -897000.0,
        "EBIT": -1461000.0,
        "Net Interest Income": -355000.0,
        "Interest Expense": 411000.0,
        "Interest Income": 56000.0,
        "Normalized Income": -2092000.0,
        "Net Income From Continuing And Discontinued Operation": -1872000.0,
        "Total Expenses": 25508000.0,
        "Total Operating Income As Reported": -1737000.0,
        "Diluted Average Shares": 27521088.0,
        "Basic Average Shares": 27521088.0,
        "Diluted EPS": -0.07,
        "Basic EPS": -0.07,
        "Diluted NI Availto Com Stockholders": -1872000.0,
        "Net Income Common Stockholders": -1872000.0,
        "Net Income": -1872000.0,
        "Net Income Including Noncontrolling Interests": -1872000.0,
        "Net Income Continuous Operations": -1872000.0,
        "Pretax Income": -1872000.0,
        "Other Income Expense": 220000.0,
        "Gain On Sale Of Security": 220000.0,
        "Net Non Operating Interest Income Expense": -355000.0,
        "Interest Expense Non Operating": 411000.0,
        "Interest Income Non Operating": 56000.0,
        "Operating Income": -1737000.0,
        "Operating Expense": 3939000.0,
        "Research And Development": 494000.0,
        "Selling General And Administration": 3445000.0,
        "Selling And Marketing Expense": 556000.0,
        "General And Administrative Expense": 2889000.0,
        "Other Gand A": 2889000.0,
        "Gross Profit": 2202000.0,
        "Cost Of Revenue": 21569000.0,
        "Total Revenue": 23771000.0,
        "Operating Revenue": 23771000.0
    },
    "2023-12-31": {
        "Tax Effect Of Unusual Items": 0.0,
        "Tax Rate For Calcs": 0.0,
        "Normalized EBITDA": 45000.0,
        "Total Unusual Items": 101000.0,
        "Total Unusual Items Excluding Goodwill": 101000.0,
        "Net Income From Continuing Operation Net Minority Interest": -1512000.0,
        "Reconciled Depreciation": 550000.0,
        "Reconciled Cost Of Revenue": 19223000.0,
        "EBITDA": 146000.0,
        "EBIT": -404000.0,
        "Net Interest Income": -1066000.0,
        "Interest Expense": 1108000.0,
        "Interest Income": 42000.0,
        "Normalized Income": -1613000.0,
        "Net Income From Continuing And Discontinued Operation": -1512000.0,
        "Total Expenses": 22640000.0,
        "Total Operating Income As Reported": -547000.0,
        "Diluted Average Shares": NaN,
        "Basic Average Shares": NaN,
        "Diluted EPS": NaN,
        "Basic EPS": NaN,
        "Diluted NI Availto Com Stockholders": -1512000.0,
        "Net Income Common Stockholders": -1512000.0,
        "Net Income": -1512000.0,
        "Net Income Including Noncontrolling Interests": -1512000.0,
        "Net Income Continuous Operations": -1512000.0,
        "Pretax Income": -1512000.0,
        "Other Income Expense": 101000.0,
        "Gain On Sale Of Security": 101000.0,
        "Net Non Operating Interest Income Expense": -1066000.0,
        "Interest Expense Non Operating": 1108000.0,
        "Interest Income Non Operating": 42000.0,
        "Operating Income": -547000.0,
        "Operating Expense": 3417000.0,
        "Research And Development": 168000.0,
        "Selling General And Administration": 3249000.0,
        "Selling And Marketing Expense": 541000.0,
        "General And Administrative Expense": 2708000.0,
        "Other Gand A": 2708000.0,
        "Gross Profit": 2870000.0,
        "Cost Of Revenue": 19223000.0,
        "Total Revenue": 22093000.0,
        "Operating Revenue": 22093000.0
    },
    "2024-03-31": {
        "Tax Effect Of Unusual Items": 0.0,
        "Tax Rate For Calcs": 0.0,
        "Normalized EBITDA": -755000.0,
        "Total Unusual Items": NaN,
        "Total Unusual Items Excluding Goodwill": NaN,
        "Net Income From Continuing Operation Net Minority Interest": -1731000.0,
        "Reconciled Depreciation": 545000.0,
        "Reconciled Cost Of Revenue": 19612000.0,
        "EBITDA": -755000.0,
        "EBIT": -1300000.0,
        "Net Interest Income": -407000.0,
        "Interest Expense": 431000.0,
        "Interest Income": 24000.0,
        "Normalized Income": -1731000.0,
        "Net Income From Continuing And Discontinued Operation": -1731000.0,
        "Total Expenses": 24000000.0,
        "Total Operating Income As Reported": -1324000.0,
        "Diluted Average Shares": 29327204.0,
        "Basic Average Shares": 29327204.0,
        "Diluted EPS": -0.06,
        "Basic EPS": -0.06,
        "Diluted NI Availto Com Stockholders": -1731000.0,
        "Net Income Common Stockholders": -1731000.0,
        "Net Income": -1731000.0,
        "Net Income Including Noncontrolling Interests": -1731000.0,
        "Net Income Continuous Operations": -1731000.0,
        "Pretax Income": -1731000.0,
        "Other Income Expense": NaN,
        "Gain On Sale Of Security": NaN,
        "Net Non Operating Interest Income Expense": -407000.0,
        "Interest Expense Non Operating": 431000.0,
        "Interest Income Non Operating": 24000.0,
        "Operating Income": -1324000.0,
        "Operating Expense": 4388000.0,
        "Research And Development": 18000.0,
        "Selling General And Administration": 4370000.0,
        "Selling And Marketing Expense": 594000.0,
        "General And Administrative Expense": 3776000.0,
        "Other Gand A": 3776000.0,
        "Gross Profit": 3064000.0,
        "Cost Of Revenue": 19612000.0,
        "Total Revenue": 22676000.0,
        "Operating Revenue": 22676000.0
    },
    "2024-06-30": {
        "Tax Effect Of Unusual Items": 10710.0,
        "Tax Rate For Calcs": 0.21,
        "Normalized EBITDA": 1073000.0,
        "Total Unusual Items": 51000.0,
        "Total Unusual Items Excluding Goodwill": 51000.0,
        "Net Income From Continuing Operation Net Minority Interest": 343000.0,
        "Reconciled Depreciation": 549000.0,
        "Reconciled Cost Of Revenue": 21282000.0,
        "EBITDA": 1124000.0,
        "EBIT": 575000.0,
        "Net Interest Income": -223000.0,
        "Interest Expense": 232000.0,
        "Interest Income": 9000.0,
        "Normalized Income": 302710.0,
        "Net Income From Continuing And Discontinued Operation": 343000.0,
        "Total Expenses": 25317000.0,
        "Total Operating Income As Reported": 515000.0,
        "Diluted Average Shares": 32033776.0,
        "Basic Average Shares": 30451622.0,
        "Diluted EPS": 0.01,
        "Basic EPS": 0.01,
        "Diluted NI Availto Com Stockholders": 343000.0,
        "Net Income Common Stockholders": 343000.0,
        "Net Income": 343000.0,
        "Net Income Including Noncontrolling Interests": 343000.0,
        "Net Income Continuous Operations": 343000.0,
        "Pretax Income": 343000.0,
        "Other Income Expense": 51000.0,
        "Gain On Sale Of Security": 51000.0,
        "Net Non Operating Interest Income Expense": -223000.0,
        "Interest Expense Non Operating": 232000.0,
        "Interest Income Non Operating": 9000.0,
        "Operating Income": 515000.0,
        "Operating Expense": 4035000.0,
        "Research And Development": 0.0,
        "Selling General And Administration": 4035000.0,
        "Selling And Marketing Expense": 586000.0,
        "General And Administrative Expense": 3449000.0,
        "Other Gand A": 3449000.0,
        "Gross Profit": 4550000.0,
        "Cost Of Revenue": 21282000.0,
        "Total Revenue": 25832000.0,
        "Operating Revenue": 25832000.0
    },
    "2024-09-30": {
        "Tax Effect Of Unusual Items": 0.0,
        "Tax Rate For Calcs": 0.21,
        "Normalized EBITDA": 2509000.0,
        "Total Unusual Items": NaN,
        "Total Unusual Items Excluding Goodwill": NaN,
        "Net Income From Continuing Operation Net Minority Interest": 1664000.0,
        "Reconciled Depreciation": 543000.0,
        "Reconciled Cost Of Revenue": 22077000.0,
        "EBITDA": 2509000.0,
        "EBIT": 1966000.0,
        "Net Interest Income": -272000.0,
        "Interest Expense": 302000.0,
        "Interest Income": 30000.0,
        "Normalized Income": 1664000.0,
        "Net Income From Continuing And Discontinued Operation": 1664000.0,
        "Total Expenses": 26380000.0,
        "Total Operating Income As Reported": 1936000.0,
        "Diluted Average Shares": 32420168.0,
        "Basic Average Shares": 31551805.0,
        "Diluted EPS": 0.04,
        "Basic EPS": 0.05,
        "Diluted NI Availto Com Stockholders": 1664000.0,
        "Net Income Common Stockholders": 1664000.0,
        "Net Income": 1664000.0,
        "Net Income Including Noncontrolling Interests": 1664000.0,
        "Net Income Continuous Operations": 1664000.0,
        "Pretax Income": 1664000.0,
        "Other Income Expense": NaN,
        "Gain On Sale Of Security": NaN,
        "Net Non Operating Interest Income Expense": -272000.0,
        "Interest Expense Non Operating": 302000.0,
        "Interest Income Non Operating": 30000.0,
        "Operating Income": 1936000.0,
        "Operating Expense": 4303000.0,
        "Research And Development": 0.0,
        "Selling General And Administration": 4303000.0,
        "Selling And Marketing Expense": 726000.0,
        "General And Administrative Expense": 3577000.0,
        "Other Gand A": 3577000.0,
        "Gross Profit": 6239000.0,
        "Cost Of Revenue": 22077000.0,
        "Total Revenue": 28316000.0,
        "Operating Revenue": 28316000.0
    }
}