{
    "2023-03-31": {
        "Tax Effect Of Unusual Items": 0.0,
        "Tax Rate For Calcs": 0.21,
        "Normalized EBITDA": 8416000.0,
        "Total Unusual Items": NaN,
        "Total Unusual Items Excluding Goodwill": NaN,
        "Net Income From Continuing Operation Net Minority Interest": -54399000.0,
        "Reconciled Depreciation": 57518000.0,
        "Reconciled Cost Of Revenue": 160676000.0,
        "EBITDA": 8416000.0,
        "EBIT": -49102000.0,
        "Net Interest Income": -2212000.0,
        "Interest Expense": 2212000.0,
        "Normalized Income": -54399000.0,
        "Net Income From Continuing And Discontinued Operation": -54399000.0,
        "Total Expenses": 588220000.0,
        "Total Operating Income As Reported": -54531000.0,
        "Diluted Average Shares": 95720000.0,
        "Basic Average Shares": 95720000.0,
        "Diluted EPS": -0.57,
        "Basic EPS": -0.57,
        "Diluted NI Availto Com Stockholders": -54399000.0,
        "Net Income Common Stockholders": -54399000.0,
        "Net Income": -54399000.0,
        "Net Income Including Noncontrolling Interests": -54399000.0,
        "Net Income Continuous Operations": -54399000.0,
        "Tax Provision": 3085000.0,
        "Pretax Income": -51314000.0,
        "Other Income Expense": 5429000.0,
        "Other Non Operating Income Expenses": 5429000.0,
        "Special Income Charges": NaN,
        "Write Off": NaN,
        "Net Non Operating Interest Income Expense": -2212000.0,
        "Interest Expense Non Operating": 2212000.0,
        "Operating Income": -54531000.0,
        "Operating Expense": 427544000.0,
        "Research And Development": 85241000.0,
        "Selling General And Administration": 342303000.0,
        "Selling And Marketing Expense": 260212000.0,
        "General And Administrative Expense": 82091000.0,
        "Other Gand A": 82091000.0,
        "Gross Profit": 373013000.0,
        "Cost Of Revenue": 160676000.0,
        "Total Revenue": 533689000.0,
        "Operating Revenue": 508294000.0
    },
    "2022-12-31": {
        "Tax Effect Of Unusual Items": -37893870.0,
        "Tax Rate For Calcs": 0.21,
        "Normalized EBITDA": -37814000.0,
        "Total Unusual Items": -180447000.0,
        "Total Unusual Items Excluding Goodwill": -180447000.0,
        "Net Income From Continuing Operation Net Minority Interest": -284063000.0,
        "Reconciled Depreciation": 62395000.0,
        "Reconciled Cost Of Revenue": 160593000.0,
        "EBITDA": -218261000.0,
        "EBIT": -280656000.0,
        "Net Interest Income": -1194000.0,
        "Interest Expense": 1194000.0,
        "Normalized Income": -141509870.0,
        "Net Income From Continuing And Discontinued Operation": -284063000.0,
        "Total Expenses": 599909000.0,
        "Total Operating Income As Reported": -255610000.0,
        "Diluted Average Shares": 95663000.0,
        "Basic Average Shares": 95663000.0,
        "Diluted EPS": -2.97,
        "Basic EPS": -2.97,
        "Diluted NI Availto Com Stockholders": -284063000.0,
        "Net Income Common Stockholders": -284063000.0,
        "Net Income": -284063000.0,
        "Net Income Including Noncontrolling Interests": -284063000.0,
        "Net Income Continuous Operations": -284063000.0,
        "Tax Provision": 2213000.0,
        "Pretax Income": -281850000.0,
        "Other Income Expense": -205493000.0,
        "Other Non Operating Income Expenses": -25046000.0,
        "Special Income Charges": -180447000.0,
        "Write Off": 180447000.0,
        "Net Non Operating Interest Income Expense": -1194000.0,
        "Interest Expense Non Operating": 1194000.0,
        "Operating Income": -75163000.0,
        "Operating Expense": 439316000.0,
        "Research And Development": 88764000.0,
        "Selling General And Administration": 350552000.0,
        "Selling And Marketing Expense": 275464000.0,
        "General And Administrative Expense": 75088000.0,
        "Other Gand A": 75088000.0,
        "Gross Profit": 364153000.0,
        "Cost Of Revenue": 160593000.0,
        "Total Revenue": 524746000.0,
        "Operating Revenue": 501616000.0
    },
    "2022-09-30": {
        "Tax Effect Of Unusual Items": -41296800.0,
        "Tax Rate For Calcs": 0.4,
        "Normalized EBITDA": -117358000.0,
        "Total Unusual Items": -103242000.0,
        "Total Unusual Items Excluding Goodwill": -103242000.0,
        "Net Income From Continuing Operation Net Minority Interest": -284616000.0,
        "Reconciled Depreciation": 61965000.0,
        "Reconciled Cost Of Revenue": 167474000.0,
        "EBITDA": -220600000.0,
        "EBIT": -282565000.0,
        "Net Interest Income": -1178000.0,
        "Interest Expense": 1178000.0,
        "Normalized Income": -222670800.0,
        "Net Income From Continuing And Discontinued Operation": -284616000.0,
        "Total Expenses": 588349000.0,
        "Total Operating Income As Reported": -182559000.0,
        "Diluted Average Shares": 95575000.0,
        "Basic Average Shares": 95575000.0,
        "Diluted EPS": -2.98,
        "Basic EPS": -2.98,
        "Diluted NI Availto Com Stockholders": -284616000.0,
        "Net Income Common Stockholders": -284616000.0,
        "Net Income": -284616000.0,
        "Net Income Including Noncontrolling Interests": -284616000.0,
        "Net Income Continuous Operations": -284616000.0,
        "Tax Provision": 873000.0,
        "Pretax Income": -283743000.0,
        "Other Income Expense": -203248000.0,
        "Other Non Operating Income Expenses": -100006000.0,
        "Special Income Charges": -103242000.0,
        "Write Off": 103242000.0,
        "Net Non Operating Interest Income Expense": -1178000.0,
        "Interest Expense Non Operating": 1178000.0,
        "Operating Income": -79317000.0,
        "Operating Expense": 420875000.0,
        "Research And Development": 86700000.0,
        "Selling General And Administration": 334175000.0,
        "Selling And Marketing Expense": 261914000.0,
        "General And Administrative Expense": 72261000.0,
        "Other Gand A": 72261000.0,
        "Gross Profit": 341558000.0,
        "Cost Of Revenue": 167474000.0,
        "Total Revenue": 509032000.0,
        "Operating Revenue": 483229000.0
    },
    "2022-06-30": {
        "Tax Effect Of Unusual Items": 0.0,
        "Tax Rate For Calcs": 0.4,
        "Normalized EBITDA": -157264000.0,
        "Total Unusual Items": NaN,
        "Total Unusual Items Excluding Goodwill": NaN,
        "Net Income From Continuing Operation Net Minority Interest": -159515000.0,
        "Reconciled Depreciation": 61272000.0,
        "Reconciled Cost Of Revenue": 158190000.0,
        "EBITDA": -157264000.0,
        "EBIT": -157264000.0,
        "Net Interest Income": -1203000.0,
        "Interest Expense": 1203000.0,
        "Normalized Income": -159515000.0,
        "Net Income From Continuing And Discontinued Operation": -159515000.0,
        "Total Expenses": 594660000.0,
        "Total Operating Income As Reported": -107764000.0,
        "Diluted Average Shares": 95130000.0,
        "Basic Average Shares": 95130000.0,
        "Diluted EPS": -1.68,
        "Basic EPS": -1.68,
        "Diluted NI Availto Com Stockholders": -159515000.0,
        "Net Income Common Stockholders": -159515000.0,
        "Net Income": -159515000.0,
        "Net Income Including Noncontrolling Interests": -159515000.0,
        "Net Income Continuous Operations": -159515000.0,
        "Tax Provision": 1048000.0,
        "Pretax Income": -158467000.0,
        "Other Income Expense": -49500000.0,
        "Other Non Operating Income Expenses": -49500000.0,
        "Special Income Charges": NaN,
        "Write Off": NaN,
        "Net Non Operating Interest Income Expense": -1203000.0,
        "Interest Expense Non Operating": 1203000.0,
        "Operating Income": -107764000.0,
        "Operating Expense": 436470000.0,
        "Research And Development": 96518000.0,
        "Selling General And Administration": 339952000.0,
        "Selling And Marketing Expense": 265398000.0,
        "General And Administrative Expense": 74554000.0,
        "Other Gand A": 74554000.0,
        "Gross Profit": 328706000.0,
        "Cost Of Revenue": 158190000.0,
        "Total Revenue": 486896000.0,
        "Operating Revenue": 462984000.0
    },
    "2022-03-31": {
        "Diluted EPS": -1.6,
        "Total Revenue": 468,
        "Gross Profit": 312,
        "Operating Income": -104,
        "EBIT": -18,
        "Net Income": -151
    },
    "2021-12-31": {
        "Diluted EPS": -1.28,
        "Total Revenue": 448,
        "Gross Profit": 312,
        "Operating Income": -103,
        "EBIT": -19,
        "Net Income": -118
    },
    "2021-09-30": {
        "Diluted EPS": -1.6,
        "Total Revenue": 415,
        "Gross Profit": 304,
        "Operating Income": -83,
        "EBIT": -20,
        "Net Income": -147
    },
    "2021-06-30": {
        "Diluted EPS": -1.22,
        "Total Revenue": 379,
        "Gross Profit": 274,
        "Operating Income": -73,
        "EBIT": -14,
        "Net Income": -111
    },
    "2021-03-31": {
        "Diluted EPS": 0.0,
        "Total Revenue": 352,
        "Gross Profit": 255,
        "Operating Income": -42,
        "EBIT": 14,
        "Net Income": 0
    },
    "2020-12-31": {
        "Diluted EPS": -0.01,
        "Total Revenue": 335,
        "Gross Profit": 243,
        "Operating Income": -29,
        "EBIT": 24,
        "Net Income": -2
    },
    "2020-09-30": {
        "Diluted EPS": -0.24,
        "Total Revenue": 304,
        "Gross Profit": 221,
        "Operating Income": -30,
        "EBIT": 14,
        "Net Income": -21
    },
    "2020-06-30": {
        "Diluted EPS": 0.01,
        "Total Revenue": 278,
        "Gross Profit": 201,
        "Operating Income": -29,
        "EBIT": 12,
        "Net Income": 1
    },
    "2020-03-31": {
        "Diluted EPS": -0.7,
        "Total Revenue": 268,
        "Gross Profit": 194,
        "Operating Income": -25,
        "EBIT": 8,
        "Net Income": -61
    },
    "2019-12-31": {
        "Diluted EPS": -0.3,
        "Total Revenue": 253,
        "Gross Profit": 186,
        "Operating Income": -20,
        "EBIT": 6,
        "Net Income": -25
    },
    "2019-09-30": {
        "Diluted EPS": -0.15,
        "Total Revenue": 233,
        "Gross Profit": 174,
        "Operating Income": -11,
        "EBIT": 12,
        "Net Income": -13
    },
    "2019-06-30": {
        "Diluted EPS": -0.11,
        "Total Revenue": 215,
        "Gross Profit": 162,
        "Operating Income": -7,
        "EBIT": 14,
        "Net Income": -9
    },
    "2019-03-31": {
        "Diluted EPS": -0.08,
        "Total Revenue": 201,
        "Gross Profit": 151,
        "Operating Income": -7,
        "EBIT": 11,
        "Net Income": -6
    },
    "2018-12-31": {
        "Diluted EPS": -0.08,
        "Total Revenue": 189,
        "Gross Profit": 145,
        "Operating Income": -3,
        "EBIT": 13,
        "Net Income": -6
    },
    "2018-09-30": {
        "Diluted EPS": -0.12,
        "Total Revenue": 174,
        "Gross Profit": 135,
        "Operating Income": -7,
        "EBIT": 9,
        "Net Income": -10
    },
    "2018-06-30": {
        "Diluted EPS": -0.1,
        "Total Revenue": 161,
        "Gross Profit": 123,
        "Operating Income": -5,
        "EBIT": 11,
        "Net Income": -8
    },
    "2018-03-31": {
        "Diluted EPS": -0.03,
        "Total Revenue": 150,
        "Gross Profit": 115,
        "Operating Income": -1,
        "EBIT": 10,
        "Net Income": -3
    },
    "2017-12-31": {
        "Diluted EPS": 0.0,
        "Total Revenue": 141,
        "Gross Profit": 108,
        "Operating Income": 0,
        "EBIT": 8,
        "Net Income": 0
    },
    "2017-09-30": {
        "Diluted EPS": 0.0,
        "Total Revenue": 130,
        "Gross Profit": 99,
        "Operating Income": 0,
        "EBIT": 7,
        "Net Income": 0
    },
    "2017-06-30": {
        "Diluted EPS": -0.03,
        "Total Revenue": 120,
        "Gross Profit": 90,
        "Operating Income": -3,
        "EBIT": 4,
        "Net Income": -2
    },
    "2017-03-31": {
        "Diluted EPS": -0.03,
        "Total Revenue": 112,
        "Gross Profit": 85,
        "Operating Income": -2,
        "EBIT": 4,
        "Net Income": -2
    },
    "2016-12-31": {
        "Diluted EPS": 0.09,
        "Total Revenue": 105,
        "Gross Profit": 81,
        "Operating Income": 6,
        "EBIT": 18,
        "Net Income": 6
    },
    "2016-09-30": {
        "Diluted EPS": -0.11,
        "Total Revenue": 97,
        "Gross Profit": 73,
        "Operating Income": -7,
        "EBIT": -3,
        "Net Income": -8
    },
    "2016-06-30": {
        "Diluted EPS": -0.11,
        "Total Revenue": 92,
        "Gross Profit": 69,
        "Operating Income": -6,
        "EBIT": -3,
        "Net Income": -8
    },
    "2016-03-31": {
        "Diluted EPS": -0.09,
        "Total Revenue": 87,
        "Gross Profit": 65,
        "Operating Income": -6,
        "EBIT": -3,
        "Net Income": -7
    },
    "2015-12-31": {
        "Diluted EPS": -0.1,
        "Total Revenue": 83,
        "Gross Profit": 61,
        "Operating Income": -6,
        "EBIT": -2,
        "Net Income": -7
    },
    "2015-09-30": {
        "Diluted EPS": -0.09,
        "Total Revenue": 77,
        "Gross Profit": 54,
        "Operating Income": -6,
        "EBIT": -2,
        "Net Income": -6
    },
    "2015-06-30": {
        "Diluted EPS": -0.12,
        "Total Revenue": 71,
        "Gross Profit": 49,
        "Operating Income": -10,
        "EBIT": -6,
        "Net Income": -8
    },
    "2015-03-31": {
        "Diluted EPS": -0.15,
        "Total Revenue": 65,
        "Gross Profit": 45,
        "Operating Income": -10,
        "EBIT": -6,
        "Net Income": -11
    },
    "2014-12-31": {
        "Diluted EPS": -0.14,
        "Total Revenue": 62,
        "Gross Profit": 42,
        "Operating Income": -9,
        "EBIT": -6,
        "Net Income": -10
    },
    "2014-09-30": {
        "Diluted EPS": -0.18,
        "Total Revenue": 57,
        "Gross Profit": 38,
        "Operating Income": -11,
        "EBIT": -8,
        "Net Income": -12
    },
    "2014-06-30": {
        "Diluted EPS": -0.2,
        "Total Revenue": 53,
        "Gross Profit": 33,
        "Operating Income": -13,
        "EBIT": -10,
        "Net Income": -13
    },
    "2014-03-31": {
        "Diluted EPS": -0.2,
        "Total Revenue": 48,
        "Gross Profit": 30,
        "Operating Income": -12,
        "EBIT": -10,
        "Net Income": -13
    },
    "2013-12-31": {
        "Diluted EPS": 0.02,
        "Total Revenue": 45,
        "Gross Profit": 28,
        "Operating Income": -10,
        "EBIT": -8,
        "Net Income": -13
    },
    "2013-09-30": {
        "Diluted EPS": -0.36,
        "Total Revenue": 42,
        "Gross Profit": 26,
        "Operating Income": -8,
        "EBIT": -6,
        "Net Income": -9
    },
    "2013-06-30": {
        "Diluted EPS": -0.6,
        "Total Revenue": 38,
        "Gross Profit": 23,
        "Operating Income": -13,
        "EBIT": -11,
        "Net Income": -14
    },
    "2013-03-31": {
        "Diluted EPS": -0.45,
        "Total Revenue": 36,
        "Gross Profit": 22,
        "Operating Income": -9,
        "EBIT": -7,
        "Net Income": -10
    },
    "2012-12-31": {
        "Diluted EPS": 0.0,
        "Total Revenue": NaN,
        "Gross Profit": NaN,
        "Operating Income": NaN,
        "EBIT": NaN,
        "Net Income": NaN
    },
    "2012-09-30": {
        "Diluted EPS": -0.43,
        "Total Revenue": 30,
        "Gross Profit": 18,
        "Operating Income": -9,
        "EBIT": -9,
        "Net Income": -10
    },
    "2011-12-31": {
        "Diluted EPS": 0.0,
        "Total Revenue": NaN,
        "Gross Profit": NaN,
        "Operating Income": NaN,
        "EBIT": NaN,
        "Net Income": NaN
    },
    "2010-12-31": {
        "Diluted EPS": 0.0,
        "Total Revenue": NaN,
        "Gross Profit": NaN,
        "Operating Income": NaN,
        "EBIT": NaN,
        "Net Income": NaN
    },
    "2023-06-30": {
        "Tax Effect Of Unusual Items": 0.0,
        "Tax Rate For Calcs": 0.21,
        "Normalized EBITDA": 48627000.0,
        "Total Unusual Items": NaN,
        "Total Unusual Items Excluding Goodwill": NaN,
        "Net Income From Continuing Operation Net Minority Interest": -21482000.0,
        "Reconciled Depreciation": 58038000.0,
        "Reconciled Cost Of Revenue": 164417000.0,
        "EBITDA": 48627000.0,
        "EBIT": -9411000.0,
        "Net Interest Income": -5118000.0,
        "Interest Expense": 5118000.0,
        "Normalized Income": -21482000.0,
        "Net Income From Continuing And Discontinued Operation": -21482000.0,
        "Total Expenses": 584367000.0,
        "Total Operating Income As Reported": -45062000.0,
        "Diluted Average Shares": 95339000.0,
        "Basic Average Shares": 95339000.0,
        "Diluted EPS": -0.23,
        "Basic EPS": -0.23,
        "Diluted NI Availto Com Stockholders": -21482000.0,
        "Net Income Common Stockholders": -21482000.0,
        "Net Income": -21482000.0,
        "Net Income Including Noncontrolling Interests": -21482000.0,
        "Net Income Continuous Operations": -21482000.0,
        "Tax Provision": 6953000.0,
        "Pretax Income": -14529000.0,
        "Other Income Expense": 35651000.0,
        "Other Non Operating Income Expenses": 35651000.0,
        "Special Income Charges": NaN,
        "Write Off": NaN,
        "Net Non Operating Interest Income Expense": -5118000.0,
        "Interest Expense Non Operating": 5118000.0,
        "Operating Income": -45062000.0,
        "Operating Expense": 419950000.0,
        "Research And Development": 80280000.0,
        "Selling General And Administration": 339670000.0,
        "Selling And Marketing Expense": 264443000.0,
        "General And Administrative Expense": 75227000.0,
        "Other Gand A": 75227000.0,
        "Gross Profit": 374888000.0,
        "Cost Of Revenue": 164417000.0,
        "Total Revenue": 539305000.0,
        "Operating Revenue": 513632000.0
    },
    "2023-09-30": {
        "Tax Effect Of Unusual Items": 0.0,
        "Tax Rate For Calcs": 0.08236,
        "Normalized EBITDA": 25433000.0,
        "Total Unusual Items": 0.0,
        "Total Unusual Items Excluding Goodwill": 0.0,
        "Net Income From Continuing Operation Net Minority Interest": -42116000.0,
        "Reconciled Depreciation": 59167000.0,
        "Reconciled Cost Of Revenue": 168974000.0,
        "EBITDA": 25433000.0,
        "EBIT": -33734000.0,
        "Net Interest Income": -12162000.0,
        "Interest Expense": 12162000.0,
        "Normalized Income": -42116000.0,
        "Net Income From Continuing And Discontinued Operation": -42116000.0,
        "Total Expenses": 612339000.0,
        "Total Operating Income As Reported": -54175000.0,
        "Diluted Average Shares": 94593000.0,
        "Basic Average Shares": 94593000.0,
        "Diluted EPS": -0.45,
        "Basic EPS": -0.45,
        "Diluted NI Availto Com Stockholders": -42116000.0,
        "Net Income Common Stockholders": -42116000.0,
        "Net Income": -42116000.0,
        "Net Income Including Noncontrolling Interests": -42116000.0,
        "Net Income Continuous Operations": -42116000.0,
        "Tax Provision": -3780000.0,
        "Pretax Income": -45896000.0,
        "Other Income Expense": 20441000.0,
        "Other Non Operating Income Expenses": 20441000.0,
        "Special Income Charges": 0.0,
        "Write Off": 0.0,
        "Net Non Operating Interest Income Expense": -12162000.0,
        "Interest Expense Non Operating": 12162000.0,
        "Operating Income": -54175000.0,
        "Operating Expense": 443365000.0,
        "Research And Development": 85444000.0,
        "Selling General And Administration": 357921000.0,
        "Selling And Marketing Expense": 270767000.0,
        "General And Administrative Expense": 87154000.0,
        "Other Gand A": 87154000.0,
        "Gross Profit": 389190000.0,
        "Cost Of Revenue": 168974000.0,
        "Total Revenue": 558164000.0,
        "Operating Revenue": 531030000.0
    },
    "2023-12-31": {
        "Tax Effect Of Unusual Items": 0.0,
        "Tax Rate For Calcs": 0.21,
        "Normalized EBITDA": 30616000.0,
        "Total Unusual Items": 0.0,
        "Total Unusual Items Excluding Goodwill": 0.0,
        "Net Income From Continuing Operation Net Minority Interest": -47243000.0,
        "Reconciled Depreciation": 59217000.0,
        "Reconciled Cost Of Revenue": 170224000.0,
        "EBITDA": 30616000.0,
        "EBIT": -28601000.0,
        "Net Interest Income": -16505000.0,
        "Interest Expense": 16505000.0,
        "Normalized Income": -47243000.0,
        "Net Income From Continuing And Discontinued Operation": -47243000.0,
        "Total Expenses": 616314000.0,
        "Total Operating Income As Reported": -45043000.0,
        "Diluted Average Shares": 94018000.0,
        "Basic Average Shares": 94018000.0,
        "Diluted EPS": -0.5,
        "Basic EPS": -0.5,
        "Diluted NI Availto Com Stockholders": -47243000.0,
        "Net Income Common Stockholders": -47243000.0,
        "Net Income": -47243000.0,
        "Net Income Including Noncontrolling Interests": -47243000.0,
        "Net Income Continuous Operations": -47243000.0,
        "Tax Provision": 2137000.0,
        "Pretax Income": -45106000.0,
        "Other Income Expense": 16442000.0,
        "Other Non Operating Income Expenses": 16442000.0,
        "Special Income Charges": 0.0,
        "Write Off": 0.0,
        "Net Non Operating Interest Income Expense": -16505000.0,
        "Interest Expense Non Operating": 16505000.0,
        "Operating Income": -45043000.0,
        "Operating Expense": 446090000.0,
        "Research And Development": 84886000.0,
        "Selling General And Administration": 361204000.0,
        "Selling And Marketing Expense": 272628000.0,
        "General And Administrative Expense": 88576000.0,
        "Other Gand A": 88576000.0,
        "Gross Profit": 401047000.0,
        "Cost Of Revenue": 170224000.0,
        "Total Revenue": 571271000.0,
        "Operating Revenue": 547373000.0
    }
}