{
    "2023-03-31": {
        "Tax Effect Of Unusual Items": 225000.0,
        "Tax Rate For Calcs": 0.225,
        "Normalized EBITDA": 18200000.0,
        "Total Unusual Items": 1000000.0,
        "Total Unusual Items Excluding Goodwill": 1000000.0,
        "Net Income From Continuing Operation Net Minority Interest": 6200000.0,
        "Reconciled Depreciation": 10000000.0,
        "Reconciled Cost Of Revenue": 140900000.0,
        "EBITDA": 19200000.0,
        "EBIT": 9200000.0,
        "Net Interest Income": -1200000.0,
        "Interest Expense": 1200000.0,
        "Normalized Income": 5425000.0,
        "Net Income From Continuing And Discontinued Operation": 6200000.0,
        "Total Expenses": 149300000.0,
        "Total Operating Income As Reported": 9200000.0,
        "Diluted Average Shares": 25209980.0,
        "Basic Average Shares": 24940335.0,
        "Diluted EPS": 0.25,
        "Basic EPS": 0.25,
        "Diluted NI Availto Com Stockholders": 6200000.0,
        "Net Income Common Stockholders": 6200000.0,
        "Net Income": 6200000.0,
        "Minority Interests": NaN,
        "Net Income Including Noncontrolling Interests": 6200000.0,
        "Net Income Continuous Operations": 6200000.0,
        "Tax Provision": 1800000.0,
        "Pretax Income": 8000000.0,
        "Other Income Expense": 1000000.0,
        "Special Income Charges": 1000000.0,
        "Gain On Sale Of Ppe": 1000000.0,
        "Other Special Charges": NaN,
        "Impairment Of Capital Assets": NaN,
        "Restructuring And Mergern Acquisition": NaN,
        "Net Non Operating Interest Income Expense": -1200000.0,
        "Interest Expense Non Operating": 1200000.0,
        "Operating Income": 8200000.0,
        "Operating Expense": 8400000.0,
        "Selling General And Administration": 8400000.0,
        "General And Administrative Expense": 8400000.0,
        "Other Gand A": 8400000.0,
        "Gross Profit": 16600000.0,
        "Cost Of Revenue": 140900000.0,
        "Total Revenue": 157500000.0,
        "Operating Revenue": 157500000.0
    },
    "2022-12-31": {
        "Tax Effect Of Unusual Items": NaN,
        "Tax Rate For Calcs": NaN,
        "Normalized EBITDA": NaN,
        "Total Unusual Items": NaN,
        "Total Unusual Items Excluding Goodwill": NaN,
        "Net Income From Continuing Operation Net Minority Interest": NaN,
        "Reconciled Depreciation": NaN,
        "Reconciled Cost Of Revenue": NaN,
        "EBITDA": NaN,
        "EBIT": NaN,
        "Net Interest Income": NaN,
        "Interest Expense": NaN,
        "Normalized Income": NaN,
        "Net Income From Continuing And Discontinued Operation": NaN,
        "Total Expenses": NaN,
        "Total Operating Income As Reported": NaN,
        "Diluted Average Shares": NaN,
        "Basic Average Shares": NaN,
        "Diluted EPS": NaN,
        "Basic EPS": NaN,
        "Diluted NI Availto Com Stockholders": NaN,
        "Net Income Common Stockholders": NaN,
        "Net Income": NaN,
        "Minority Interests": 0.0,
        "Net Income Including Noncontrolling Interests": NaN,
        "Net Income Continuous Operations": NaN,
        "Tax Provision": NaN,
        "Pretax Income": NaN,
        "Other Income Expense": NaN,
        "Special Income Charges": NaN,
        "Gain On Sale Of Ppe": NaN,
        "Other Special Charges": NaN,
        "Impairment Of Capital Assets": 0.0,
        "Restructuring And Mergern Acquisition": 0.0,
        "Net Non Operating Interest Income Expense": NaN,
        "Interest Expense Non Operating": NaN,
        "Operating Income": NaN,
        "Operating Expense": NaN,
        "Selling General And Administration": NaN,
        "General And Administrative Expense": NaN,
        "Other Gand A": NaN,
        "Gross Profit": NaN,
        "Cost Of Revenue": NaN,
        "Total Revenue": NaN,
        "Operating Revenue": NaN
    },
    "2022-09-30": {
        "Tax Effect Of Unusual Items": NaN,
        "Tax Rate For Calcs": NaN,
        "Normalized EBITDA": NaN,
        "Total Unusual Items": NaN,
        "Total Unusual Items Excluding Goodwill": NaN,
        "Net Income From Continuing Operation Net Minority Interest": NaN,
        "Reconciled Depreciation": NaN,
        "Reconciled Cost Of Revenue": NaN,
        "EBITDA": NaN,
        "EBIT": NaN,
        "Net Interest Income": NaN,
        "Interest Expense": NaN,
        "Normalized Income": NaN,
        "Net Income From Continuing And Discontinued Operation": NaN,
        "Total Expenses": NaN,
        "Total Operating Income As Reported": NaN,
        "Diluted Average Shares": NaN,
        "Basic Average Shares": NaN,
        "Diluted EPS": NaN,
        "Basic EPS": NaN,
        "Diluted NI Availto Com Stockholders": NaN,
        "Net Income Common Stockholders": NaN,
        "Net Income": NaN,
        "Minority Interests": 0.0,
        "Net Income Including Noncontrolling Interests": NaN,
        "Net Income Continuous Operations": NaN,
        "Tax Provision": NaN,
        "Pretax Income": NaN,
        "Other Income Expense": NaN,
        "Special Income Charges": NaN,
        "Gain On Sale Of Ppe": NaN,
        "Other Special Charges": NaN,
        "Impairment Of Capital Assets": 200000.0,
        "Restructuring And Mergern Acquisition": -800000.0,
        "Net Non Operating Interest Income Expense": NaN,
        "Interest Expense Non Operating": NaN,
        "Operating Income": NaN,
        "Operating Expense": NaN,
        "Selling General And Administration": NaN,
        "General And Administrative Expense": NaN,
        "Other Gand A": NaN,
        "Gross Profit": NaN,
        "Cost Of Revenue": NaN,
        "Total Revenue": NaN,
        "Operating Revenue": NaN
    },
    "2022-06-30": {
        "Tax Effect Of Unusual Items": 240000.0,
        "Tax Rate For Calcs": 0.4,
        "Normalized EBITDA": 0.0,
        "Total Unusual Items": 600000.0,
        "Total Unusual Items Excluding Goodwill": 600000.0,
        "Net Income From Continuing Operation Net Minority Interest": -400000.0,
        "Reconciled Depreciation": 11400000.0,
        "Reconciled Cost Of Revenue": 141400000.0,
        "EBITDA": 600000.0,
        "EBIT": 600000.0,
        "Net Interest Income": -1800000.0,
        "Interest Expense": 1800000.0,
        "Normalized Income": -760000.0,
        "Net Income From Continuing And Discontinued Operation": -400000.0,
        "Total Expenses": 153600000.0,
        "Total Operating Income As Reported": -2200000.0,
        "Diluted Average Shares": 23581466.0,
        "Basic Average Shares": 23581466.0,
        "Diluted EPS": -0.02,
        "Basic EPS": -0.02,
        "Diluted NI Availto Com Stockholders": -400000.0,
        "Net Income Common Stockholders": -400000.0,
        "Net Income": -400000.0,
        "Minority Interests": 0.0,
        "Net Income Including Noncontrolling Interests": -400000.0,
        "Net Income Continuous Operations": -400000.0,
        "Tax Provision": -800000.0,
        "Pretax Income": -1200000.0,
        "Other Income Expense": 600000.0,
        "Special Income Charges": 600000.0,
        "Gain On Sale Of Ppe": -1100000.0,
        "Other Special Charges": NaN,
        "Impairment Of Capital Assets": 1100000.0,
        "Restructuring And Mergern Acquisition": -2800000.0,
        "Net Non Operating Interest Income Expense": -1800000.0,
        "Interest Expense Non Operating": 1800000.0,
        "Operating Income": 0.0,
        "Operating Expense": 12200000.0,
        "Selling General And Administration": 12200000.0,
        "General And Administrative Expense": 12200000.0,
        "Other Gand A": 12200000.0,
        "Gross Profit": 12200000.0,
        "Cost Of Revenue": 141400000.0,
        "Total Revenue": 153600000.0,
        "Operating Revenue": 153600000.0
    },
    "2022-03-31": {
        "Diluted EPS": -0.31,
        "Total Revenue": 124,
        "Gross Profit": 16,
        "Operating Income": -5,
        "EBIT": 6,
        "Net Income": -6
    },
    "2021-12-31": {
        "Diluted EPS": 2.27,
        "Total Revenue": 123,
        "Gross Profit": 12,
        "Operating Income": -17,
        "EBIT": -5,
        "Net Income": 24
    },
    "2021-09-30": {
        "Diluted EPS": -0.51,
        "Total Revenue": 82,
        "Gross Profit": 8,
        "Operating Income": -8,
        "EBIT": 1,
        "Net Income": -6
    },
    "2021-06-30": {
        "Diluted EPS": -0.59,
        "Total Revenue": 50,
        "Gross Profit": 6,
        "Operating Income": -9,
        "EBIT": 0,
        "Net Income": -6
    },
    "2021-03-31": {
        "Diluted EPS": -0.54,
        "Total Revenue": 38,
        "Gross Profit": 4,
        "Operating Income": -7,
        "EBIT": 1,
        "Net Income": -5
    },
    "2020-12-31": {
        "Diluted EPS": -0.4,
        "Total Revenue": 42,
        "Gross Profit": 7,
        "Operating Income": -8,
        "EBIT": 0,
        "Net Income": -4
    },
    "2020-09-30": {
        "Diluted EPS": -0.38,
        "Total Revenue": 35,
        "Gross Profit": 8,
        "Operating Income": -5,
        "EBIT": 3,
        "Net Income": -3
    },
    "2020-06-30": {
        "Diluted EPS": -0.58,
        "Total Revenue": 31,
        "Gross Profit": 7,
        "Operating Income": -8,
        "EBIT": 1,
        "Net Income": -5
    },
    "2020-03-31": {
        "Diluted EPS": 0.15,
        "Total Revenue": 81,
        "Gross Profit": 18,
        "Operating Income": 4,
        "EBIT": 13,
        "Net Income": 2
    },
    "2019-12-31": {
        "Diluted EPS": -0.02,
        "Total Revenue": 80,
        "Gross Profit": 17,
        "Operating Income": 2,
        "EBIT": 11,
        "Net Income": -1
    },
    "2019-09-30": {
        "Diluted EPS": -0.06,
        "Total Revenue": 84,
        "Gross Profit": 17,
        "Operating Income": 2,
        "EBIT": 11,
        "Net Income": -1
    },
    "2019-06-30": {
        "Diluted EPS": 0.1,
        "Total Revenue": 84,
        "Gross Profit": 19,
        "Operating Income": 4,
        "EBIT": 12,
        "Net Income": 1
    },
    "2019-03-31": {
        "Diluted EPS": 0.19,
        "Total Revenue": 88,
        "Gross Profit": 21,
        "Operating Income": 5,
        "EBIT": 14,
        "Net Income": 2
    },
    "2018-12-31": {
        "Diluted EPS": 0.13,
        "Total Revenue": 85,
        "Gross Profit": 20,
        "Operating Income": 3,
        "EBIT": 13,
        "Net Income": 1
    },
    "2018-09-30": {
        "Diluted EPS": 0.24,
        "Total Revenue": 82,
        "Gross Profit": 19,
        "Operating Income": 4,
        "EBIT": 12,
        "Net Income": 2
    },
    "2018-06-30": {
        "Diluted EPS": -0.08,
        "Total Revenue": 73,
        "Gross Profit": 16,
        "Operating Income": 1,
        "EBIT": 8,
        "Net Income": -1
    },
    "2018-03-31": {
        "Diluted EPS": -0.68,
        "Total Revenue": 63,
        "Gross Profit": 11,
        "Operating Income": -11,
        "EBIT": -5,
        "Net Income": -6
    },
    "2017-12-31": {
        "Diluted EPS": -0.36,
        "Total Revenue": 50,
        "Gross Profit": 8,
        "Operating Income": -5,
        "EBIT": 1,
        "Net Income": -3
    },
    "2017-09-30": {
        "Diluted EPS": -0.42,
        "Total Revenue": 41,
        "Gross Profit": 7,
        "Operating Income": -5,
        "EBIT": -1,
        "Net Income": -4
    },
    "2017-06-30": {
        "Diluted EPS": 0.0,
        "Total Revenue": 34,
        "Gross Profit": 8,
        "Operating Income": -5,
        "EBIT": -1,
        "Net Income": NaN
    },
    "2017-03-31": {
        "Diluted EPS": 0.0,
        "Total Revenue": 29,
        "Gross Profit": 5,
        "Operating Income": -6,
        "EBIT": -2,
        "Net Income": NaN
    },
    "2016-12-31": {
        "Diluted EPS": 0.0,
        "Total Revenue": 26,
        "Gross Profit": 6,
        "Operating Income": -3,
        "EBIT": 1,
        "Net Income": 2
    },
    "2016-09-30": {
        "Diluted EPS": 0.0,
        "Total Revenue": 16,
        "Gross Profit": 4,
        "Operating Income": 0,
        "EBIT": 2,
        "Net Income": NaN
    },
    "2016-06-30": {
        "Diluted EPS": 0.0,
        "Total Revenue": 6,
        "Gross Profit": 2,
        "Operating Income": -1,
        "EBIT": 0,
        "Net Income": -1
    },
    "2016-03-31": {
        "Diluted EPS": 0.0,
        "Total Revenue": 5,
        "Gross Profit": 1,
        "Operating Income": -1,
        "EBIT": 0,
        "Net Income": -1
    },
    "2015-12-31": {
        "Diluted EPS": 0.0,
        "Total Revenue": NaN,
        "Gross Profit": NaN,
        "Operating Income": NaN,
        "EBIT": NaN,
        "Net Income": NaN
    },
    "2023-06-30": {
        "Tax Effect Of Unusual Items": NaN,
        "Tax Rate For Calcs": NaN,
        "Normalized EBITDA": NaN,
        "Total Unusual Items": NaN,
        "Total Unusual Items Excluding Goodwill": NaN,
        "Net Income From Continuing Operation Net Minority Interest": NaN,
        "Reconciled Depreciation": NaN,
        "Reconciled Cost Of Revenue": NaN,
        "EBITDA": NaN,
        "EBIT": NaN,
        "Net Interest Income": NaN,
        "Interest Expense": NaN,
        "Normalized Income": NaN,
        "Net Income From Continuing And Discontinued Operation": NaN,
        "Total Expenses": NaN,
        "Total Operating Income As Reported": NaN,
        "Diluted Average Shares": NaN,
        "Basic Average Shares": NaN,
        "Diluted EPS": NaN,
        "Basic EPS": NaN,
        "Diluted NI Availto Com Stockholders": NaN,
        "Net Income Common Stockholders": NaN,
        "Net Income": NaN,
        "Net Income Including Noncontrolling Interests": NaN,
        "Net Income Continuous Operations": NaN,
        "Tax Provision": NaN,
        "Pretax Income": NaN,
        "Other Income Expense": NaN,
        "Special Income Charges": NaN,
        "Gain On Sale Of Ppe": NaN,
        "Other Special Charges": 2400000.0,
        "Impairment Of Capital Assets": 0.0,
        "Restructuring And Mergern Acquisition": 0.0,
        "Net Non Operating Interest Income Expense": NaN,
        "Interest Expense Non Operating": NaN,
        "Operating Income": NaN,
        "Operating Expense": NaN,
        "Selling General And Administration": NaN,
        "General And Administrative Expense": NaN,
        "Other Gand A": NaN,
        "Gross Profit": NaN,
        "Cost Of Revenue": NaN,
        "Total Revenue": NaN,
        "Operating Revenue": NaN
    },
    "2023-09-30": {
        "Tax Effect Of Unusual Items": -43636.363636,
        "Tax Rate For Calcs": 0.145455,
        "Normalized EBITDA": 22600000.0,
        "Total Unusual Items": -300000.0,
        "Total Unusual Items Excluding Goodwill": -300000.0,
        "Net Income From Continuing Operation Net Minority Interest": 9400000.0,
        "Reconciled Depreciation": 10600000.0,
        "Reconciled Cost Of Revenue": 145400000.0,
        "EBITDA": 22300000.0,
        "EBIT": 11700000.0,
        "Net Interest Income": -700000.0,
        "Interest Expense": 700000.0,
        "Normalized Income": 9656363.636364,
        "Net Income From Continuing And Discontinued Operation": 9400000.0,
        "Total Expenses": 152400000.0,
        "Total Operating Income As Reported": 11700000.0,
        "Diluted Average Shares": 24887275.0,
        "Basic Average Shares": 24500607.0,
        "Diluted EPS": 0.38,
        "Basic EPS": 0.38,
        "Diluted NI Availto Com Stockholders": 9400000.0,
        "Net Income Common Stockholders": 9400000.0,
        "Net Income": 9400000.0,
        "Net Income Including Noncontrolling Interests": 9400000.0,
        "Net Income Continuous Operations": 9400000.0,
        "Tax Provision": 1600000.0,
        "Pretax Income": 11000000.0,
        "Other Income Expense": -300000.0,
        "Special Income Charges": -300000.0,
        "Gain On Sale Of Ppe": 100000.0,
        "Other Special Charges": NaN,
        "Impairment Of Capital Assets": 400000.0,
        "Restructuring And Mergern Acquisition": 0.0,
        "Net Non Operating Interest Income Expense": -700000.0,
        "Interest Expense Non Operating": 700000.0,
        "Operating Income": 12000000.0,
        "Operating Expense": 7000000.0,
        "Selling General And Administration": 7000000.0,
        "General And Administrative Expense": 7000000.0,
        "Other Gand A": 7000000.0,
        "Gross Profit": 19000000.0,
        "Cost Of Revenue": 145400000.0,
        "Total Revenue": 164400000.0,
        "Operating Revenue": 164400000.0
    },
    "2023-12-31": {
        "Tax Effect Of Unusual Items": 42000.0,
        "Tax Rate For Calcs": 0.21,
        "Normalized EBITDA": 15000000.0,
        "Total Unusual Items": 200000.0,
        "Total Unusual Items Excluding Goodwill": 200000.0,
        "Net Income From Continuing Operation Net Minority Interest": 2100000.0,
        "Reconciled Depreciation": 10600000.0,
        "Reconciled Cost Of Revenue": 140300000.0,
        "EBITDA": 15200000.0,
        "EBIT": 4600000.0,
        "Net Interest Income": -700000.0,
        "Interest Expense": 700000.0,
        "Normalized Income": 1942000.0,
        "Net Income From Continuing And Discontinued Operation": 2100000.0,
        "Total Expenses": 147100000.0,
        "Total Operating Income As Reported": 4600000.0,
        "Diluted Average Shares": 24537046.0,
        "Basic Average Shares": 24129081.0,
        "Diluted EPS": 0.09,
        "Basic EPS": 0.09,
        "Diluted NI Availto Com Stockholders": 2100000.0,
        "Net Income Common Stockholders": 2100000.0,
        "Net Income": 2100000.0,
        "Net Income Including Noncontrolling Interests": 2100000.0,
        "Net Income Continuous Operations": 2100000.0,
        "Tax Provision": 1800000.0,
        "Pretax Income": 3900000.0,
        "Other Income Expense": 200000.0,
        "Special Income Charges": 200000.0,
        "Gain On Sale Of Ppe": 200000.0,
        "Other Special Charges": 0.0,
        "Impairment Of Capital Assets": 0.0,
        "Restructuring And Mergern Acquisition": 0.0,
        "Net Non Operating Interest Income Expense": -700000.0,
        "Interest Expense Non Operating": 700000.0,
        "Operating Income": 4400000.0,
        "Operating Expense": 6800000.0,
        "Selling General And Administration": 6800000.0,
        "General And Administrative Expense": 6800000.0,
        "Other Gand A": 6800000.0,
        "Gross Profit": 11200000.0,
        "Cost Of Revenue": 140300000.0,
        "Total Revenue": 151500000.0,
        "Operating Revenue": 151500000.0
    },
    "2024-03-31": {
        "Tax Effect Of Unusual Items": 500000.0,
        "Tax Rate For Calcs": 0.384615,
        "Normalized EBITDA": 9400000.0,
        "Total Unusual Items": 1300000.0,
        "Total Unusual Items Excluding Goodwill": 1300000.0,
        "Net Income From Continuing Operation Net Minority Interest": -800000.0,
        "Reconciled Depreciation": 11200000.0,
        "Reconciled Cost Of Revenue": 132000000.0,
        "EBITDA": 10700000.0,
        "EBIT": -500000.0,
        "Net Interest Income": -800000.0,
        "Interest Expense": 800000.0,
        "Normalized Income": -1600000.0,
        "Net Income From Continuing And Discontinued Operation": -800000.0,
        "Total Expenses": 138700000.0,
        "Total Operating Income As Reported": -500000.0,
        "Diluted Average Shares": 22922284.0,
        "Basic Average Shares": 22738286.0,
        "Diluted EPS": -0.04,
        "Basic EPS": -0.04,
        "Diluted NI Availto Com Stockholders": -800000.0,
        "Net Income Common Stockholders": -800000.0,
        "Net Income": -800000.0,
        "Net Income Including Noncontrolling Interests": -800000.0,
        "Net Income Continuous Operations": -800000.0,
        "Tax Provision": -500000.0,
        "Pretax Income": -1300000.0,
        "Other Income Expense": 1300000.0,
        "Special Income Charges": 1300000.0,
        "Gain On Sale Of Ppe": 1300000.0,
        "Other Special Charges": NaN,
        "Impairment Of Capital Assets": NaN,
        "Restructuring And Mergern Acquisition": NaN,
        "Net Non Operating Interest Income Expense": -800000.0,
        "Interest Expense Non Operating": 800000.0,
        "Operating Income": -1800000.0,
        "Operating Expense": 6700000.0,
        "Selling General And Administration": 6700000.0,
        "General And Administrative Expense": 6700000.0,
        "Other Gand A": 6700000.0,
        "Gross Profit": 4900000.0,
        "Cost Of Revenue": 132000000.0,
        "Total Revenue": 136900000.0,
        "Operating Revenue": 136900000.0
    },
    "2024-06-30": {
        "Tax Effect Of Unusual Items": 89552.238806,
        "Tax Rate For Calcs": 0.298507,
        "Normalized EBITDA": 18000000.0,
        "Total Unusual Items": 300000.0,
        "Total Unusual Items Excluding Goodwill": 300000.0,
        "Net Income From Continuing Operation Net Minority Interest": 4700000.0,
        "Reconciled Depreciation": 11000000.0,
        "Reconciled Cost Of Revenue": 124200000.0,
        "EBITDA": 18300000.0,
        "EBIT": 7300000.0,
        "Net Interest Income": -600000.0,
        "Interest Expense": 600000.0,
        "Normalized Income": 4489552.238806,
        "Net Income From Continuing And Discontinued Operation": 4700000.0,
        "Total Expenses": 131100000.0,
        "Total Operating Income As Reported": 7300000.0,
        "Diluted Average Shares": 22480448.0,
        "Basic Average Shares": 22364422.0,
        "Diluted EPS": 0.21,
        "Basic EPS": 0.21,
        "Diluted NI Availto Com Stockholders": 4700000.0,
        "Net Income Common Stockholders": 4700000.0,
        "Net Income": 4700000.0,
        "Net Income Including Noncontrolling Interests": 4700000.0,
        "Net Income Continuous Operations": 4700000.0,
        "Tax Provision": 2000000.0,
        "Pretax Income": 6700000.0,
        "Other Income Expense": 300000.0,
        "Special Income Charges": 300000.0,
        "Gain On Sale Of Ppe": 300000.0,
        "Other Special Charges": NaN,
        "Impairment Of Capital Assets": NaN,
        "Restructuring And Mergern Acquisition": NaN,
        "Net Non Operating Interest Income Expense": -600000.0,
        "Interest Expense Non Operating": 600000.0,
        "Operating Income": 7000000.0,
        "Operating Expense": 6900000.0,
        "Selling General And Administration": 6900000.0,
        "General And Administrative Expense": 6900000.0,
        "Other Gand A": 6900000.0,
        "Gross Profit": 13900000.0,
        "Cost Of Revenue": 124200000.0,
        "Total Revenue": 138100000.0,
        "Operating Revenue": 138100000.0
    },
    "2024-09-30": {
        "Tax Effect Of Unusual Items": 28688.52459,
        "Tax Rate For Calcs": 0.286885,
        "Normalized EBITDA": 23900000.0,
        "Total Unusual Items": 100000.0,
        "Total Unusual Items Excluding Goodwill": 100000.0,
        "Net Income From Continuing Operation Net Minority Interest": 8700000.0,
        "Reconciled Depreciation": 11100000.0,
        "Reconciled Cost Of Revenue": 133100000.0,
        "EBITDA": 24000000.0,
        "EBIT": 12900000.0,
        "Net Interest Income": -700000.0,
        "Interest Expense": 700000.0,
        "Normalized Income": 8628688.52459,
        "Net Income From Continuing And Discontinued Operation": 8700000.0,
        "Total Expenses": 140200000.0,
        "Total Operating Income As Reported": 12900000.0,
        "Diluted Average Shares": 22494453.0,
        "Basic Average Shares": 22241847.0,
        "Diluted EPS": 0.39,
        "Basic EPS": 0.39,
        "Diluted NI Availto Com Stockholders": 8700000.0,
        "Net Income Common Stockholders": 8700000.0,
        "Net Income": 8700000.0,
        "Net Income Including Noncontrolling Interests": 8700000.0,
        "Net Income Continuous Operations": 8700000.0,
        "Tax Provision": 3500000.0,
        "Pretax Income": 12200000.0,
        "Other Income Expense": 100000.0,
        "Special Income Charges": 100000.0,
        "Gain On Sale Of Ppe": 100000.0,
        "Other Special Charges": NaN,
        "Impairment Of Capital Assets": 0.0,
        "Restructuring And Mergern Acquisition": NaN,
        "Net Non Operating Interest Income Expense": -700000.0,
        "Interest Expense Non Operating": 700000.0,
        "Operating Income": 12800000.0,
        "Operating Expense": 7100000.0,
        "Selling General And Administration": 7100000.0,
        "General And Administrative Expense": 7100000.0,
        "Other Gand A": 7100000.0,
        "Gross Profit": 19900000.0,
        "Cost Of Revenue": 133100000.0,
        "Total Revenue": 153000000.0,
        "Operating Revenue": 153000000.0
    }
}