{
    "2023-06-30": {
        "Tax Effect Of Unusual Items": 0.0,
        "Tax Rate For Calcs": 0.015607,
        "Net Income From Continuing Operation Net Minority Interest": 199869000.0,
        "Reconciled Depreciation": NaN,
        "EBIT": 395613000.0,
        "Net Interest Income": -14895000.0,
        "Interest Expense": 14895000.0,
        "Normalized Income": 199869000.0,
        "Net Income From Continuing And Discontinued Operation": 199869000.0,
        "Total Expenses": 1464813000.0,
        "Diluted Average Shares": 45990000.0,
        "Basic Average Shares": 45898000.0,
        "Diluted EPS": 4.09,
        "Basic EPS": 4.1,
        "Diluted NI Availto Com Stockholders": 191025000.0,
        "Net Income Common Stockholders": 191025000.0,
        "Otherunder Preferred Stock Dividend": NaN,
        "Preferred Stock Dividends": 8844000.0,
        "Net Income": 199869000.0,
        "Minority Interests": -174907000.0,
        "Net Income Including Noncontrolling Interests": 374776000.0,
        "Net Income Continuous Operations": 374776000.0,
        "Tax Provision": 5942000.0,
        "Pretax Income": 380718000.0,
        "Other Income Expense": 3876000.0,
        "Net Non Operating Interest Income Expense": -14895000.0,
        "Interest Expense Non Operating": 14895000.0,
        "Other Operating Expenses": 103862000.0,
        "Selling General And Administration": NaN,
        "General And Administrative Expense": NaN,
        "Other Gand A": NaN,
        "Total Revenue": 1845531000.0,
        "Operating Revenue": 1845531000.0
    },
    "2023-03-31": {
        "Tax Effect Of Unusual Items": 0.0,
        "Tax Rate For Calcs": 0.033252,
        "Net Income From Continuing Operation Net Minority Interest": 572906000.0,
        "Reconciled Depreciation": -32948000.0,
        "EBIT": 881326000.0,
        "Net Interest Income": -12134000.0,
        "Interest Expense": 12134000.0,
        "Normalized Income": 572906000.0,
        "Net Income From Continuing And Discontinued Operation": 572906000.0,
        "Total Expenses": 1326378000.0,
        "Diluted Average Shares": 43006000.0,
        "Basic Average Shares": 42876000.0,
        "Diluted EPS": 12.91,
        "Basic EPS": 12.95,
        "Diluted NI Availto Com Stockholders": 564062000.0,
        "Net Income Common Stockholders": 564062000.0,
        "Otherunder Preferred Stock Dividend": 8854000.0,
        "Preferred Stock Dividends": 8844000.0,
        "Net Income": 572906000.0,
        "Minority Interests": -267384000.0,
        "Net Income Including Noncontrolling Interests": 840290000.0,
        "Net Income Continuous Operations": 840290000.0,
        "Tax Provision": 28902000.0,
        "Pretax Income": 869192000.0,
        "Other Income Expense": -4306000.0,
        "Net Non Operating Interest Income Expense": -12134000.0,
        "Interest Expense Non Operating": 12134000.0,
        "Other Operating Expenses": 90317000.0,
        "Selling General And Administration": 90317000.0,
        "General And Administrative Expense": 90317000.0,
        "Other Gand A": 90317000.0,
        "Total Revenue": 2195570000.0,
        "Operating Revenue": 2195570000.0
    },
    "2022-12-31": {
        "Tax Effect Of Unusual Items": 0.0,
        "Tax Rate For Calcs": 0.00774,
        "Net Income From Continuing Operation Net Minority Interest": 456936000.0,
        "Reconciled Depreciation": -25730000.0,
        "EBIT": 711125000.0,
        "Net Interest Income": -12384000.0,
        "Interest Expense": 12384000.0,
        "Normalized Income": 456936000.0,
        "Net Income From Continuing And Discontinued Operation": 456936000.0,
        "Total Expenses": 1323262000.0,
        "Diluted Average Shares": 42914000.0,
        "Basic Average Shares": 42795000.0,
        "Diluted EPS": 10.27,
        "Basic EPS": 10.3,
        "Diluted NI Availto Com Stockholders": 448092000.0,
        "Net Income Common Stockholders": 448092000.0,
        "Otherunder Preferred Stock Dividend": 266000.0,
        "Preferred Stock Dividends": 8844000.0,
        "Net Income": 456936000.0,
        "Minority Interests": -236397000.0,
        "Net Income Including Noncontrolling Interests": 693333000.0,
        "Net Income Continuous Operations": 693333000.0,
        "Tax Provision": 5408000.0,
        "Pretax Income": 698741000.0,
        "Other Income Expense": 7686000.0,
        "Net Non Operating Interest Income Expense": -12384000.0,
        "Interest Expense Non Operating": 12384000.0,
        "Other Operating Expenses": 83241000.0,
        "Selling General And Administration": 83241000.0,
        "General And Administrative Expense": 83241000.0,
        "Other Gand A": 83241000.0,
        "Total Revenue": 2022003000.0,
        "Operating Revenue": 2022003000.0
    },
    "2022-09-30": {
        "Tax Effect Of Unusual Items": 0.0,
        "Tax Rate For Calcs": 0.4,
        "Net Income From Continuing Operation Net Minority Interest": -816501000.0,
        "Reconciled Depreciation": -10803000.0,
        "EBIT": -1174015000.0,
        "Net Interest Income": -12101000.0,
        "Interest Expense": 12101000.0,
        "Normalized Income": -816501000.0,
        "Net Income From Continuing And Discontinued Operation": -816501000.0,
        "Total Expenses": 2470881000.0,
        "Diluted Average Shares": 42837000.0,
        "Basic Average Shares": 42837000.0,
        "Diluted EPS": -19.27,
        "Basic EPS": -19.27,
        "Diluted NI Availto Com Stockholders": -825344000.0,
        "Net Income Common Stockholders": -825344000.0,
        "Otherunder Preferred Stock Dividend": 306000.0,
        "Preferred Stock Dividends": 8843000.0,
        "Net Income": -816501000.0,
        "Minority Interests": 372429000.0,
        "Net Income Including Noncontrolling Interests": -1188930000.0,
        "Net Income Continuous Operations": -1188930000.0,
        "Tax Provision": 2814000.0,
        "Pretax Income": -1186116000.0,
        "Other Income Expense": 2834000.0,
        "Net Non Operating Interest Income Expense": -12101000.0,
        "Interest Expense Non Operating": 12101000.0,
        "Other Operating Expenses": 74944000.0,
        "Selling General And Administration": 74944000.0,
        "General And Administrative Expense": 74944000.0,
        "Other Gand A": 74944000.0,
        "Total Revenue": 1284765000.0,
        "Operating Revenue": 1284765000.0
    },
    "2022-06-30": {
        "Tax Effect Of Unusual Items": 0.0,
        "Tax Rate For Calcs": 0.102714,
        "Net Income From Continuing Operation Net Minority Interest": -316069000.0,
        "Reconciled Depreciation": 18920000.0,
        "EBIT": -285377000.0,
        "Net Interest Income": -11895000.0,
        "Interest Expense": 11895000.0,
        "Normalized Income": -316069000.0,
        "Net Income From Continuing And Discontinued Operation": -316069000.0,
        "Total Expenses": 1156861000.0,
        "Diluted Average Shares": 43170000.0,
        "Basic Average Shares": 43170000.0,
        "Diluted EPS": -7.53,
        "Basic EPS": -7.53,
        "Diluted NI Availto Com Stockholders": -324913000.0,
        "Net Income Common Stockholders": -324913000.0,
        "Otherunder Preferred Stock Dividend": 272000.0,
        "Preferred Stock Dividends": 8844000.0,
        "Net Income": -316069000.0,
        "Minority Interests": -49331000.0,
        "Net Income Including Noncontrolling Interests": -266738000.0,
        "Net Income Continuous Operations": -266738000.0,
        "Tax Provision": -30534000.0,
        "Pretax Income": -297272000.0,
        "Other Income Expense": 923000.0,
        "Net Non Operating Interest Income Expense": -11895000.0,
        "Interest Expense Non Operating": 11895000.0,
        "Other Operating Expenses": 84872000.0,
        "Selling General And Administration": 84872000.0,
        "General And Administrative Expense": 84872000.0,
        "Other Gand A": 84872000.0,
        "Total Revenue": 859589000.0,
        "Operating Revenue": 859589000.0
    },
    "2022-03-31": {
        "Diluted EPS": -9.1,
        "Total Revenue": 876,
        "Gross Profit": -342,
        "Operating Income": -434,
        "EBIT": -432,
        "Net Income": -395
    },
    "2021-12-31": {
        "Diluted EPS": 4.7,
        "Total Revenue": NaN,
        "Gross Profit": 369,
        "Operating Income": 307,
        "EBIT": 314,
        "Net Income": 216
    },
    "2021-09-30": {
        "Diluted EPS": -9.75,
        "Total Revenue": NaN,
        "Gross Profit": -581,
        "Operating Income": -663,
        "EBIT": -659,
        "Net Income": -450
    },
    "2021-06-30": {
        "Diluted EPS": 9.35,
        "Total Revenue": NaN,
        "Gross Profit": 672,
        "Operating Income": 592,
        "EBIT": 594,
        "Net Income": 451
    },
    "2021-03-31": {
        "Diluted EPS": -5.87,
        "Total Revenue": 862,
        "Gross Profit": -272,
        "Operating Income": -350,
        "EBIT": -336,
        "Net Income": -291
    },
    "2020-12-31": {
        "Diluted EPS": 3.63,
        "Total Revenue": NaN,
        "Gross Profit": 256,
        "Operating Income": 182,
        "EBIT": 212,
        "Net Income": 189
    },
    "2020-09-30": {
        "Diluted EPS": 0.94,
        "Total Revenue": NaN,
        "Gross Profit": 175,
        "Operating Income": 66,
        "EBIT": 85,
        "Net Income": 47
    },
    "2020-06-30": {
        "Diluted EPS": 12.63,
        "Total Revenue": NaN,
        "Gross Profit": 805,
        "Operating Income": 732,
        "EBIT": 739,
        "Net Income": 568
    },
    "2020-03-31": {
        "Diluted EPS": -1.89,
        "Total Revenue": 896,
        "Gross Profit": 115,
        "Operating Income": 16,
        "EBIT": 27,
        "Net Income": -82
    },
    "2019-12-31": {
        "Diluted EPS": 0.68,
        "Total Revenue": NaN,
        "Gross Profit": 135,
        "Operating Income": 37,
        "EBIT": 21,
        "Net Income": 33
    },
    "2019-09-30": {
        "Diluted EPS": 0.83,
        "Total Revenue": NaN,
        "Gross Profit": 194,
        "Operating Income": 112,
        "EBIT": 116,
        "Net Income": 36
    },
    "2019-06-30": {
        "Diluted EPS": 8.35,
        "Total Revenue": NaN,
        "Gross Profit": 558,
        "Operating Income": 458,
        "EBIT": 461,
        "Net Income": 363
    },
    "2019-03-31": {
        "Diluted EPS": 6.43,
        "Total Revenue": 807,
        "Gross Profit": 456,
        "Operating Income": 361,
        "EBIT": 369,
        "Net Income": 271
    },
    "2018-12-31": {
        "Diluted EPS": -2.11,
        "Total Revenue": 548,
        "Gross Profit": -50,
        "Operating Income": -133,
        "EBIT": -152,
        "Net Income": -86
    },
    "2018-09-30": {
        "Diluted EPS": 0.82,
        "Total Revenue": 630,
        "Gross Profit": 109,
        "Operating Income": 50,
        "EBIT": 68,
        "Net Income": 32
    },
    "2018-06-30": {
        "Diluted EPS": 4.78,
        "Total Revenue": 479,
        "Gross Profit": 314,
        "Operating Income": 256,
        "EBIT": 279,
        "Net Income": 192
    },
    "2018-03-31": {
        "Diluted EPS": 1.42,
        "Total Revenue": 418,
        "Gross Profit": 149,
        "Operating Income": 89,
        "EBIT": 114,
        "Net Income": 57
    },
    "2017-12-31": {
        "Diluted EPS": 0.11,
        "Total Revenue": 491,
        "Gross Profit": 89,
        "Operating Income": 43,
        "EBIT": 68,
        "Net Income": -2
    },
    "2017-09-30": {
        "Diluted EPS": -12.75,
        "Total Revenue": 635,
        "Gross Profit": -664,
        "Operating Income": -722,
        "EBIT": -704,
        "Net Income": -505
    },
    "2017-06-30": {
        "Diluted EPS": 4.24,
        "Total Revenue": 506,
        "Gross Profit": 275,
        "Operating Income": 218,
        "EBIT": 233,
        "Net Income": 170
    },
    "2017-03-31": {
        "Diluted EPS": 2.25,
        "Total Revenue": 472,
        "Gross Profit": 196,
        "Operating Income": 133,
        "EBIT": 150,
        "Net Income": 92
    },
    "2016-12-31": {
        "Diluted EPS": 1.7,
        "Total Revenue": 354,
        "Gross Profit": 156,
        "Operating Income": 84,
        "EBIT": 105,
        "Net Income": 65
    },
    "2016-09-30": {
        "Diluted EPS": 3.56,
        "Total Revenue": 442,
        "Gross Profit": 249,
        "Operating Income": 187,
        "EBIT": 205,
        "Net Income": 147
    },
    "2016-06-30": {
        "Diluted EPS": 3.22,
        "Total Revenue": 483,
        "Gross Profit": 247,
        "Operating Income": 179,
        "EBIT": 192,
        "Net Income": 135
    },
    "2016-03-31": {
        "Diluted EPS": 2.95,
        "Total Revenue": 448,
        "Gross Profit": 256,
        "Operating Income": 181,
        "EBIT": 200,
        "Net Income": 128
    },
    "2015-12-31": {
        "Diluted EPS": 1.89,
        "Total Revenue": 377,
        "Gross Profit": 220,
        "Operating Income": 134,
        "EBIT": 159,
        "Net Income": 90
    },
    "2015-09-30": {
        "Diluted EPS": 1.66,
        "Total Revenue": 358,
        "Gross Profit": 180,
        "Operating Income": 108,
        "EBIT": 110,
        "Net Income": 76
    },
    "2015-06-30": {
        "Diluted EPS": 1.59,
        "Total Revenue": 398,
        "Gross Profit": 167,
        "Operating Income": 89,
        "EBIT": 107,
        "Net Income": 72
    },
    "2015-03-31": {
        "Diluted EPS": 4.14,
        "Total Revenue": 382,
        "Gross Profit": 262,
        "Operating Income": 165,
        "EBIT": 175,
        "Net Income": 166
    },
    "2014-12-31": {
        "Diluted EPS": 4.39,
        "Total Revenue": 319,
        "Gross Profit": 291,
        "Operating Income": 221,
        "EBIT": 243,
        "Net Income": 164
    },
    "2014-09-30": {
        "Diluted EPS": 1.7,
        "Total Revenue": 266,
        "Gross Profit": 159,
        "Operating Income": 104,
        "EBIT": 123,
        "Net Income": 68
    },
    "2014-06-30": {
        "Diluted EPS": 2.95,
        "Total Revenue": 331,
        "Gross Profit": 216,
        "Operating Income": 162,
        "EBIT": 174,
        "Net Income": 121
    },
    "2014-03-31": {
        "Diluted EPS": 3.56,
        "Total Revenue": 344,
        "Gross Profit": 251,
        "Operating Income": 200,
        "EBIT": 212,
        "Net Income": 151
    },
    "2013-12-31": {
        "Diluted EPS": 6.03,
        "Total Revenue": 405,
        "Gross Profit": 395,
        "Operating Income": 330,
        "EBIT": 343,
        "Net Income": 259
    },
    "2013-09-30": {
        "Diluted EPS": 4.01,
        "Total Revenue": 392,
        "Gross Profit": 293,
        "Operating Income": 240,
        "EBIT": 260,
        "Net Income": 180
    },
    "2013-06-30": {
        "Diluted EPS": 0.6,
        "Total Revenue": 250,
        "Gross Profit": 115,
        "Operating Income": 46,
        "EBIT": 64,
        "Net Income": 27
    },
    "2013-03-31": {
        "Diluted EPS": 4.23,
        "Total Revenue": 333,
        "Gross Profit": 281,
        "Operating Income": 226,
        "EBIT": 244,
        "Net Income": 190
    },
    "2012-12-31": {
        "Diluted EPS": 0.98,
        "Total Revenue": 367,
        "Gross Profit": 140,
        "Operating Income": 78,
        "EBIT": 98,
        "Net Income": 41
    },
    "2012-09-30": {
        "Diluted EPS": 3.62,
        "Total Revenue": 390,
        "Gross Profit": 293,
        "Operating Income": 241,
        "EBIT": 263,
        "Net Income": 178
    },
    "2012-06-30": {
        "Diluted EPS": 2.75,
        "Total Revenue": 310,
        "Gross Profit": 235,
        "Operating Income": 184,
        "EBIT": 205,
        "Net Income": 140
    },
    "2012-03-31": {
        "Diluted EPS": 3.88,
        "Total Revenue": 357,
        "Gross Profit": 317,
        "Operating Income": 264,
        "EBIT": 283,
        "Net Income": 198
    },
    "2011-12-31": {
        "Diluted EPS": 1.42,
        "Total Revenue": 255,
        "Gross Profit": 226,
        "Operating Income": 169,
        "EBIT": 190,
        "Net Income": 76
    },
    "2011-09-30": {
        "Diluted EPS": 0.95,
        "Total Revenue": 218,
        "Gross Profit": 114,
        "Operating Income": 63,
        "EBIT": 78,
        "Net Income": 48
    },
    "2011-06-30": {
        "Diluted EPS": 0.48,
        "Total Revenue": 281,
        "Gross Profit": 116,
        "Operating Income": 64,
        "EBIT": 76,
        "Net Income": 24
    },
    "2011-03-31": {
        "Diluted EPS": -4.69,
        "Total Revenue": 388,
        "Gross Profit": -273,
        "Operating Income": -323,
        "EBIT": -307,
        "Net Income": -242
    },
    "2010-12-31": {
        "Diluted EPS": 2.22,
        "Total Revenue": 187,
        "Gross Profit": 195,
        "Operating Income": 138,
        "EBIT": 164,
        "Net Income": 119
    },
    "2010-09-30": {
        "Diluted EPS": 3.7,
        "Total Revenue": 382,
        "Gross Profit": 278,
        "Operating Income": 229,
        "EBIT": 249,
        "Net Income": 200
    },
    "2010-06-30": {
        "Diluted EPS": 3.66,
        "Total Revenue": 306,
        "Gross Profit": 302,
        "Operating Income": 253,
        "EBIT": 272,
        "Net Income": 205
    },
    "2010-03-31": {
        "Diluted EPS": 2.73,
        "Total Revenue": 349,
        "Gross Profit": 225,
        "Operating Income": 172,
        "EBIT": 189,
        "Net Income": 161
    },
    "2009-12-31": {
        "Diluted EPS": 3.38,
        "Total Revenue": 294,
        "Gross Profit": 313,
        "Operating Income": 261,
        "EBIT": 272,
        "Net Income": 212
    },
    "2009-09-30": {
        "Diluted EPS": 4.12,
        "Total Revenue": 439,
        "Gross Profit": 356,
        "Operating Income": 311,
        "EBIT": 318,
        "Net Income": 253
    },
    "2009-06-30": {
        "Diluted EPS": 4.32,
        "Total Revenue": 509,
        "Gross Profit": 389,
        "Operating Income": 332,
        "EBIT": 335,
        "Net Income": 265
    },
    "2009-03-31": {
        "Diluted EPS": 1.57,
        "Total Revenue": 324,
        "Gross Profit": 193,
        "Operating Income": 142,
        "EBIT": 146,
        "Net Income": 95
    }
}