{
    "2023-06-30": {
        "Tax Effect Of Unusual Items": 0.0,
        "Tax Rate For Calcs": 0.188055,
        "Total Unusual Items": 0.0,
        "Total Unusual Items Excluding Goodwill": 0.0,
        "Net Income From Continuing Operation Net Minority Interest": 28643000.0,
        "Reconciled Depreciation": 9128000.0,
        "Net Interest Income": 130216000.0,
        "Interest Expense": 66950000.0,
        "Interest Income": 197166000.0,
        "Normalized Income": 28643000.0,
        "Net Income From Continuing And Discontinued Operation": 28643000.0,
        "Diluted Average Shares": 56395653.0,
        "Basic Average Shares": 56107881.0,
        "Diluted EPS": 0.51,
        "Basic EPS": 0.51,
        "Diluted NI Availto Com Stockholders": 28643000.0,
        "Net Income Common Stockholders": 28643000.0,
        "Net Income": 28643000.0,
        "Net Income Including Noncontrolling Interests": 28643000.0,
        "Net Income Continuous Operations": 28643000.0,
        "Tax Provision": 6634000.0,
        "Pretax Income": 35277000.0,
        "Special Income Charges": 0.0,
        "Restructuring And Mergern Acquisition": 0.0,
        "Gain On Sale Of Security": -22438000.0,
        "Depreciation Amortization Depletion Income Statement": 1369000.0,
        "Depreciation And Amortization In Income Statement": 1369000.0,
        "Amortization": 1369000.0,
        "Amortization Of Intangibles Income Statement": 1369000.0,
        "Selling General And Administration": 74119000.0,
        "Selling And Marketing Expense": 3482000.0,
        "General And Administrative Expense": 70637000.0,
        "Salaries And Wages": 70637000.0,
        "Total Revenue": 147442000.0,
        "Operating Revenue": 147442000.0,
        "Occupancy And Equipment": 11865000.0,
        "Professional Expense And Contract Services Expense": 4012000.0,
        "Other Non Interest Expense": 17800000.0
    },
    "2023-03-31": {
        "Tax Effect Of Unusual Items": 0.0,
        "Tax Rate For Calcs": 0.197247,
        "Total Unusual Items": 0.0,
        "Total Unusual Items Excluding Goodwill": 0.0,
        "Net Income From Continuing Operation Net Minority Interest": 46078000.0,
        "Reconciled Depreciation": 9237000.0,
        "Net Interest Income": 135775000.0,
        "Interest Expense": 48270000.0,
        "Interest Income": 184045000.0,
        "Normalized Income": 46078000.0,
        "Net Income From Continuing And Discontinued Operation": 46078000.0,
        "Diluted Average Shares": 56270219.0,
        "Basic Average Shares": 56008741.0,
        "Diluted EPS": 0.82,
        "Basic EPS": 0.82,
        "Diluted NI Availto Com Stockholders": 46078000.0,
        "Net Income Common Stockholders": 46078000.0,
        "Net Income": 46078000.0,
        "Net Income Including Noncontrolling Interests": 46078000.0,
        "Net Income Continuous Operations": 46078000.0,
        "Tax Provision": 11322000.0,
        "Pretax Income": 57400000.0,
        "Special Income Charges": 0.0,
        "Restructuring And Mergern Acquisition": 0.0,
        "Gain On Sale Of Security": NaN,
        "Depreciation Amortization Depletion Income Statement": 1426000.0,
        "Depreciation And Amortization In Income Statement": 1426000.0,
        "Amortization": 1426000.0,
        "Amortization Of Intangibles Income Statement": 1426000.0,
        "Selling General And Administration": 74518000.0,
        "Selling And Marketing Expense": 4686000.0,
        "General And Administrative Expense": 69832000.0,
        "Salaries And Wages": 69832000.0,
        "Total Revenue": 173068000.0,
        "Operating Revenue": 173068000.0,
        "Occupancy And Equipment": 11405000.0,
        "Professional Expense And Contract Services Expense": 3467000.0,
        "Other Non Interest Expense": 18392000.0
    },
    "2022-12-31": {
        "Tax Effect Of Unusual Items": NaN,
        "Tax Rate For Calcs": NaN,
        "Total Unusual Items": NaN,
        "Total Unusual Items Excluding Goodwill": NaN,
        "Net Income From Continuing Operation Net Minority Interest": NaN,
        "Reconciled Depreciation": NaN,
        "Net Interest Income": NaN,
        "Interest Expense": NaN,
        "Interest Income": NaN,
        "Normalized Income": NaN,
        "Net Income From Continuing And Discontinued Operation": NaN,
        "Diluted Average Shares": NaN,
        "Basic Average Shares": NaN,
        "Diluted EPS": NaN,
        "Basic EPS": NaN,
        "Diluted NI Availto Com Stockholders": NaN,
        "Net Income Common Stockholders": NaN,
        "Net Income": NaN,
        "Net Income Including Noncontrolling Interests": NaN,
        "Net Income Continuous Operations": NaN,
        "Tax Provision": NaN,
        "Pretax Income": NaN,
        "Special Income Charges": NaN,
        "Restructuring And Mergern Acquisition": 1100000.0,
        "Gain On Sale Of Security": 0.0,
        "Depreciation Amortization Depletion Income Statement": NaN,
        "Depreciation And Amortization In Income Statement": NaN,
        "Amortization": NaN,
        "Amortization Of Intangibles Income Statement": NaN,
        "Selling General And Administration": NaN,
        "Selling And Marketing Expense": NaN,
        "General And Administrative Expense": NaN,
        "Salaries And Wages": NaN,
        "Total Revenue": NaN,
        "Operating Revenue": NaN,
        "Occupancy And Equipment": NaN,
        "Professional Expense And Contract Services Expense": NaN,
        "Other Non Interest Expense": NaN
    },
    "2022-09-30": {
        "Tax Effect Of Unusual Items": NaN,
        "Tax Rate For Calcs": NaN,
        "Total Unusual Items": NaN,
        "Total Unusual Items Excluding Goodwill": NaN,
        "Net Income From Continuing Operation Net Minority Interest": NaN,
        "Reconciled Depreciation": NaN,
        "Net Interest Income": NaN,
        "Interest Expense": NaN,
        "Interest Income": NaN,
        "Normalized Income": NaN,
        "Net Income From Continuing And Discontinued Operation": NaN,
        "Diluted Average Shares": NaN,
        "Basic Average Shares": NaN,
        "Diluted EPS": NaN,
        "Basic EPS": NaN,
        "Diluted NI Availto Com Stockholders": NaN,
        "Net Income Common Stockholders": NaN,
        "Net Income": NaN,
        "Net Income Including Noncontrolling Interests": NaN,
        "Net Income Continuous Operations": NaN,
        "Tax Provision": NaN,
        "Pretax Income": NaN,
        "Special Income Charges": NaN,
        "Restructuring And Mergern Acquisition": NaN,
        "Gain On Sale Of Security": 0.0,
        "Depreciation Amortization Depletion Income Statement": NaN,
        "Depreciation And Amortization In Income Statement": NaN,
        "Amortization": NaN,
        "Amortization Of Intangibles Income Statement": NaN,
        "Selling General And Administration": NaN,
        "Selling And Marketing Expense": NaN,
        "General And Administrative Expense": NaN,
        "Other Gand A": 5525000.0,
        "Salaries And Wages": NaN,
        "Total Revenue": NaN,
        "Operating Revenue": NaN
    },
    "2022-06-30": {
        "Tax Effect Of Unusual Items": -255016.503413,
        "Tax Rate For Calcs": 0.214841,
        "Total Unusual Items": -1187000.0,
        "Total Unusual Items Excluding Goodwill": -1187000.0,
        "Net Income From Continuing Operation Net Minority Interest": 39678000.0,
        "Reconciled Depreciation": 1310000.0,
        "Net Interest Income": 113515000.0,
        "Interest Expense": 9905000.0,
        "Interest Income": 123420000.0,
        "Normalized Income": 40609983.496587,
        "Net Income From Continuing And Discontinued Operation": 39678000.0,
        "Diluted Average Shares": 56182845.0,
        "Basic Average Shares": 55906755.0,
        "Diluted EPS": 0.71,
        "Basic EPS": 0.71,
        "Diluted NI Availto Com Stockholders": 39678000.0,
        "Net Income Common Stockholders": 39678000.0,
        "Net Income": 39678000.0,
        "Net Income Including Noncontrolling Interests": 39678000.0,
        "Net Income Continuous Operations": 39678000.0,
        "Tax Provision": 10857000.0,
        "Pretax Income": 50535000.0,
        "Special Income Charges": -1187000.0,
        "Restructuring And Mergern Acquisition": 1187000.0,
        "Gain On Sale Of Security": 0.0,
        "Depreciation Amortization Depletion Income Statement": 1310000.0,
        "Depreciation And Amortization In Income Statement": 1310000.0,
        "Amortization": 1310000.0,
        "Amortization Of Intangibles Income Statement": 1310000.0,
        "Selling General And Administration": 74480000.0,
        "Selling And Marketing Expense": 3406000.0,
        "General And Administrative Expense": 71074000.0,
        "Other Gand A": 5494000.0,
        "Salaries And Wages": 65580000.0,
        "Total Revenue": 150729000.0,
        "Operating Revenue": 150729000.0
    },
    "2022-03-31": {
        "Diluted EPS": 0.6,
        "Total Revenue": 148,
        "Gross Profit": 137,
        "Operating Income": 42,
        "EBIT": NaN,
        "Net Income": 34
    },
    "2021-12-31": {
        "Diluted EPS": 0.67,
        "Total Revenue": 160,
        "Gross Profit": 149,
        "Operating Income": 13,
        "EBIT": NaN,
        "Net Income": 37
    },
    "2021-09-30": {
        "Diluted EPS": 0.71,
        "Total Revenue": 165,
        "Gross Profit": 154,
        "Operating Income": 51,
        "EBIT": NaN,
        "Net Income": 40
    },
    "2021-06-30": {
        "Diluted EPS": 0.72,
        "Total Revenue": 169,
        "Gross Profit": 157,
        "Operating Income": 48,
        "EBIT": NaN,
        "Net Income": 41
    },
    "2021-03-31": {
        "Diluted EPS": 1.02,
        "Total Revenue": 203,
        "Gross Profit": 191,
        "Operating Income": 75,
        "EBIT": NaN,
        "Net Income": 58
    },
    "2020-12-31": {
        "Diluted EPS": 0.55,
        "Total Revenue": 185,
        "Gross Profit": 171,
        "Operating Income": 5,
        "EBIT": NaN,
        "Net Income": 32
    },
    "2020-09-30": {
        "Diluted EPS": 0.53,
        "Total Revenue": 193,
        "Gross Profit": 177,
        "Operating Income": 38,
        "EBIT": NaN,
        "Net Income": 30
    },
    "2020-06-30": {
        "Diluted EPS": 0.36,
        "Total Revenue": 188,
        "Gross Profit": 170,
        "Operating Income": 25,
        "EBIT": NaN,
        "Net Income": 20
    },
    "2020-03-31": {
        "Diluted EPS": 0.04,
        "Total Revenue": 168,
        "Gross Profit": 144,
        "Operating Income": 3,
        "EBIT": NaN,
        "Net Income": 2
    },
    "2019-12-31": {
        "Diluted EPS": 0.67,
        "Total Revenue": 171,
        "Gross Profit": 146,
        "Operating Income": 48,
        "EBIT": NaN,
        "Net Income": 38
    },
    "2019-09-30": {
        "Diluted EPS": 0.64,
        "Total Revenue": 172,
        "Gross Profit": 147,
        "Operating Income": 49,
        "EBIT": NaN,
        "Net Income": 37
    },
    "2019-06-30": {
        "Diluted EPS": 0.8,
        "Total Revenue": 180,
        "Gross Profit": 155,
        "Operating Income": 61,
        "EBIT": NaN,
        "Net Income": 47
    },
    "2019-03-31": {
        "Diluted EPS": 0.77,
        "Total Revenue": 173,
        "Gross Profit": 149,
        "Operating Income": 59,
        "EBIT": NaN,
        "Net Income": 45
    },
    "2018-12-31": {
        "Diluted EPS": 0.76,
        "Total Revenue": 173,
        "Gross Profit": 152,
        "Operating Income": 59,
        "EBIT": NaN,
        "Net Income": 44
    },
    "2018-09-30": {
        "Diluted EPS": 0.61,
        "Total Revenue": 156,
        "Gross Profit": 137,
        "Operating Income": 52,
        "EBIT": NaN,
        "Net Income": 32
    },
    "2018-06-30": {
        "Diluted EPS": 0.74,
        "Total Revenue": 142,
        "Gross Profit": 128,
        "Operating Income": 48,
        "EBIT": NaN,
        "Net Income": 37
    },
    "2018-03-31": {
        "Diluted EPS": 0.68,
        "Total Revenue": 134,
        "Gross Profit": 123,
        "Operating Income": 44,
        "EBIT": NaN,
        "Net Income": 34
    },
    "2017-12-31": {
        "Diluted EPS": 0.32,
        "Total Revenue": 137,
        "Gross Profit": 126,
        "Operating Income": 47,
        "EBIT": NaN,
        "Net Income": 17
    },
    "2017-09-30": {
        "Diluted EPS": 0.53,
        "Total Revenue": 134,
        "Gross Profit": 123,
        "Operating Income": 47,
        "EBIT": NaN,
        "Net Income": 26
    },
    "2017-06-30": {
        "Diluted EPS": 0.57,
        "Total Revenue": 122,
        "Gross Profit": 114,
        "Operating Income": 40,
        "EBIT": NaN,
        "Net Income": 25
    },
    "2017-03-31": {
        "Diluted EPS": 0.54,
        "Total Revenue": 114,
        "Gross Profit": 106,
        "Operating Income": 36,
        "EBIT": NaN,
        "Net Income": 24
    },
    "2016-12-31": {
        "Diluted EPS": 0.56,
        "Total Revenue": 116,
        "Gross Profit": 108,
        "Operating Income": 35,
        "EBIT": NaN,
        "Net Income": 24
    },
    "2016-09-30": {
        "Diluted EPS": 0.55,
        "Total Revenue": 121,
        "Gross Profit": 114,
        "Operating Income": 35,
        "EBIT": NaN,
        "Net Income": 23
    },
    "2016-06-30": {
        "Diluted EPS": 0.54,
        "Total Revenue": 120,
        "Gross Profit": 113,
        "Operating Income": 37,
        "EBIT": NaN,
        "Net Income": 23
    },
    "2016-03-31": {
        "Diluted EPS": 0.52,
        "Total Revenue": 110,
        "Gross Profit": 103,
        "Operating Income": 33,
        "EBIT": NaN,
        "Net Income": 21
    },
    "2015-12-31": {
        "Diluted EPS": 0.52,
        "Total Revenue": 109,
        "Gross Profit": 104,
        "Operating Income": 33,
        "EBIT": NaN,
        "Net Income": 21
    },
    "2015-09-30": {
        "Diluted EPS": 0.4,
        "Total Revenue": 106,
        "Gross Profit": 101,
        "Operating Income": 32,
        "EBIT": NaN,
        "Net Income": 16
    },
    "2015-06-30": {
        "Diluted EPS": 0.48,
        "Total Revenue": 80,
        "Gross Profit": 74,
        "Operating Income": 24,
        "EBIT": NaN,
        "Net Income": 15
    },
    "2015-03-31": {
        "Diluted EPS": 0.48,
        "Total Revenue": 76,
        "Gross Profit": 71,
        "Operating Income": 23,
        "EBIT": NaN,
        "Net Income": 15
    },
    "2014-12-31": {
        "Diluted EPS": 0.49,
        "Total Revenue": 75,
        "Gross Profit": 70,
        "Operating Income": 23,
        "EBIT": NaN,
        "Net Income": 16
    },
    "2014-09-30": {
        "Diluted EPS": 0.49,
        "Total Revenue": 79,
        "Gross Profit": 73,
        "Operating Income": 23,
        "EBIT": NaN,
        "Net Income": 16
    },
    "2014-06-30": {
        "Diluted EPS": 0.47,
        "Total Revenue": 78,
        "Gross Profit": 72,
        "Operating Income": 21,
        "EBIT": NaN,
        "Net Income": 15
    },
    "2014-03-31": {
        "Diluted EPS": 0.43,
        "Total Revenue": 75,
        "Gross Profit": 69,
        "Operating Income": 20,
        "EBIT": NaN,
        "Net Income": 14
    },
    "2013-12-31": {
        "Diluted EPS": 0.36,
        "Total Revenue": 75,
        "Gross Profit": 69,
        "Operating Income": 18,
        "EBIT": NaN,
        "Net Income": 11
    },
    "2013-09-30": {
        "Diluted EPS": 0.24,
        "Total Revenue": 64,
        "Gross Profit": 58,
        "Operating Income": 13,
        "EBIT": NaN,
        "Net Income": 7
    },
    "2013-06-30": {
        "Diluted EPS": 0.32,
        "Total Revenue": 57,
        "Gross Profit": 52,
        "Operating Income": 11,
        "EBIT": NaN,
        "Net Income": 8
    },
    "2013-03-31": {
        "Diluted EPS": 0.3,
        "Total Revenue": 56,
        "Gross Profit": 51,
        "Operating Income": 10,
        "EBIT": NaN,
        "Net Income": 8
    },
    "2012-12-31": {
        "Diluted EPS": 0.29,
        "Total Revenue": 58,
        "Gross Profit": 52,
        "Operating Income": 10,
        "EBIT": NaN,
        "Net Income": 7
    },
    "2012-09-30": {
        "Diluted EPS": 0.28,
        "Total Revenue": 57,
        "Gross Profit": 51,
        "Operating Income": 8,
        "EBIT": NaN,
        "Net Income": 7
    },
    "2012-06-30": {
        "Diluted EPS": 0.25,
        "Total Revenue": 56,
        "Gross Profit": 50,
        "Operating Income": 8,
        "EBIT": NaN,
        "Net Income": 6
    },
    "2012-03-31": {
        "Diluted EPS": 0.24,
        "Total Revenue": 57,
        "Gross Profit": 49,
        "Operating Income": 8,
        "EBIT": NaN,
        "Net Income": 6
    },
    "2011-12-31": {
        "Diluted EPS": 0.23,
        "Total Revenue": 54,
        "Gross Profit": 46,
        "Operating Income": 7,
        "EBIT": NaN,
        "Net Income": 6
    },
    "2011-09-30": {
        "Diluted EPS": 0.26,
        "Total Revenue": 60,
        "Gross Profit": 51,
        "Operating Income": 9,
        "EBIT": NaN,
        "Net Income": 7
    },
    "2011-06-30": {
        "Diluted EPS": 0.23,
        "Total Revenue": 56,
        "Gross Profit": 45,
        "Operating Income": 8,
        "EBIT": NaN,
        "Net Income": 6
    },
    "2011-03-31": {
        "Diluted EPS": 0.3,
        "Total Revenue": 65,
        "Gross Profit": 52,
        "Operating Income": 12,
        "EBIT": NaN,
        "Net Income": 8
    },
    "2010-12-31": {
        "Diluted EPS": 0.22,
        "Total Revenue": 55,
        "Gross Profit": 41,
        "Operating Income": 7,
        "EBIT": NaN,
        "Net Income": 5
    },
    "2010-09-30": {
        "Diluted EPS": 0.81,
        "Total Revenue": 98,
        "Gross Profit": 82,
        "Operating Income": 33,
        "EBIT": NaN,
        "Net Income": 20
    },
    "2010-06-30": {
        "Diluted EPS": 0.18,
        "Total Revenue": 53,
        "Gross Profit": 38,
        "Operating Income": 5,
        "EBIT": NaN,
        "Net Income": 4
    },
    "2010-03-31": {
        "Diluted EPS": 0.17,
        "Total Revenue": 52,
        "Gross Profit": 37,
        "Operating Income": 5,
        "EBIT": NaN,
        "Net Income": 4
    },
    "2009-12-31": {
        "Diluted EPS": 0.19,
        "Total Revenue": 55,
        "Gross Profit": 38,
        "Operating Income": 7,
        "EBIT": NaN,
        "Net Income": 4
    },
    "2009-09-30": {
        "Diluted EPS": 0.2,
        "Total Revenue": 57,
        "Gross Profit": 39,
        "Operating Income": 6,
        "EBIT": NaN,
        "Net Income": 4
    },
    "2009-06-30": {
        "Diluted EPS": 0.2,
        "Total Revenue": 58,
        "Gross Profit": 40,
        "Operating Income": 6,
        "EBIT": NaN,
        "Net Income": 4
    },
    "2009-03-31": {
        "Diluted EPS": 0.28,
        "Total Revenue": 59,
        "Gross Profit": 40,
        "Operating Income": 8,
        "EBIT": NaN,
        "Net Income": 6
    },
    "2023-09-30": {
        "Tax Effect Of Unusual Items": 0.0,
        "Tax Rate For Calcs": 0.204681,
        "Total Unusual Items": 0.0,
        "Total Unusual Items Excluding Goodwill": 0.0,
        "Net Income From Continuing Operation Net Minority Interest": 41833000.0,
        "Reconciled Depreciation": 8358000.0,
        "Net Interest Income": 127383000.0,
        "Interest Expense": 78294000.0,
        "Interest Income": 205677000.0,
        "Normalized Income": 41833000.0,
        "Net Income From Continuing And Discontinued Operation": 41833000.0,
        "Diluted Average Shares": 56523887.0,
        "Basic Average Shares": 56138618.0,
        "Diluted EPS": 0.74,
        "Basic EPS": 0.75,
        "Diluted NI Availto Com Stockholders": 41833000.0,
        "Net Income Common Stockholders": 41833000.0,
        "Net Income": 41833000.0,
        "Net Income Including Noncontrolling Interests": 41833000.0,
        "Net Income Continuous Operations": 41833000.0,
        "Tax Provision": 10766000.0,
        "Pretax Income": 52599000.0,
        "Special Income Charges": 0.0,
        "Restructuring And Mergern Acquisition": 0.0,
        "Gain On Sale Of Security": 0.0,
        "Depreciation Amortization Depletion Income Statement": 1311000.0,
        "Depreciation And Amortization In Income Statement": 1311000.0,
        "Amortization": 1311000.0,
        "Amortization Of Intangibles Income Statement": 1311000.0,
        "Selling General And Administration": 72932000.0,
        "Selling And Marketing Expense": 3474000.0,
        "General And Administrative Expense": 69458000.0,
        "Salaries And Wages": 69458000.0,
        "Total Revenue": 165583000.0,
        "Operating Revenue": 165583000.0,
        "Occupancy And Equipment": 11548000.0,
        "Professional Expense And Contract Services Expense": 3338000.0,
        "Other Non Interest Expense": 18540000.0
    },
    "2023-12-31": {
        "Tax Effect Of Unusual Items": 73577.763154,
        "Tax Rate For Calcs": 0.118674,
        "Total Unusual Items": 620000.0,
        "Total Unusual Items Excluding Goodwill": 620000.0,
        "Net Income From Continuing Operation Net Minority Interest": 28124000.0,
        "Reconciled Depreciation": 8508000.0,
        "Net Interest Income": 125953000.0,
        "Interest Expense": 84478000.0,
        "Interest Income": 210431000.0,
        "Normalized Income": 27577577.763154,
        "Net Income From Continuing And Discontinued Operation": 28124000.0,
        "Diluted Average Shares": 56142207.0,
        "Basic Average Shares": 56142207.0,
        "Diluted EPS": 0.500942,
        "Basic EPS": 0.500942,
        "Diluted NI Availto Com Stockholders": 28124000.0,
        "Net Income Common Stockholders": 28124000.0,
        "Net Income": 28124000.0,
        "Net Income Including Noncontrolling Interests": 28124000.0,
        "Net Income Continuous Operations": 28124000.0,
        "Tax Provision": 3787000.0,
        "Pretax Income": 31911000.0,
        "Special Income Charges": 620000.0,
        "Restructuring And Mergern Acquisition": 0.0,
        "Gain On Sale Of Security": -19352000.0,
        "Depreciation Amortization Depletion Income Statement": 1274000.0,
        "Depreciation And Amortization In Income Statement": 1274000.0,
        "Amortization": 1274000.0,
        "Amortization Of Intangibles Income Statement": 1274000.0,
        "Selling General And Administration": 74925000.0,
        "Selling And Marketing Expense": 3084000.0,
        "General And Administrative Expense": 71841000.0,
        "Salaries And Wages": 71841000.0,
        "Total Revenue": 145689000.0,
        "Operating Revenue": 145689000.0,
        "Occupancy And Equipment": 11653000.0,
        "Professional Expense And Contract Services Expense": 2854000.0,
        "Other Non Interest Expense": 24374000.0
    },
    "2024-03-31": {
        "Tax Effect Of Unusual Items": 11254.273028,
        "Tax Rate For Calcs": 0.200969,
        "Total Unusual Items": 56000.0,
        "Total Unusual Items Excluding Goodwill": 56000.0,
        "Net Income From Continuing Operation Net Minority Interest": 39409000.0,
        "Reconciled Depreciation": 8097000.0,
        "Net Interest Income": 123290000.0,
        "Interest Expense": 89889000.0,
        "Interest Income": 213179000.0,
        "Normalized Income": 39364254.273028,
        "Net Income From Continuing And Discontinued Operation": 39409000.0,
        "Diluted Average Shares": 56531078.0,
        "Basic Average Shares": 56208348.0,
        "Diluted EPS": 0.7,
        "Basic EPS": 0.7,
        "Diluted NI Availto Com Stockholders": 39409000.0,
        "Net Income Common Stockholders": 39409000.0,
        "Net Income": 39409000.0,
        "Net Income Including Noncontrolling Interests": 39409000.0,
        "Net Income Continuous Operations": 39409000.0,
        "Tax Provision": 9912000.0,
        "Pretax Income": 49321000.0,
        "Special Income Charges": 56000.0,
        "Restructuring And Mergern Acquisition": NaN,
        "Gain On Sale Of Security": NaN,
        "Depreciation Amortization Depletion Income Statement": 1212000.0,
        "Depreciation And Amortization In Income Statement": 1212000.0,
        "Amortization": 1212000.0,
        "Amortization Of Intangibles Income Statement": 1212000.0,
        "Selling General And Administration": 76356000.0,
        "Selling And Marketing Expense": 4886000.0,
        "General And Administrative Expense": 71470000.0,
        "Salaries And Wages": 71470000.0,
        "Total Revenue": 164615000.0,
        "Operating Revenue": 164615000.0,
        "Occupancy And Equipment": 11389000.0,
        "Professional Expense And Contract Services Expense": 3348000.0,
        "Other Non Interest Expense": 20607000.0
    }
}