{
    "2023-03-31": {
        "Tax Effect Of Unusual Items": 666338.0,
        "Tax Rate For Calcs": 0.211,
        "Normalized EBITDA": 14547000.0,
        "Total Unusual Items": 3158000.0,
        "Total Unusual Items Excluding Goodwill": 3158000.0,
        "Net Income From Continuing Operation Net Minority Interest": -5481000.0,
        "Reconciled Depreciation": 19858000.0,
        "Reconciled Cost Of Revenue": 298570000.0,
        "EBITDA": 17705000.0,
        "EBIT": -2153000.0,
        "Net Interest Income": -4802000.0,
        "Interest Expense": 4802000.0,
        "Normalized Income": -7972662.0,
        "Net Income From Continuing And Discontinued Operation": -5481000.0,
        "Total Expenses": 330559000.0,
        "Total Operating Income As Reported": -2551000.0,
        "Diluted Average Shares": 51827365.0,
        "Basic Average Shares": 51827365.0,
        "Diluted EPS": -0.11,
        "Basic EPS": -0.11,
        "Diluted NI Availto Com Stockholders": -5481000.0,
        "Net Income Common Stockholders": -5481000.0,
        "Net Income": -5481000.0,
        "Net Income Including Noncontrolling Interests": -5481000.0,
        "Net Income Continuous Operations": -5481000.0,
        "Tax Provision": -1474000.0,
        "Pretax Income": -6955000.0,
        "Other Income Expense": 3556000.0,
        "Other Non Operating Income Expenses": 398000.0,
        "Special Income Charges": 3158000.0,
        "Gain On Sale Of Ppe": 3158000.0,
        "Net Non Operating Interest Income Expense": -4802000.0,
        "Interest Expense Non Operating": 4802000.0,
        "Operating Income": -5709000.0,
        "Operating Expense": 31989000.0,
        "Selling General And Administration": 31989000.0,
        "General And Administrative Expense": 31989000.0,
        "Other Gand A": 31989000.0,
        "Gross Profit": 26280000.0,
        "Cost Of Revenue": 298570000.0,
        "Total Revenue": 324850000.0,
        "Operating Revenue": 324850000.0
    },
    "2022-12-31": {
        "Tax Effect Of Unusual Items": 1178084.0,
        "Tax Rate For Calcs": 0.212,
        "Normalized EBITDA": 19180000.0,
        "Total Unusual Items": 5557000.0,
        "Total Unusual Items Excluding Goodwill": 5557000.0,
        "Net Income From Continuing Operation Net Minority Interest": 1892000.0,
        "Reconciled Depreciation": 18375000.0,
        "Reconciled Cost Of Revenue": 311283000.0,
        "EBITDA": 24737000.0,
        "EBIT": 6362000.0,
        "Net Interest Income": -3960000.0,
        "Interest Expense": 3960000.0,
        "Normalized Income": -2486916.0,
        "Net Income From Continuing And Discontinued Operation": 1892000.0,
        "Total Expenses": 341008000.0,
        "Total Operating Income As Reported": 6328000.0,
        "Diluted Average Shares": 52120584.0,
        "Basic Average Shares": 51824948.0,
        "Diluted EPS": 0.04,
        "Basic EPS": 0.04,
        "Diluted NI Availto Com Stockholders": 1892000.0,
        "Net Income Common Stockholders": 1892000.0,
        "Net Income": 1892000.0,
        "Net Income Including Noncontrolling Interests": 1892000.0,
        "Net Income Continuous Operations": 1892000.0,
        "Tax Provision": 510000.0,
        "Pretax Income": 2402000.0,
        "Other Income Expense": 5591000.0,
        "Other Non Operating Income Expenses": 34000.0,
        "Special Income Charges": 5557000.0,
        "Gain On Sale Of Ppe": 5557000.0,
        "Net Non Operating Interest Income Expense": -3960000.0,
        "Interest Expense Non Operating": 3960000.0,
        "Operating Income": 771000.0,
        "Operating Expense": 29725000.0,
        "Other Operating Expenses": -5389000.0,
        "Selling General And Administration": 29725000.0,
        "General And Administrative Expense": 29725000.0,
        "Other Gand A": 29725000.0,
        "Gross Profit": 30496000.0,
        "Cost Of Revenue": 311283000.0,
        "Total Revenue": 341779000.0,
        "Operating Revenue": 341779000.0
    },
    "2022-09-30": {
        "Tax Effect Of Unusual Items": 443961.764535,
        "Tax Rate For Calcs": 0.235523,
        "Normalized EBITDA": 18822000.0,
        "Total Unusual Items": 1885000.0,
        "Total Unusual Items Excluding Goodwill": 1885000.0,
        "Net Income From Continuing Operation Net Minority Interest": 13115000.0,
        "Reconciled Depreciation": 15439000.0,
        "Reconciled Cost Of Revenue": 343462000.0,
        "EBITDA": 20707000.0,
        "EBIT": 20707000.0,
        "Net Interest Income": -3524000.0,
        "Interest Expense": 3524000.0,
        "Normalized Income": 11673961.764535,
        "Net Income From Continuing And Discontinued Operation": 13115000.0,
        "Total Expenses": 374494000.0,
        "Total Operating Income As Reported": 20444000.0,
        "Diluted Average Shares": 52027267.0,
        "Basic Average Shares": 51807734.0,
        "Diluted EPS": 0.25,
        "Basic EPS": 0.25,
        "Diluted NI Availto Com Stockholders": 13115000.0,
        "Net Income Common Stockholders": 13115000.0,
        "Net Income": 13115000.0,
        "Net Income Including Noncontrolling Interests": 13115000.0,
        "Net Income Continuous Operations": 13115000.0,
        "Earnings From Equity Interest Net Of Tax": -21000.0,
        "Tax Provision": 4047000.0,
        "Pretax Income": 17183000.0,
        "Other Income Expense": 2148000.0,
        "Other Non Operating Income Expenses": 263000.0,
        "Special Income Charges": 1885000.0,
        "Gain On Sale Of Ppe": 1885000.0,
        "Net Non Operating Interest Income Expense": -3524000.0,
        "Interest Expense Non Operating": 3524000.0,
        "Operating Income": 18559000.0,
        "Operating Expense": 31032000.0,
        "Other Operating Expenses": NaN,
        "Selling General And Administration": 31032000.0,
        "General And Administrative Expense": 31032000.0,
        "Other Gand A": 31032000.0,
        "Gross Profit": 49591000.0,
        "Cost Of Revenue": 343462000.0,
        "Total Revenue": 393053000.0,
        "Operating Revenue": 393053000.0
    },
    "2022-06-30": {
        "Tax Effect Of Unusual Items": 81585.0,
        "Tax Rate For Calcs": 0.245,
        "Normalized EBITDA": 35088000.0,
        "Total Unusual Items": 333000.0,
        "Total Unusual Items Excluding Goodwill": 333000.0,
        "Net Income From Continuing Operation Net Minority Interest": 12168000.0,
        "Reconciled Depreciation": 17244000.0,
        "Reconciled Cost Of Revenue": 336022000.0,
        "EBITDA": 35421000.0,
        "EBIT": 18177000.0,
        "Net Interest Income": -2054000.0,
        "Interest Expense": 2054000.0,
        "Normalized Income": 11916585.0,
        "Net Income From Continuing And Discontinued Operation": 12168000.0,
        "Total Expenses": 362606000.0,
        "Total Operating Income As Reported": 17999000.0,
        "Diluted Average Shares": 51888511.0,
        "Basic Average Shares": 51793245.0,
        "Diluted EPS": 0.23,
        "Basic EPS": 0.23,
        "Diluted NI Availto Com Stockholders": 12168000.0,
        "Net Income Common Stockholders": 12168000.0,
        "Net Income": 12168000.0,
        "Net Income Including Noncontrolling Interests": 12168000.0,
        "Net Income Continuous Operations": 12168000.0,
        "Earnings From Equity Interest Net Of Tax": 0.0,
        "Tax Provision": 3955000.0,
        "Pretax Income": 16123000.0,
        "Other Income Expense": 511000.0,
        "Other Non Operating Income Expenses": 178000.0,
        "Special Income Charges": 333000.0,
        "Gain On Sale Of Ppe": 333000.0,
        "Net Non Operating Interest Income Expense": -2054000.0,
        "Interest Expense Non Operating": 2054000.0,
        "Operating Income": 17666000.0,
        "Operating Expense": 26584000.0,
        "Other Operating Expenses": NaN,
        "Selling General And Administration": 26584000.0,
        "General And Administrative Expense": 26584000.0,
        "Other Gand A": 26584000.0,
        "Gross Profit": 44250000.0,
        "Cost Of Revenue": 336022000.0,
        "Total Revenue": 380272000.0,
        "Operating Revenue": 380272000.0
    },
    "2023-06-30": {
        "Tax Effect Of Unusual Items": 370253.0,
        "Tax Rate For Calcs": 0.247,
        "Normalized EBITDA": 51870000.0,
        "Total Unusual Items": 1499000.0,
        "Total Unusual Items Excluding Goodwill": 1499000.0,
        "Net Income From Continuing Operation Net Minority Interest": 21677000.0,
        "Reconciled Depreciation": 19536000.0,
        "Reconciled Cost Of Revenue": 357821000.0,
        "EBITDA": 53369000.0,
        "EBIT": 33833000.0,
        "Net Interest Income": -5039000.0,
        "Interest Expense": 5039000.0,
        "Normalized Income": 20548253.0,
        "Net Income From Continuing And Discontinued Operation": 21677000.0,
        "Total Expenses": 390052000.0,
        "Total Operating Income As Reported": 33340000.0,
        "Diluted Average Shares": 52293846.0,
        "Basic Average Shares": 51827448.0,
        "Diluted EPS": 0.41,
        "Basic EPS": 0.42,
        "Diluted NI Availto Com Stockholders": 21677000.0,
        "Net Income Common Stockholders": 21677000.0,
        "Net Income": 21677000.0,
        "Net Income Including Noncontrolling Interests": 21677000.0,
        "Net Income Continuous Operations": 21677000.0,
        "Tax Provision": 7117000.0,
        "Pretax Income": 28794000.0,
        "Other Income Expense": 1992000.0,
        "Other Non Operating Income Expenses": 493000.0,
        "Special Income Charges": 1499000.0,
        "Gain On Sale Of Ppe": 1499000.0,
        "Net Non Operating Interest Income Expense": -5039000.0,
        "Interest Expense Non Operating": 5039000.0,
        "Operating Income": 31841000.0,
        "Operating Expense": 32231000.0,
        "Selling General And Administration": 32231000.0,
        "General And Administrative Expense": 32231000.0,
        "Other Gand A": 32231000.0,
        "Gross Profit": 64072000.0,
        "Cost Of Revenue": 357821000.0,
        "Total Revenue": 421893000.0,
        "Operating Revenue": 421893000.0
    },
    "2022-03-31": {
        "Diluted EPS": -0.18,
        "Total Revenue": 243,
        "Gross Profit": 12,
        "Operating Income": -11,
        "EBIT": 6,
        "Net Income": -9
    },
    "2021-12-31": {
        "Diluted EPS": 0.11,
        "Total Revenue": 285,
        "Gross Profit": 33,
        "Operating Income": 8,
        "EBIT": 24,
        "Net Income": 6
    },
    "2021-09-30": {
        "Diluted EPS": 0.16,
        "Total Revenue": 279,
        "Gross Profit": 35,
        "Operating Income": 11,
        "EBIT": 25,
        "Net Income": 8
    },
    "2021-06-30": {
        "Diluted EPS": 0.18,
        "Total Revenue": 262,
        "Gross Profit": 37,
        "Operating Income": 14,
        "EBIT": 27,
        "Net Income": 9
    },
    "2021-03-31": {
        "Diluted EPS": -0.1,
        "Total Revenue": 179,
        "Gross Profit": 18,
        "Operating Income": -6,
        "EBIT": 6,
        "Net Income": -5
    },
    "2020-12-31": {
        "Diluted EPS": 0.15,
        "Total Revenue": 191,
        "Gross Profit": 31,
        "Operating Income": 11,
        "EBIT": 22,
        "Net Income": 8
    },
    "2020-09-30": {
        "Diluted EPS": 0.34,
        "Total Revenue": 225,
        "Gross Profit": 41,
        "Operating Income": 24,
        "EBIT": 34,
        "Net Income": 18
    },
    "2020-06-30": {
        "Diluted EPS": 0.3,
        "Total Revenue": 217,
        "Gross Profit": 37,
        "Operating Income": 20,
        "EBIT": 30,
        "Net Income": 16
    },
    "2020-03-31": {
        "Diluted EPS": 0.03,
        "Total Revenue": 169,
        "Gross Profit": 20,
        "Operating Income": 4,
        "EBIT": 13,
        "Net Income": 2
    },
    "2019-12-31": {
        "Diluted EPS": 0.11,
        "Total Revenue": 175,
        "Gross Profit": 24,
        "Operating Income": 7,
        "EBIT": 16,
        "Net Income": 5
    },
    "2019-09-30": {
        "Diluted EPS": 0.33,
        "Total Revenue": 237,
        "Gross Profit": 39,
        "Operating Income": 22,
        "EBIT": 31,
        "Net Income": 17
    },
    "2019-06-30": {
        "Diluted EPS": 0.33,
        "Total Revenue": 227,
        "Gross Profit": 38,
        "Operating Income": 22,
        "EBIT": 30,
        "Net Income": 17
    },
    "2019-03-31": {
        "Diluted EPS": 0.08,
        "Total Revenue": 164,
        "Gross Profit": 20,
        "Operating Income": 6,
        "EBIT": 13,
        "Net Income": 4
    },
    "2018-12-31": {
        "Diluted EPS": 0.1,
        "Total Revenue": 154,
        "Gross Profit": 21,
        "Operating Income": 7,
        "EBIT": 14,
        "Net Income": 5
    },
    "2018-09-30": {
        "Diluted EPS": 0.29,
        "Total Revenue": 216,
        "Gross Profit": 34,
        "Operating Income": 20,
        "EBIT": 27,
        "Net Income": 15
    },
    "2018-06-30": {
        "Diluted EPS": 0.29,
        "Total Revenue": 195,
        "Gross Profit": 29,
        "Operating Income": 15,
        "EBIT": 21,
        "Net Income": 13
    },
    "2018-03-31": {
        "Diluted EPS": 0.27,
        "Total Revenue": 119,
        "Gross Profit": 14,
        "Operating Income": 16,
        "EBIT": 22,
        "Net Income": 11
    },
    "2017-12-31": {
        "Diluted EPS": 0.26,
        "Total Revenue": 150,
        "Gross Profit": 23,
        "Operating Income": 11,
        "EBIT": 16,
        "Net Income": 11
    },
    "2017-09-30": {
        "Diluted EPS": 0.0,
        "Total Revenue": NaN,
        "Gross Profit": NaN,
        "Operating Income": NaN,
        "EBIT": NaN,
        "Net Income": NaN
    },
    "2017-06-30": {
        "Diluted EPS": 0.15,
        "Total Revenue": 148,
        "Gross Profit": 24,
        "Operating Income": 12,
        "EBIT": 17,
        "Net Income": 6
    },
    "2017-03-31": {
        "Diluted EPS": 0.07,
        "Total Revenue": 110,
        "Gross Profit": 14,
        "Operating Income": 6,
        "EBIT": 6,
        "Net Income": 3
    },
    "2016-09-30": {
        "Diluted EPS": 0.0,
        "Total Revenue": NaN,
        "Gross Profit": NaN,
        "Operating Income": NaN,
        "EBIT": NaN,
        "Net Income": NaN
    },
    "2023-09-30": {
        "Tax Effect Of Unusual Items": 553549.303987,
        "Tax Rate For Calcs": 0.24901,
        "Normalized EBITDA": 63816000.0,
        "Total Unusual Items": 2223000.0,
        "Total Unusual Items Excluding Goodwill": 2223000.0,
        "Net Income From Continuing Operation Net Minority Interest": 30913000.0,
        "Reconciled Depreciation": 21331000.0,
        "Reconciled Cost Of Revenue": 399489000.0,
        "EBITDA": 66039000.0,
        "EBIT": 44708000.0,
        "Net Interest Income": -3545000.0,
        "Interest Expense": 3545000.0,
        "Normalized Income": 29243549.303987,
        "Net Income From Continuing And Discontinued Operation": 30913000.0,
        "Total Expenses": 432491000.0,
        "Total Operating Income As Reported": 44758000.0,
        "Diluted Average Shares": NaN,
        "Basic Average Shares": NaN,
        "Diluted EPS": NaN,
        "Basic EPS": NaN,
        "Diluted NI Availto Com Stockholders": 30913000.0,
        "Net Income Common Stockholders": 30913000.0,
        "Net Income": 30913000.0,
        "Net Income Including Noncontrolling Interests": 30913000.0,
        "Net Income Continuous Operations": 30913000.0,
        "Tax Provision": 10250000.0,
        "Pretax Income": 41163000.0,
        "Other Income Expense": 2173000.0,
        "Other Non Operating Income Expenses": -50000.0,
        "Special Income Charges": 2223000.0,
        "Gain On Sale Of Ppe": 2223000.0,
        "Net Non Operating Interest Income Expense": -3545000.0,
        "Interest Expense Non Operating": 3545000.0,
        "Operating Income": 42535000.0,
        "Operating Expense": 33002000.0,
        "Selling General And Administration": 33002000.0,
        "General And Administrative Expense": 33002000.0,
        "Other Gand A": 33002000.0,
        "Gross Profit": 75537000.0,
        "Cost Of Revenue": 399489000.0,
        "Total Revenue": 475026000.0,
        "Operating Revenue": 475026000.0
    },
    "2023-12-31": {
        "Tax Effect Of Unusual Items": 201476.0,
        "Tax Rate For Calcs": 0.241,
        "Normalized EBITDA": 36992000.0,
        "Total Unusual Items": 836000.0,
        "Total Unusual Items Excluding Goodwill": 836000.0,
        "Net Income From Continuing Operation Net Minority Interest": 9843000.0,
        "Reconciled Depreciation": 21121000.0,
        "Reconciled Cost Of Revenue": 344625000.0,
        "EBITDA": 37828000.0,
        "EBIT": 16707000.0,
        "Net Interest Income": -3746000.0,
        "Interest Expense": 3746000.0,
        "Normalized Income": 9208476.0,
        "Net Income From Continuing And Discontinued Operation": 9843000.0,
        "Total Expenses": 380606000.0,
        "Total Operating Income As Reported": 16735000.0,
        "Diluted Average Shares": 52430864.0,
        "Basic Average Shares": 51892426.0,
        "Diluted EPS": 0.19,
        "Basic EPS": 0.19,
        "Diluted NI Availto Com Stockholders": 9843000.0,
        "Net Income Common Stockholders": 9843000.0,
        "Net Income": 9843000.0,
        "Net Income Including Noncontrolling Interests": 9843000.0,
        "Net Income Continuous Operations": 9843000.0,
        "Tax Provision": 3118000.0,
        "Pretax Income": 12961000.0,
        "Other Income Expense": 808000.0,
        "Other Non Operating Income Expenses": -28000.0,
        "Special Income Charges": 836000.0,
        "Gain On Sale Of Ppe": 836000.0,
        "Net Non Operating Interest Income Expense": -3746000.0,
        "Interest Expense Non Operating": 3746000.0,
        "Operating Income": 15899000.0,
        "Operating Expense": 35981000.0,
        "Selling General And Administration": 35981000.0,
        "General And Administrative Expense": 35981000.0,
        "Other Gand A": 35981000.0,
        "Gross Profit": 51880000.0,
        "Cost Of Revenue": 344625000.0,
        "Total Revenue": 396505000.0,
        "Operating Revenue": 396505000.0
    },
    "2024-03-31": {
        "Tax Effect Of Unusual Items": 228882.0,
        "Tax Rate For Calcs": 0.222,
        "Normalized EBITDA": 24932000.0,
        "Total Unusual Items": 1031000.0,
        "Total Unusual Items Excluding Goodwill": 1031000.0,
        "Net Income From Continuing Operation Net Minority Interest": -1124000.0,
        "Reconciled Depreciation": 22840000.0,
        "Reconciled Cost Of Revenue": 332626000.0,
        "EBITDA": 25963000.0,
        "EBIT": 3123000.0,
        "Net Interest Income": -4568000.0,
        "Interest Expense": 4568000.0,
        "Normalized Income": -1926118.0,
        "Net Income From Continuing And Discontinued Operation": -1124000.0,
        "Total Expenses": 369378000.0,
        "Total Operating Income As Reported": 3080000.0,
        "Diluted Average Shares": 51938216.0,
        "Basic Average Shares": 51938216.0,
        "Diluted EPS": -0.02,
        "Basic EPS": -0.02,
        "Diluted NI Availto Com Stockholders": -1124000.0,
        "Net Income Common Stockholders": -1124000.0,
        "Net Income": -1124000.0,
        "Net Income Including Noncontrolling Interests": -1124000.0,
        "Net Income Continuous Operations": -1124000.0,
        "Tax Provision": -321000.0,
        "Pretax Income": -1445000.0,
        "Other Income Expense": 1074000.0,
        "Other Non Operating Income Expenses": 43000.0,
        "Special Income Charges": 1031000.0,
        "Gain On Sale Of Ppe": 1031000.0,
        "Net Non Operating Interest Income Expense": -4568000.0,
        "Interest Expense Non Operating": 4568000.0,
        "Operating Income": 2049000.0,
        "Operating Expense": 36752000.0,
        "Selling General And Administration": 36752000.0,
        "General And Administrative Expense": 36752000.0,
        "Other Gand A": 36752000.0,
        "Gross Profit": 38801000.0,
        "Cost Of Revenue": 332626000.0,
        "Total Revenue": 371427000.0,
        "Operating Revenue": 371427000.0
    }
}