{
    "2023-03-31": {
        "Tax Effect Of Unusual Items": 0.0,
        "Tax Rate For Calcs": 0.254,
        "Normalized EBITDA": 36601000.0,
        "Net Income From Continuing Operation Net Minority Interest": 21099000.0,
        "Reconciled Depreciation": 6834000.0,
        "Reconciled Cost Of Revenue": 216338000.0,
        "EBITDA": 36601000.0,
        "EBIT": 29767000.0,
        "Net Interest Income": -1491000.0,
        "Interest Expense": 1491000.0,
        "Normalized Income": 21099000.0,
        "Net Income From Continuing And Discontinued Operation": 21099000.0,
        "Total Expenses": 263897000.0,
        "Total Operating Income As Reported": 29370000.0,
        "Diluted Average Shares": 31024000.0,
        "Basic Average Shares": 30897000.0,
        "Diluted EPS": 0.68,
        "Basic EPS": 0.68,
        "Diluted NI Availto Com Stockholders": 21099000.0,
        "Net Income Common Stockholders": 21099000.0,
        "Net Income": 21099000.0,
        "Net Income Including Noncontrolling Interests": 21099000.0,
        "Net Income Continuous Operations": 21099000.0,
        "Tax Provision": 7177000.0,
        "Pretax Income": 28276000.0,
        "Other Income Expense": 397000.0,
        "Other Non Operating Income Expenses": 397000.0,
        "Net Non Operating Interest Income Expense": -1491000.0,
        "Interest Expense Non Operating": 1491000.0,
        "Operating Income": 29370000.0,
        "Operating Expense": 47559000.0,
        "Selling General And Administration": 47559000.0,
        "Gross Profit": 76929000.0,
        "Cost Of Revenue": 216338000.0,
        "Total Revenue": 293267000.0,
        "Operating Revenue": 293267000.0
    },
    "2022-12-31": {
        "Tax Effect Of Unusual Items": 0.0,
        "Tax Rate For Calcs": 0.21,
        "Normalized EBITDA": 14579000.0,
        "Net Income From Continuing Operation Net Minority Interest": 3348000.0,
        "Reconciled Depreciation": 6975000.0,
        "Reconciled Cost Of Revenue": 244838000.0,
        "EBITDA": 14579000.0,
        "EBIT": 7604000.0,
        "Net Interest Income": -1858000.0,
        "Interest Expense": 1858000.0,
        "Normalized Income": 3348000.0,
        "Net Income From Continuing And Discontinued Operation": 3348000.0,
        "Total Expenses": 292489000.0,
        "Total Operating Income As Reported": 21372000.0,
        "Diluted Average Shares": 31257000.0,
        "Basic Average Shares": 31135000.0,
        "Diluted EPS": 0.11,
        "Basic EPS": 0.11,
        "Diluted NI Availto Com Stockholders": 3348000.0,
        "Net Income Common Stockholders": 3348000.0,
        "Net Income": 3348000.0,
        "Net Income Including Noncontrolling Interests": 3348000.0,
        "Net Income Discontinuous Operations": 0.0,
        "Net Income Continuous Operations": 3348000.0,
        "Tax Provision": 2398000.0,
        "Pretax Income": 5746000.0,
        "Other Income Expense": -13768000.0,
        "Other Non Operating Income Expenses": -13768000.0,
        "Net Non Operating Interest Income Expense": -1858000.0,
        "Interest Expense Non Operating": 1858000.0,
        "Operating Income": 21372000.0,
        "Operating Expense": 47651000.0,
        "Selling General And Administration": 47651000.0,
        "Gross Profit": 69023000.0,
        "Cost Of Revenue": 244838000.0,
        "Total Revenue": 313861000.0,
        "Operating Revenue": 313861000.0
    },
    "2022-09-30": {
        "Tax Effect Of Unusual Items": 0.0,
        "Tax Rate For Calcs": 0.254,
        "Normalized EBITDA": 53548000.0,
        "Total Unusual Items": NaN,
        "Total Unusual Items Excluding Goodwill": NaN,
        "Net Income From Continuing Operation Net Minority Interest": 34295000.0,
        "Reconciled Depreciation": 6515000.0,
        "Reconciled Cost Of Revenue": 296735000.0,
        "EBITDA": 53548000.0,
        "EBIT": 47033000.0,
        "Net Interest Income": -1048000.0,
        "Interest Expense": 1048000.0,
        "Normalized Income": 34295000.0,
        "Net Income From Continuing And Discontinued Operation": 34295000.0,
        "Total Expenses": 343895000.0,
        "Total Operating Income As Reported": 47396000.0,
        "Diluted Average Shares": 31812000.0,
        "Basic Average Shares": 31707000.0,
        "Diluted EPS": 1.08,
        "Basic EPS": 1.08,
        "Diluted NI Availto Com Stockholders": 34295000.0,
        "Net Income Common Stockholders": 34295000.0,
        "Net Income": 34295000.0,
        "Net Income Including Noncontrolling Interests": 34295000.0,
        "Net Income Discontinuous Operations": 0.0,
        "Net Income Continuous Operations": 34295000.0,
        "Tax Provision": 11690000.0,
        "Pretax Income": 45985000.0,
        "Other Income Expense": -363000.0,
        "Other Non Operating Income Expenses": -363000.0,
        "Special Income Charges": NaN,
        "Impairment Of Capital Assets": NaN,
        "Net Non Operating Interest Income Expense": -1048000.0,
        "Interest Expense Non Operating": 1048000.0,
        "Operating Income": 47396000.0,
        "Operating Expense": 47160000.0,
        "Selling General And Administration": 47160000.0,
        "Gross Profit": 94556000.0,
        "Cost Of Revenue": 296735000.0,
        "Total Revenue": 391291000.0,
        "Operating Revenue": 391291000.0
    },
    "2022-06-30": {
        "Tax Effect Of Unusual Items": 0.0,
        "Tax Rate For Calcs": 0.252,
        "Normalized EBITDA": 46199000.0,
        "Total Unusual Items": NaN,
        "Total Unusual Items Excluding Goodwill": NaN,
        "Net Income From Continuing Operation Net Minority Interest": 29307000.0,
        "Reconciled Depreciation": 6341000.0,
        "Reconciled Cost Of Revenue": 276678000.0,
        "EBITDA": 46199000.0,
        "EBIT": 39858000.0,
        "Net Interest Income": -656000.0,
        "Interest Expense": 656000.0,
        "Normalized Income": 29307000.0,
        "Net Income From Continuing And Discontinued Operation": 29307000.0,
        "Total Expenses": 326810000.0,
        "Total Operating Income As Reported": 40139000.0,
        "Diluted Average Shares": 32660000.0,
        "Basic Average Shares": 32585000.0,
        "Diluted EPS": 0.9,
        "Basic EPS": 0.9,
        "Diluted NI Availto Com Stockholders": 29307000.0,
        "Net Income Common Stockholders": 29307000.0,
        "Net Income": 29307000.0,
        "Net Income Including Noncontrolling Interests": 29307000.0,
        "Net Income Discontinuous Operations": 0.0,
        "Net Income Continuous Operations": 29307000.0,
        "Tax Provision": 9895000.0,
        "Pretax Income": 39202000.0,
        "Other Income Expense": -281000.0,
        "Other Non Operating Income Expenses": -281000.0,
        "Special Income Charges": NaN,
        "Impairment Of Capital Assets": NaN,
        "Net Non Operating Interest Income Expense": -656000.0,
        "Interest Expense Non Operating": 656000.0,
        "Operating Income": 40139000.0,
        "Operating Expense": 50132000.0,
        "Selling General And Administration": 50132000.0,
        "Gross Profit": 90271000.0,
        "Cost Of Revenue": 276678000.0,
        "Total Revenue": 366949000.0,
        "Operating Revenue": 366949000.0
    },
    "2023-06-30": {
        "Tax Effect Of Unusual Items": 0.0,
        "Tax Rate For Calcs": 0.273,
        "Normalized EBITDA": 50417000.0,
        "Net Income From Continuing Operation Net Minority Interest": 30723000.0,
        "Reconciled Depreciation": 6831000.0,
        "Reconciled Cost Of Revenue": 268175000.0,
        "EBITDA": 50417000.0,
        "EBIT": 43586000.0,
        "Net Interest Income": -1308000.0,
        "Interest Expense": 1308000.0,
        "Normalized Income": 30723000.0,
        "Net Income From Continuing And Discontinued Operation": 30723000.0,
        "Total Expenses": 321837000.0,
        "Total Operating Income As Reported": 43077000.0,
        "Diluted Average Shares": 30684000.0,
        "Basic Average Shares": 30554000.0,
        "Diluted EPS": 1.0,
        "Basic EPS": 1.01,
        "Diluted NI Availto Com Stockholders": 30723000.0,
        "Net Income Common Stockholders": 30723000.0,
        "Net Income": 30723000.0,
        "Net Income Including Noncontrolling Interests": 30723000.0,
        "Net Income Continuous Operations": 30723000.0,
        "Tax Provision": 11555000.0,
        "Pretax Income": 42278000.0,
        "Other Income Expense": 509000.0,
        "Other Non Operating Income Expenses": 509000.0,
        "Net Non Operating Interest Income Expense": -1308000.0,
        "Interest Expense Non Operating": 1308000.0,
        "Operating Income": 43077000.0,
        "Operating Expense": 53662000.0,
        "Selling General And Administration": 53662000.0,
        "Gross Profit": 96739000.0,
        "Cost Of Revenue": 268175000.0,
        "Total Revenue": 364914000.0,
        "Operating Revenue": 364914000.0
    },
    "2022-03-31": {
        "Diluted EPS": 0.77,
        "Total Revenue": 402,
        "Gross Profit": 261,
        "Operating Income": 131,
        "EBIT": 164,
        "Net Income": 48
    },
    "2021-12-31": {
        "Diluted EPS": 1.71,
        "Total Revenue": 422,
        "Gross Profit": 275,
        "Operating Income": 171,
        "EBIT": 205,
        "Net Income": 149
    },
    "2021-09-30": {
        "Diluted EPS": 0.93,
        "Total Revenue": 415,
        "Gross Profit": 270,
        "Operating Income": 143,
        "EBIT": 177,
        "Net Income": 71
    },
    "2021-06-30": {
        "Diluted EPS": 1.12,
        "Total Revenue": 428,
        "Gross Profit": 288,
        "Operating Income": 167,
        "EBIT": 203,
        "Net Income": 87
    },
    "2021-03-31": {
        "Diluted EPS": -0.92,
        "Total Revenue": 353,
        "Gross Profit": 232,
        "Operating Income": 99,
        "EBIT": 153,
        "Net Income": -65
    },
    "2020-12-31": {
        "Diluted EPS": 0.5,
        "Total Revenue": 343,
        "Gross Profit": 226,
        "Operating Income": 79,
        "EBIT": 136,
        "Net Income": 7
    },
    "2020-09-30": {
        "Diluted EPS": 0.56,
        "Total Revenue": 353,
        "Gross Profit": 239,
        "Operating Income": 101,
        "EBIT": 158,
        "Net Income": 66
    },
    "2020-06-30": {
        "Diluted EPS": -1.01,
        "Total Revenue": 108,
        "Gross Profit": 45,
        "Operating Income": -94,
        "EBIT": -36,
        "Net Income": -72
    },
    "2020-03-31": {
        "Diluted EPS": -2.18,
        "Total Revenue": 377,
        "Gross Profit": 171,
        "Operating Income": 3,
        "EBIT": 61,
        "Net Income": -152
    },
    "2019-12-31": {
        "Diluted EPS": 0.07,
        "Total Revenue": 461,
        "Gross Profit": 232,
        "Operating Income": 60,
        "EBIT": 118,
        "Net Income": 5
    },
    "2019-09-30": {
        "Diluted EPS": -0.22,
        "Total Revenue": 466,
        "Gross Profit": 214,
        "Operating Income": 14,
        "EBIT": 72,
        "Net Income": -16
    },
    "2019-06-30": {
        "Diluted EPS": -0.06,
        "Total Revenue": 483,
        "Gross Profit": 221,
        "Operating Income": 45,
        "EBIT": 101,
        "Net Income": -4
    },
    "2019-03-31": {
        "Diluted EPS": 0.16,
        "Total Revenue": 447,
        "Gross Profit": 240,
        "Operating Income": 66,
        "EBIT": 117,
        "Net Income": 11
    },
    "2018-12-31": {
        "Diluted EPS": 0.1,
        "Total Revenue": 431,
        "Gross Profit": 225,
        "Operating Income": 72,
        "EBIT": 119,
        "Net Income": -15
    },
    "2018-09-30": {
        "Diluted EPS": 0.2,
        "Total Revenue": 412,
        "Gross Profit": 210,
        "Operating Income": 55,
        "EBIT": 99,
        "Net Income": 15
    },
    "2018-06-30": {
        "Diluted EPS": 0.82,
        "Total Revenue": 416,
        "Gross Profit": 219,
        "Operating Income": 138,
        "EBIT": 184,
        "Net Income": 83
    },
    "2018-03-31": {
        "Diluted EPS": 0.65,
        "Total Revenue": 421,
        "Gross Profit": 233,
        "Operating Income": 108,
        "EBIT": 151,
        "Net Income": 75
    },
    "2017-12-31": {
        "Diluted EPS": 0.34,
        "Total Revenue": 400,
        "Gross Profit": 213,
        "Operating Income": 213,
        "EBIT": 256,
        "Net Income": 41
    },
    "2017-09-30": {
        "Diluted EPS": 0.16,
        "Total Revenue": 406,
        "Gross Profit": 217,
        "Operating Income": 58,
        "EBIT": 101,
        "Net Income": NaN
    },
    "2017-06-30": {
        "Diluted EPS": -0.38,
        "Total Revenue": 410,
        "Gross Profit": 219,
        "Operating Income": -31,
        "EBIT": 16,
        "Net Income": -26
    },
    "2017-03-31": {
        "Diluted EPS": 0.3,
        "Total Revenue": 426,
        "Gross Profit": 234,
        "Operating Income": 93,
        "EBIT": 138,
        "Net Income": 20
    },
    "2016-12-31": {
        "Diluted EPS": 0.18,
        "Total Revenue": 395,
        "Gross Profit": 212,
        "Operating Income": 72,
        "EBIT": 115,
        "Net Income": 20
    },
    "2016-09-30": {
        "Diluted EPS": 0.2,
        "Total Revenue": 347,
        "Gross Profit": 194,
        "Operating Income": 73,
        "EBIT": 110,
        "Net Income": 8
    },
    "2016-06-30": {
        "Diluted EPS": 0.01,
        "Total Revenue": 351,
        "Gross Profit": 200,
        "Operating Income": 70,
        "EBIT": 108,
        "Net Income": 0
    },
    "2016-03-31": {
        "Diluted EPS": 0.64,
        "Total Revenue": 359,
        "Gross Profit": 211,
        "Operating Income": 94,
        "EBIT": 133,
        "Net Income": 6
    },
    "2015-12-31": {
        "Diluted EPS": 1.03,
        "Total Revenue": 348,
        "Gross Profit": 198,
        "Operating Income": 88,
        "EBIT": 122,
        "Net Income": 72
    },
    "2015-09-30": {
        "Diluted EPS": 0.21,
        "Total Revenue": 324,
        "Gross Profit": 181,
        "Operating Income": 57,
        "EBIT": 90,
        "Net Income": 19
    },
    "2015-06-30": {
        "Diluted EPS": 0.29,
        "Total Revenue": 338,
        "Gross Profit": 192,
        "Operating Income": 66,
        "EBIT": 102,
        "Net Income": 3
    },
    "2015-03-31": {
        "Diluted EPS": 0.0,
        "Total Revenue": 343,
        "Gross Profit": 198,
        "Operating Income": 82,
        "EBIT": 117,
        "Net Income": 44
    },
    "2014-12-31": {
        "Diluted EPS": 0.0,
        "Total Revenue": NaN,
        "Gross Profit": NaN,
        "Operating Income": NaN,
        "EBIT": NaN,
        "Net Income": NaN
    },
    "2013-12-31": {
        "Diluted EPS": 0.0,
        "Total Revenue": NaN,
        "Gross Profit": NaN,
        "Operating Income": NaN,
        "EBIT": NaN,
        "Net Income": NaN
    },
    "2023-09-30": {
        "Tax Effect Of Unusual Items": 0.0,
        "Tax Rate For Calcs": 0.27,
        "Normalized EBITDA": 61139000.0,
        "Net Income From Continuing Operation Net Minority Interest": 39277000.0,
        "Reconciled Depreciation": 6909000.0,
        "Reconciled Cost Of Revenue": 285360000.0,
        "EBITDA": 61139000.0,
        "EBIT": 54230000.0,
        "Net Interest Income": -417000.0,
        "Interest Expense": 417000.0,
        "Normalized Income": 39277000.0,
        "Net Income From Continuing And Discontinued Operation": 39277000.0,
        "Total Expenses": 337554000.0,
        "Total Operating Income As Reported": 53190000.0,
        "Diluted Average Shares": 30715000.0,
        "Basic Average Shares": 30485000.0,
        "Diluted EPS": 1.28,
        "Basic EPS": 1.29,
        "Diluted NI Availto Com Stockholders": 39277000.0,
        "Net Income Common Stockholders": 39277000.0,
        "Net Income": 39277000.0,
        "Net Income Including Noncontrolling Interests": 39277000.0,
        "Net Income Continuous Operations": 39277000.0,
        "Tax Provision": 14536000.0,
        "Pretax Income": 53813000.0,
        "Other Income Expense": 1040000.0,
        "Other Non Operating Income Expenses": 1040000.0,
        "Net Non Operating Interest Income Expense": -417000.0,
        "Interest Expense Non Operating": 417000.0,
        "Operating Income": 53190000.0,
        "Operating Expense": 52194000.0,
        "Selling General And Administration": 52194000.0,
        "Gross Profit": 105384000.0,
        "Cost Of Revenue": 285360000.0,
        "Total Revenue": 390744000.0,
        "Operating Revenue": 390744000.0
    },
    "2023-12-31": {
        "Tax Effect Of Unusual Items": 0.0,
        "Tax Rate For Calcs": 0.210802,
        "Normalized EBITDA": 31215000.0,
        "Net Income From Continuing Operation Net Minority Interest": 19434000.0,
        "Reconciled Depreciation": 6804000.0,
        "Reconciled Cost Of Revenue": 245897000.0,
        "EBITDA": 31215000.0,
        "EBIT": 24411000.0,
        "Net Interest Income": 214000.0,
        "Interest Expense": -214000.0,
        "Normalized Income": 19434000.0,
        "Net Income From Continuing And Discontinued Operation": 19434000.0,
        "Total Expenses": 299922000.0,
        "Total Operating Income As Reported": 25092000.0,
        "Diluted Average Shares": NaN,
        "Basic Average Shares": NaN,
        "Diluted EPS": NaN,
        "Basic EPS": NaN,
        "Diluted NI Availto Com Stockholders": 19434000.0,
        "Net Income Common Stockholders": 19434000.0,
        "Net Income": 19434000.0,
        "Net Income Including Noncontrolling Interests": 19434000.0,
        "Net Income Continuous Operations": 19434000.0,
        "Tax Provision": 5191000.0,
        "Pretax Income": 24625000.0,
        "Other Income Expense": -4478000.0,
        "Other Non Operating Income Expenses": -681000.0,
        "Net Non Operating Interest Income Expense": 214000.0,
        "Interest Expense Non Operating": -214000.0,
        "Operating Income": 28889000.0,
        "Operating Expense": 54025000.0,
        "Selling General And Administration": 54025000.0,
        "Gross Profit": 82914000.0,
        "Cost Of Revenue": 245897000.0,
        "Total Revenue": 328811000.0,
        "Operating Revenue": 328811000.0
    }
}