{
    "2023-03-31": {
        "Tax Effect Of Unusual Items": NaN,
        "Tax Rate For Calcs": NaN,
        "Normalized EBITDA": NaN,
        "Total Unusual Items": NaN,
        "Total Unusual Items Excluding Goodwill": NaN,
        "Net Income From Continuing Operation Net Minority Interest": NaN,
        "Reconciled Depreciation": NaN,
        "Reconciled Cost Of Revenue": NaN,
        "EBITDA": NaN,
        "EBIT": NaN,
        "Net Interest Income": NaN,
        "Interest Expense": NaN,
        "Interest Income": NaN,
        "Normalized Income": NaN,
        "Net Income From Continuing And Discontinued Operation": NaN,
        "Total Expenses": NaN,
        "Total Operating Income As Reported": NaN,
        "Diluted Average Shares": NaN,
        "Basic Average Shares": NaN,
        "Diluted EPS": NaN,
        "Basic EPS": NaN,
        "Diluted NI Availto Com Stockholders": NaN,
        "Net Income Common Stockholders": NaN,
        "Net Income": NaN,
        "Net Income Including Noncontrolling Interests": NaN,
        "Net Income Continuous Operations": NaN,
        "Tax Provision": NaN,
        "Pretax Income": NaN,
        "Other Income Expense": NaN,
        "Other Non Operating Income Expenses": NaN,
        "Special Income Charges": NaN,
        "Gain On Sale Of Ppe": NaN,
        "Other Special Charges": -200000.0,
        "Impairment Of Capital Assets": NaN,
        "Restructuring And Mergern Acquisition": NaN,
        "Earnings From Equity Interest": NaN,
        "Net Non Operating Interest Income Expense": NaN,
        "Total Other Finance Cost": NaN,
        "Interest Expense Non Operating": NaN,
        "Interest Income Non Operating": NaN,
        "Operating Income": NaN,
        "Operating Expense": NaN,
        "Research And Development": NaN,
        "Selling General And Administration": NaN,
        "General And Administrative Expense": NaN,
        "Other Gand A": NaN,
        "Gross Profit": NaN,
        "Cost Of Revenue": NaN,
        "Total Revenue": NaN,
        "Operating Revenue": NaN
    },
    "2022-12-31": {
        "Tax Effect Of Unusual Items": NaN,
        "Tax Rate For Calcs": NaN,
        "Normalized EBITDA": NaN,
        "Total Unusual Items": NaN,
        "Total Unusual Items Excluding Goodwill": NaN,
        "Net Income From Continuing Operation Net Minority Interest": NaN,
        "Reconciled Depreciation": NaN,
        "Reconciled Cost Of Revenue": NaN,
        "EBITDA": NaN,
        "EBIT": NaN,
        "Net Interest Income": NaN,
        "Interest Expense": NaN,
        "Interest Income": NaN,
        "Normalized Income": NaN,
        "Net Income From Continuing And Discontinued Operation": NaN,
        "Total Expenses": NaN,
        "Total Operating Income As Reported": NaN,
        "Diluted Average Shares": NaN,
        "Basic Average Shares": NaN,
        "Diluted EPS": NaN,
        "Basic EPS": NaN,
        "Diluted NI Availto Com Stockholders": NaN,
        "Net Income Common Stockholders": NaN,
        "Net Income": NaN,
        "Net Income Including Noncontrolling Interests": NaN,
        "Net Income Continuous Operations": NaN,
        "Tax Provision": NaN,
        "Pretax Income": NaN,
        "Other Income Expense": NaN,
        "Other Non Operating Income Expenses": NaN,
        "Special Income Charges": NaN,
        "Gain On Sale Of Ppe": NaN,
        "Other Special Charges": 432000.0,
        "Impairment Of Capital Assets": 46979000.0,
        "Restructuring And Mergern Acquisition": NaN,
        "Earnings From Equity Interest": NaN,
        "Net Non Operating Interest Income Expense": NaN,
        "Total Other Finance Cost": NaN,
        "Interest Expense Non Operating": NaN,
        "Interest Income Non Operating": NaN,
        "Operating Income": NaN,
        "Operating Expense": NaN,
        "Research And Development": NaN,
        "Selling General And Administration": NaN,
        "General And Administrative Expense": NaN,
        "Other Gand A": NaN,
        "Gross Profit": NaN,
        "Cost Of Revenue": NaN,
        "Total Revenue": NaN,
        "Operating Revenue": NaN
    },
    "2022-09-30": {
        "Tax Effect Of Unusual Items": NaN,
        "Tax Rate For Calcs": NaN,
        "Normalized EBITDA": NaN,
        "Total Unusual Items": NaN,
        "Total Unusual Items Excluding Goodwill": NaN,
        "Net Income From Continuing Operation Net Minority Interest": NaN,
        "Reconciled Depreciation": NaN,
        "Reconciled Cost Of Revenue": NaN,
        "EBITDA": NaN,
        "EBIT": NaN,
        "Net Interest Income": NaN,
        "Interest Expense": NaN,
        "Interest Income": NaN,
        "Normalized Income": NaN,
        "Net Income From Continuing And Discontinued Operation": NaN,
        "Total Expenses": NaN,
        "Total Operating Income As Reported": NaN,
        "Diluted Average Shares": NaN,
        "Basic Average Shares": NaN,
        "Diluted EPS": NaN,
        "Basic EPS": NaN,
        "Diluted NI Availto Com Stockholders": NaN,
        "Net Income Common Stockholders": NaN,
        "Net Income": NaN,
        "Net Income Including Noncontrolling Interests": NaN,
        "Net Income Continuous Operations": NaN,
        "Tax Provision": NaN,
        "Pretax Income": NaN,
        "Other Income Expense": NaN,
        "Other Non Operating Income Expenses": NaN,
        "Special Income Charges": NaN,
        "Gain On Sale Of Ppe": NaN,
        "Other Special Charges": NaN,
        "Impairment Of Capital Assets": 0.0,
        "Restructuring And Mergern Acquisition": NaN,
        "Earnings From Equity Interest": NaN,
        "Net Non Operating Interest Income Expense": NaN,
        "Total Other Finance Cost": NaN,
        "Interest Expense Non Operating": NaN,
        "Interest Income Non Operating": NaN,
        "Operating Income": NaN,
        "Operating Expense": NaN,
        "Research And Development": NaN,
        "Selling General And Administration": NaN,
        "Gross Profit": NaN,
        "Cost Of Revenue": NaN,
        "Total Revenue": NaN,
        "Operating Revenue": NaN
    },
    "2022-06-30": {
        "Tax Effect Of Unusual Items": -171855.801727,
        "Tax Rate For Calcs": 0.253849,
        "Normalized EBITDA": 26192000.0,
        "Total Unusual Items": -677000.0,
        "Total Unusual Items Excluding Goodwill": -677000.0,
        "Net Income From Continuing Operation Net Minority Interest": 17883000.0,
        "Reconciled Depreciation": 12256000.0,
        "Reconciled Cost Of Revenue": 165452000.0,
        "EBITDA": 25515000.0,
        "EBIT": 25515000.0,
        "Net Interest Income": -1548000.0,
        "Interest Expense": 1548000.0,
        "Interest Income": 179000.0,
        "Normalized Income": 18388144.198273,
        "Net Income From Continuing And Discontinued Operation": 17883000.0,
        "Total Expenses": 227897000.0,
        "Total Operating Income As Reported": 23396000.0,
        "Diluted Average Shares": 18992000.0,
        "Basic Average Shares": 18813000.0,
        "Diluted EPS": 0.94,
        "Basic EPS": 0.95,
        "Diluted NI Availto Com Stockholders": 17883000.0,
        "Net Income Common Stockholders": 17883000.0,
        "Net Income": 17883000.0,
        "Net Income Including Noncontrolling Interests": 17883000.0,
        "Net Income Continuous Operations": 17883000.0,
        "Tax Provision": 6084000.0,
        "Pretax Income": 23967000.0,
        "Other Income Expense": 1442000.0,
        "Other Non Operating Income Expenses": 319000.0,
        "Special Income Charges": -677000.0,
        "Gain On Sale Of Ppe": 3000.0,
        "Other Special Charges": -1740000.0,
        "Impairment Of Capital Assets": 212000.0,
        "Restructuring And Mergern Acquisition": 677000.0,
        "Earnings From Equity Interest": 1800000.0,
        "Net Non Operating Interest Income Expense": -1548000.0,
        "Total Other Finance Cost": 179000.0,
        "Interest Expense Non Operating": 1548000.0,
        "Interest Income Non Operating": 179000.0,
        "Operating Income": 24073000.0,
        "Operating Expense": 62445000.0,
        "Other Operating Expenses": -1743000.0,
        "Research And Development": 8050000.0,
        "Selling General And Administration": 56138000.0,
        "Gross Profit": 86518000.0,
        "Cost Of Revenue": 165452000.0,
        "Total Revenue": 251970000.0,
        "Operating Revenue": 251970000.0
    },
    "2022-03-31": {
        "Diluted EPS": 0.87,
        "Total Revenue": 248,
        "Gross Profit": 85,
        "Operating Income": 20,
        "EBIT": 31,
        "Net Income": 17
    },
    "2021-12-31": {
        "Diluted EPS": 1.22,
        "Total Revenue": 230,
        "Gross Profit": 78,
        "Operating Income": 10,
        "EBIT": 23,
        "Net Income": 23
    },
    "2021-09-30": {
        "Diluted EPS": 1.33,
        "Total Revenue": 238,
        "Gross Profit": 92,
        "Operating Income": 34,
        "EBIT": 44,
        "Net Income": 25
    },
    "2021-06-30": {
        "Diluted EPS": 1.52,
        "Total Revenue": 235,
        "Gross Profit": 90,
        "Operating Income": 36,
        "EBIT": 46,
        "Net Income": 29
    },
    "2021-03-31": {
        "Diluted EPS": 1.66,
        "Total Revenue": 229,
        "Gross Profit": 89,
        "Operating Income": 37,
        "EBIT": 48,
        "Net Income": 31
    },
    "2020-12-31": {
        "Diluted EPS": 0.81,
        "Total Revenue": 211,
        "Gross Profit": 81,
        "Operating Income": 20,
        "EBIT": 43,
        "Net Income": 15
    },
    "2020-09-30": {
        "Diluted EPS": 0.37,
        "Total Revenue": 202,
        "Gross Profit": 76,
        "Operating Income": 9,
        "EBIT": 31,
        "Net Income": 7
    },
    "2020-06-30": {
        "Diluted EPS": 0.78,
        "Total Revenue": 191,
        "Gross Profit": 70,
        "Operating Income": 21,
        "EBIT": 36,
        "Net Income": 15
    },
    "2020-03-31": {
        "Diluted EPS": 0.71,
        "Total Revenue": 199,
        "Gross Profit": 66,
        "Operating Income": 17,
        "EBIT": 28,
        "Net Income": 13
    },
    "2019-12-31": {
        "Diluted EPS": -1.54,
        "Total Revenue": 194,
        "Gross Profit": 64,
        "Operating Income": 15,
        "EBIT": 27,
        "Net Income": -29
    },
    "2019-09-30": {
        "Diluted EPS": 1.25,
        "Total Revenue": 222,
        "Gross Profit": 79,
        "Operating Income": 30,
        "EBIT": 42,
        "Net Income": 23
    },
    "2019-06-30": {
        "Diluted EPS": 1.3,
        "Total Revenue": 243,
        "Gross Profit": 86,
        "Operating Income": 33,
        "EBIT": 45,
        "Net Income": 24
    },
    "2019-03-31": {
        "Diluted EPS": 1.52,
        "Total Revenue": 240,
        "Gross Profit": 85,
        "Operating Income": 33,
        "EBIT": 46,
        "Net Income": 28
    },
    "2018-12-31": {
        "Diluted EPS": 1.31,
        "Total Revenue": 223,
        "Gross Profit": 78,
        "Operating Income": 27,
        "EBIT": 42,
        "Net Income": 24
    },
    "2018-09-30": {
        "Diluted EPS": 1.06,
        "Total Revenue": 227,
        "Gross Profit": 79,
        "Operating Income": 30,
        "EBIT": 43,
        "Net Income": 20
    },
    "2018-06-30": {
        "Diluted EPS": 0.93,
        "Total Revenue": 215,
        "Gross Profit": 77,
        "Operating Income": 25,
        "EBIT": 36,
        "Net Income": 17
    },
    "2018-03-31": {
        "Diluted EPS": 1.4,
        "Total Revenue": 215,
        "Gross Profit": 77,
        "Operating Income": 31,
        "EBIT": 42,
        "Net Income": 26
    },
    "2017-12-31": {
        "Diluted EPS": 0.37,
        "Total Revenue": 209,
        "Gross Profit": 75,
        "Operating Income": 19,
        "EBIT": 30,
        "Net Income": 7
    },
    "2017-09-30": {
        "Diluted EPS": 1.37,
        "Total Revenue": 207,
        "Gross Profit": 82,
        "Operating Income": 39,
        "EBIT": 50,
        "Net Income": 26
    },
    "2017-06-30": {
        "Diluted EPS": 1.13,
        "Total Revenue": 201,
        "Gross Profit": 81,
        "Operating Income": 32,
        "EBIT": 43,
        "Net Income": 21
    },
    "2017-03-31": {
        "Diluted EPS": 1.47,
        "Total Revenue": 204,
        "Gross Profit": 80,
        "Operating Income": 39,
        "EBIT": 50,
        "Net Income": 27
    },
    "2016-12-31": {
        "Diluted EPS": 0.66,
        "Total Revenue": 173,
        "Gross Profit": 67,
        "Operating Income": 15,
        "EBIT": 25,
        "Net Income": 12
    },
    "2016-09-30": {
        "Diluted EPS": 0.88,
        "Total Revenue": 165,
        "Gross Profit": 62,
        "Operating Income": 23,
        "EBIT": 32,
        "Net Income": 16
    },
    "2016-06-30": {
        "Diluted EPS": 0.29,
        "Total Revenue": 157,
        "Gross Profit": 60,
        "Operating Income": 19,
        "EBIT": 28,
        "Net Income": 5
    },
    "2016-03-31": {
        "Diluted EPS": 0.82,
        "Total Revenue": 161,
        "Gross Profit": 61,
        "Operating Income": 24,
        "EBIT": 33,
        "Net Income": 15
    },
    "2015-12-31": {
        "Diluted EPS": 0.38,
        "Total Revenue": 153,
        "Gross Profit": 53,
        "Operating Income": 12,
        "EBIT": 21,
        "Net Income": 7
    },
    "2015-09-30": {
        "Diluted EPS": 0.67,
        "Total Revenue": 160,
        "Gross Profit": 60,
        "Operating Income": 23,
        "EBIT": 32,
        "Net Income": 13
    },
    "2015-06-30": {
        "Diluted EPS": 0.71,
        "Total Revenue": 163,
        "Gross Profit": 61,
        "Operating Income": 21,
        "EBIT": 29,
        "Net Income": 14
    },
    "2015-03-31": {
        "Diluted EPS": 0.72,
        "Total Revenue": 165,
        "Gross Profit": 62,
        "Operating Income": 20,
        "EBIT": 28,
        "Net Income": 14
    },
    "2014-12-31": {
        "Diluted EPS": 0.4,
        "Total Revenue": 148,
        "Gross Profit": 59,
        "Operating Income": 15,
        "EBIT": 22,
        "Net Income": 8
    },
    "2014-09-30": {
        "Diluted EPS": 1.09,
        "Total Revenue": 163,
        "Gross Profit": 65,
        "Operating Income": 28,
        "EBIT": 35,
        "Net Income": 20
    },
    "2014-06-30": {
        "Diluted EPS": 0.58,
        "Total Revenue": 153,
        "Gross Profit": 57,
        "Operating Income": 16,
        "EBIT": 23,
        "Net Income": 11
    },
    "2014-03-31": {
        "Diluted EPS": 0.79,
        "Total Revenue": 147,
        "Gross Profit": 54,
        "Operating Income": 21,
        "EBIT": 28,
        "Net Income": 15
    },
    "2013-12-31": {
        "Diluted EPS": 0.68,
        "Total Revenue": 136,
        "Gross Profit": 52,
        "Operating Income": 12,
        "EBIT": 19,
        "Net Income": 12
    },
    "2013-09-30": {
        "Diluted EPS": 0.76,
        "Total Revenue": 143,
        "Gross Profit": 51,
        "Operating Income": 19,
        "EBIT": 26,
        "Net Income": 14
    },
    "2013-06-30": {
        "Diluted EPS": 0.32,
        "Total Revenue": 132,
        "Gross Profit": 44,
        "Operating Income": 8,
        "EBIT": 15,
        "Net Income": 6
    },
    "2013-03-31": {
        "Diluted EPS": 0.4,
        "Total Revenue": 126,
        "Gross Profit": 41,
        "Operating Income": 11,
        "EBIT": 17,
        "Net Income": 7
    },
    "2012-12-31": {
        "Diluted EPS": 0.31,
        "Total Revenue": 124,
        "Gross Profit": 43,
        "Operating Income": 7,
        "EBIT": 13,
        "Net Income": 5
    },
    "2012-09-30": {
        "Diluted EPS": 3.46,
        "Total Revenue": 129,
        "Gross Profit": 43,
        "Operating Income": 10,
        "EBIT": 17,
        "Net Income": 59
    },
    "2012-06-30": {
        "Diluted EPS": 0.38,
        "Total Revenue": 125,
        "Gross Profit": 37,
        "Operating Income": 9,
        "EBIT": 16,
        "Net Income": 6
    },
    "2012-03-31": {
        "Diluted EPS": -0.11,
        "Total Revenue": 120,
        "Gross Profit": 36,
        "Operating Income": -1,
        "EBIT": 6,
        "Net Income": -2
    },
    "2011-12-31": {
        "Diluted EPS": 0.06,
        "Total Revenue": 122,
        "Gross Profit": 37,
        "Operating Income": 6,
        "EBIT": 12,
        "Net Income": 1
    },
    "2011-09-30": {
        "Diluted EPS": 0.85,
        "Total Revenue": 147,
        "Gross Profit": 51,
        "Operating Income": 18,
        "EBIT": 25,
        "Net Income": 14
    },
    "2011-06-30": {
        "Diluted EPS": 0.73,
        "Total Revenue": 144,
        "Gross Profit": 49,
        "Operating Income": 17,
        "EBIT": 23,
        "Net Income": 12
    },
    "2011-03-31": {
        "Diluted EPS": 0.57,
        "Total Revenue": 136,
        "Gross Profit": 43,
        "Operating Income": 13,
        "EBIT": 21,
        "Net Income": 9
    },
    "2010-12-31": {
        "Diluted EPS": 0.66,
        "Total Revenue": 91,
        "Gross Profit": 33,
        "Operating Income": 7,
        "EBIT": 11,
        "Net Income": 11
    },
    "2010-09-30": {
        "Diluted EPS": 0.55,
        "Total Revenue": 101,
        "Gross Profit": 37,
        "Operating Income": 11,
        "EBIT": 15,
        "Net Income": 9
    },
    "2010-06-30": {
        "Diluted EPS": 0.52,
        "Total Revenue": 97,
        "Gross Profit": 37,
        "Operating Income": 8,
        "EBIT": 12,
        "Net Income": 8
    },
    "2010-03-31": {
        "Diluted EPS": 0.43,
        "Total Revenue": 84,
        "Gross Profit": 30,
        "Operating Income": 6,
        "EBIT": 10,
        "Net Income": 7
    },
    "2009-12-31": {
        "Diluted EPS": 0.46,
        "Total Revenue": 78,
        "Gross Profit": 27,
        "Operating Income": 2,
        "EBIT": 6,
        "Net Income": 7
    },
    "2009-09-30": {
        "Diluted EPS": 0.4,
        "Total Revenue": 81,
        "Gross Profit": 25,
        "Operating Income": 4,
        "EBIT": 9,
        "Net Income": 6
    },
    "2009-06-30": {
        "Diluted EPS": -4.31,
        "Total Revenue": 67,
        "Gross Profit": 17,
        "Operating Income": -21,
        "EBIT": -16,
        "Net Income": -68
    },
    "2009-03-31": {
        "Diluted EPS": -0.56,
        "Total Revenue": 65,
        "Gross Profit": 14,
        "Operating Income": -11,
        "EBIT": -7,
        "Net Income": -9
    },
    "2023-06-30": {
        "Tax Effect Of Unusual Items": NaN,
        "Tax Rate For Calcs": NaN,
        "Normalized EBITDA": NaN,
        "Total Unusual Items": NaN,
        "Total Unusual Items Excluding Goodwill": NaN,
        "Net Income From Continuing Operation Net Minority Interest": NaN,
        "Reconciled Depreciation": NaN,
        "Reconciled Cost Of Revenue": NaN,
        "EBITDA": NaN,
        "EBIT": NaN,
        "Net Interest Income": NaN,
        "Interest Expense": NaN,
        "Interest Income": NaN,
        "Normalized Income": NaN,
        "Net Income From Continuing And Discontinued Operation": NaN,
        "Total Expenses": NaN,
        "Total Operating Income As Reported": NaN,
        "Diluted Average Shares": NaN,
        "Basic Average Shares": NaN,
        "Diluted EPS": NaN,
        "Basic EPS": NaN,
        "Diluted NI Availto Com Stockholders": NaN,
        "Net Income Common Stockholders": NaN,
        "Net Income": NaN,
        "Net Income Including Noncontrolling Interests": NaN,
        "Net Income Continuous Operations": NaN,
        "Tax Provision": NaN,
        "Pretax Income": NaN,
        "Other Income Expense": NaN,
        "Other Non Operating Income Expenses": NaN,
        "Special Income Charges": NaN,
        "Gain On Sale Of Ppe": 500000.0,
        "Other Special Charges": -6000000.0,
        "Impairment Of Capital Assets": 0.0,
        "Restructuring And Mergern Acquisition": NaN,
        "Earnings From Equity Interest": NaN,
        "Net Non Operating Interest Income Expense": NaN,
        "Total Other Finance Cost": NaN,
        "Interest Expense Non Operating": NaN,
        "Interest Income Non Operating": NaN,
        "Operating Income": NaN,
        "Operating Expense": NaN,
        "Research And Development": NaN,
        "Selling General And Administration": NaN,
        "General And Administrative Expense": 46400000.0,
        "Other Gand A": 46400000.0,
        "Gross Profit": NaN,
        "Cost Of Revenue": NaN,
        "Total Revenue": NaN,
        "Operating Revenue": NaN
    },
    "2023-09-30": {
        "Tax Effect Of Unusual Items": -300300.0,
        "Tax Rate For Calcs": 0.273,
        "Normalized EBITDA": 41100000.0,
        "Total Unusual Items": -1100000.0,
        "Total Unusual Items Excluding Goodwill": -1100000.0,
        "Net Income From Continuing Operation Net Minority Interest": 19000000.0,
        "Reconciled Depreciation": 11400000.0,
        "Reconciled Cost Of Revenue": 148700000.0,
        "EBITDA": 40000000.0,
        "EBIT": 28600000.0,
        "Net Interest Income": -2300000.0,
        "Interest Expense": 2400000.0,
        "Interest Income": 200000.0,
        "Normalized Income": 19799700.0,
        "Net Income From Continuing And Discontinued Operation": 19000000.0,
        "Total Expenses": 200800000.0,
        "Total Operating Income As Reported": 27200000.0,
        "Diluted Average Shares": 18700000.0,
        "Basic Average Shares": 18600000.0,
        "Diluted EPS": 1.02,
        "Basic EPS": 1.02,
        "Diluted NI Availto Com Stockholders": 19000000.0,
        "Net Income Common Stockholders": 19000000.0,
        "Net Income": 19000000.0,
        "Net Income Including Noncontrolling Interests": 19000000.0,
        "Net Income Continuous Operations": 19000000.0,
        "Tax Provision": 7200000.0,
        "Pretax Income": 26200000.0,
        "Other Income Expense": 200000.0,
        "Other Non Operating Income Expenses": 700000.0,
        "Special Income Charges": -1100000.0,
        "Gain On Sale Of Ppe": 200000.0,
        "Other Special Charges": -700000.0,
        "Impairment Of Capital Assets": 0.0,
        "Restructuring And Mergern Acquisition": 2000000.0,
        "Earnings From Equity Interest": 600000.0,
        "Net Non Operating Interest Income Expense": -2300000.0,
        "Total Other Finance Cost": 100000.0,
        "Interest Expense Non Operating": 2400000.0,
        "Interest Income Non Operating": 200000.0,
        "Operating Income": 28300000.0,
        "Operating Expense": 52100000.0,
        "Research And Development": 7800000.0,
        "Selling General And Administration": 44300000.0,
        "General And Administrative Expense": 44300000.0,
        "Other Gand A": 44300000.0,
        "Gross Profit": 80400000.0,
        "Cost Of Revenue": 148700000.0,
        "Total Revenue": 229100000.0,
        "Operating Revenue": 229100000.0
    },
    "2023-12-31": {
        "Tax Effect Of Unusual Items": 4721664.83651,
        "Tax Rate For Calcs": 0.18846,
        "Normalized EBITDA": 16347000.0,
        "Total Unusual Items": 25054000.0,
        "Total Unusual Items Excluding Goodwill": 25054000.0,
        "Net Income From Continuing Operation Net Minority Interest": 23206000.0,
        "Reconciled Depreciation": 11277000.0,
        "Reconciled Cost Of Revenue": 137162000.0,
        "EBITDA": 41401000.0,
        "EBIT": 30124000.0,
        "Net Interest Income": -1473000.0,
        "Interest Expense": 1529000.0,
        "Interest Income": 222000.0,
        "Normalized Income": 2873664.83651,
        "Net Income From Continuing And Discontinued Operation": 23206000.0,
        "Total Expenses": 199102000.0,
        "Total Operating Income As Reported": 30536000.0,
        "Diluted Average Shares": 18700000.0,
        "Basic Average Shares": 18600000.0,
        "Diluted EPS": 1.24,
        "Basic EPS": 1.25,
        "Diluted NI Availto Com Stockholders": 23206000.0,
        "Net Income Common Stockholders": 23206000.0,
        "Net Income": 23206000.0,
        "Net Income Including Noncontrolling Interests": 23206000.0,
        "Net Income Continuous Operations": 23206000.0,
        "Tax Provision": 5389000.0,
        "Pretax Income": 28595000.0,
        "Other Income Expense": 24586000.0,
        "Other Non Operating Income Expenses": -709000.0,
        "Special Income Charges": 25054000.0,
        "Gain On Sale Of Ppe": 1921000.0,
        "Other Special Charges": -23672000.0,
        "Impairment Of Capital Assets": 0.0,
        "Restructuring And Mergern Acquisition": 539000.0,
        "Earnings From Equity Interest": 241000.0,
        "Net Non Operating Interest Income Expense": -1473000.0,
        "Total Other Finance Cost": 166000.0,
        "Interest Expense Non Operating": 1529000.0,
        "Interest Income Non Operating": 222000.0,
        "Operating Income": 5482000.0,
        "Operating Expense": 61940000.0,
        "Research And Development": 10189000.0,
        "Selling General And Administration": 51751000.0,
        "General And Administrative Expense": NaN,
        "Other Gand A": NaN,
        "Gross Profit": 67422000.0,
        "Cost Of Revenue": 137162000.0,
        "Total Revenue": 204584000.0,
        "Operating Revenue": 204584000.0
    },
    "2024-03-31": {
        "Tax Effect Of Unusual Items": -32800.0,
        "Tax Rate For Calcs": 0.328,
        "Normalized EBITDA": 23800000.0,
        "Total Unusual Items": -100000.0,
        "Total Unusual Items Excluding Goodwill": -100000.0,
        "Net Income From Continuing Operation Net Minority Interest": 7800000.0,
        "Reconciled Depreciation": 11300000.0,
        "Reconciled Cost Of Revenue": 145200000.0,
        "EBITDA": 23700000.0,
        "EBIT": 12400000.0,
        "Net Interest Income": -800000.0,
        "Interest Expense": 800000.0,
        "Interest Income": 100000.0,
        "Normalized Income": 7867200.0,
        "Net Income From Continuing And Discontinued Operation": 7800000.0,
        "Total Expenses": 201600000.0,
        "Total Operating Income As Reported": 11700000.0,
        "Diluted Average Shares": 18700000.0,
        "Basic Average Shares": 18600000.0,
        "Diluted EPS": 0.42,
        "Basic EPS": 0.42,
        "Diluted NI Availto Com Stockholders": 7800000.0,
        "Net Income Common Stockholders": 7800000.0,
        "Net Income": 7800000.0,
        "Net Income Including Noncontrolling Interests": 7800000.0,
        "Net Income Continuous Operations": 7800000.0,
        "Tax Provision": 3800000.0,
        "Pretax Income": 11600000.0,
        "Other Income Expense": 600000.0,
        "Other Non Operating Income Expenses": 400000.0,
        "Special Income Charges": -100000.0,
        "Gain On Sale Of Ppe": NaN,
        "Other Special Charges": NaN,
        "Impairment Of Capital Assets": NaN,
        "Restructuring And Mergern Acquisition": 100000.0,
        "Earnings From Equity Interest": 300000.0,
        "Net Non Operating Interest Income Expense": -800000.0,
        "Total Other Finance Cost": 100000.0,
        "Interest Expense Non Operating": 800000.0,
        "Interest Income Non Operating": 100000.0,
        "Operating Income": 11800000.0,
        "Operating Expense": 56400000.0,
        "Research And Development": 8900000.0,
        "Selling General And Administration": 47500000.0,
        "General And Administrative Expense": NaN,
        "Other Gand A": NaN,
        "Gross Profit": 68200000.0,
        "Cost Of Revenue": 145200000.0,
        "Total Revenue": 213400000.0,
        "Operating Revenue": 213400000.0
    },
    "2024-06-30": {
        "Tax Effect Of Unusual Items": -446600.0,
        "Tax Rate For Calcs": 0.319,
        "Normalized EBITDA": 25900000.0,
        "Total Unusual Items": -1400000.0,
        "Total Unusual Items Excluding Goodwill": -1400000.0,
        "Net Income From Continuing Operation Net Minority Interest": 8100000.0,
        "Reconciled Depreciation": 12300000.0,
        "Reconciled Cost Of Revenue": 141100000.0,
        "EBITDA": 24500000.0,
        "EBIT": 12200000.0,
        "Net Interest Income": -200000.0,
        "Interest Expense": 300000.0,
        "Interest Income": 200000.0,
        "Normalized Income": 9053400.0,
        "Net Income From Continuing And Discontinued Operation": 8100000.0,
        "Total Expenses": 201500000.0,
        "Total Operating Income As Reported": 11300000.0,
        "Diluted Average Shares": 18600000.0,
        "Basic Average Shares": 18600000.0,
        "Diluted EPS": 0.44,
        "Basic EPS": 0.44,
        "Diluted NI Availto Com Stockholders": 8100000.0,
        "Net Income Common Stockholders": 8100000.0,
        "Net Income": 8100000.0,
        "Net Income Including Noncontrolling Interests": 8100000.0,
        "Net Income Continuous Operations": 8100000.0,
        "Tax Provision": 3800000.0,
        "Pretax Income": 11900000.0,
        "Other Income Expense": -600000.0,
        "Other Non Operating Income Expenses": 300000.0,
        "Special Income Charges": -1400000.0,
        "Gain On Sale Of Ppe": 0.0,
        "Other Special Charges": NaN,
        "Impairment Of Capital Assets": NaN,
        "Restructuring And Mergern Acquisition": 1400000.0,
        "Earnings From Equity Interest": 500000.0,
        "Net Non Operating Interest Income Expense": -200000.0,
        "Total Other Finance Cost": 100000.0,
        "Interest Expense Non Operating": 300000.0,
        "Interest Income Non Operating": 200000.0,
        "Operating Income": 12700000.0,
        "Operating Expense": 60400000.0,
        "Research And Development": 9500000.0,
        "Selling General And Administration": 50900000.0,
        "General And Administrative Expense": 50900000.0,
        "Other Gand A": 50900000.0,
        "Gross Profit": 73100000.0,
        "Cost Of Revenue": 141100000.0,
        "Total Revenue": 214200000.0,
        "Operating Revenue": 214200000.0
    },
    "2024-09-30": {
        "Tax Effect Of Unusual Items": -1304100.0,
        "Tax Rate For Calcs": 0.207,
        "Normalized EBITDA": 32800000.0,
        "Total Unusual Items": -6300000.0,
        "Total Unusual Items Excluding Goodwill": -6300000.0,
        "Net Income From Continuing Operation Net Minority Interest": 10700000.0,
        "Reconciled Depreciation": 12700000.0,
        "Reconciled Cost Of Revenue": 136200000.0,
        "EBITDA": 26500000.0,
        "EBIT": 13800000.0,
        "Net Interest Income": 0.0,
        "Interest Expense": 300000.0,
        "Interest Income": 500000.0,
        "Normalized Income": 15695900.0,
        "Net Income From Continuing And Discontinued Operation": 10700000.0,
        "Total Expenses": 189400000.0,
        "Total Operating Income As Reported": 14600000.0,
        "Diluted Average Shares": 18600000.0,
        "Basic Average Shares": 18600000.0,
        "Diluted EPS": 0.58,
        "Basic EPS": 0.58,
        "Diluted NI Availto Com Stockholders": 10700000.0,
        "Net Income Common Stockholders": 10700000.0,
        "Net Income": 10700000.0,
        "Net Income Including Noncontrolling Interests": 10700000.0,
        "Net Income Continuous Operations": 10700000.0,
        "Tax Provision": 2800000.0,
        "Pretax Income": 13500000.0,
        "Other Income Expense": -7400000.0,
        "Other Non Operating Income Expenses": -1500000.0,
        "Special Income Charges": -6300000.0,
        "Gain On Sale Of Ppe": 0.0,
        "Other Special Charges": NaN,
        "Impairment Of Capital Assets": NaN,
        "Restructuring And Mergern Acquisition": 6300000.0,
        "Earnings From Equity Interest": 400000.0,
        "Net Non Operating Interest Income Expense": 0.0,
        "Total Other Finance Cost": 200000.0,
        "Interest Expense Non Operating": 300000.0,
        "Interest Income Non Operating": 500000.0,
        "Operating Income": 20900000.0,
        "Operating Expense": 53200000.0,
        "Research And Development": 8100000.0,
        "Selling General And Administration": 45100000.0,
        "General And Administrative Expense": 45100000.0,
        "Other Gand A": 45100000.0,
        "Gross Profit": 74100000.0,
        "Cost Of Revenue": 136200000.0,
        "Total Revenue": 210300000.0,
        "Operating Revenue": 210300000.0
    }
}