{
    "2023-06-30": {
        "Tax Effect Of Unusual Items": NaN,
        "Tax Rate For Calcs": NaN,
        "Normalized EBITDA": NaN,
        "Net Income From Continuing Operation Net Minority Interest": NaN,
        "Reconciled Depreciation": NaN,
        "Reconciled Cost Of Revenue": NaN,
        "EBITDA": NaN,
        "EBIT": NaN,
        "Net Interest Income": -4000.0,
        "Interest Expense": 4000.0,
        "Normalized Income": NaN,
        "Net Income From Continuing And Discontinued Operation": NaN,
        "Total Expenses": NaN,
        "Total Operating Income As Reported": NaN,
        "Diluted Average Shares": NaN,
        "Basic Average Shares": NaN,
        "Diluted EPS": NaN,
        "Basic EPS": NaN,
        "Diluted NI Availto Com Stockholders": NaN,
        "Net Income Common Stockholders": NaN,
        "Net Income": NaN,
        "Net Income Including Noncontrolling Interests": NaN,
        "Net Income Continuous Operations": NaN,
        "Tax Provision": NaN,
        "Pretax Income": NaN,
        "Other Income Expense": NaN,
        "Other Non Operating Income Expenses": NaN,
        "Net Non Operating Interest Income Expense": -4000.0,
        "Interest Expense Non Operating": 4000.0,
        "Operating Income": NaN,
        "Operating Expense": NaN,
        "Research And Development": NaN,
        "Selling General And Administration": NaN,
        "Selling And Marketing Expense": NaN,
        "General And Administrative Expense": NaN,
        "Other Gand A": NaN,
        "Salaries And Wages": 53594000.0,
        "Gross Profit": NaN,
        "Cost Of Revenue": NaN,
        "Total Revenue": NaN,
        "Operating Revenue": NaN
    },
    "2023-03-31": {
        "Tax Effect Of Unusual Items": NaN,
        "Tax Rate For Calcs": NaN,
        "Normalized EBITDA": NaN,
        "Net Income From Continuing Operation Net Minority Interest": NaN,
        "Reconciled Depreciation": NaN,
        "Reconciled Cost Of Revenue": NaN,
        "EBITDA": NaN,
        "EBIT": NaN,
        "Net Interest Income": -681000.0,
        "Interest Expense": 681000.0,
        "Normalized Income": NaN,
        "Net Income From Continuing And Discontinued Operation": NaN,
        "Total Expenses": NaN,
        "Total Operating Income As Reported": NaN,
        "Diluted Average Shares": NaN,
        "Basic Average Shares": NaN,
        "Diluted EPS": NaN,
        "Basic EPS": NaN,
        "Diluted NI Availto Com Stockholders": NaN,
        "Net Income Common Stockholders": NaN,
        "Net Income": NaN,
        "Net Income Including Noncontrolling Interests": NaN,
        "Net Income Continuous Operations": NaN,
        "Tax Provision": NaN,
        "Pretax Income": NaN,
        "Other Income Expense": NaN,
        "Other Non Operating Income Expenses": NaN,
        "Net Non Operating Interest Income Expense": -681000.0,
        "Interest Expense Non Operating": 681000.0,
        "Operating Income": NaN,
        "Operating Expense": NaN,
        "Research And Development": NaN,
        "Selling General And Administration": NaN,
        "Selling And Marketing Expense": NaN,
        "General And Administrative Expense": NaN,
        "Other Gand A": NaN,
        "Salaries And Wages": NaN,
        "Gross Profit": NaN,
        "Cost Of Revenue": NaN,
        "Total Revenue": NaN,
        "Operating Revenue": NaN
    },
    "2022-12-31": {
        "Tax Effect Of Unusual Items": 0.0,
        "Tax Rate For Calcs": 0.004094,
        "Normalized EBITDA": -208893000.0,
        "Net Income From Continuing Operation Net Minority Interest": -237195000.0,
        "Reconciled Depreciation": 27389000.0,
        "Reconciled Cost Of Revenue": 502677000.0,
        "EBITDA": -208893000.0,
        "EBIT": -236282000.0,
        "Net Interest Income": -1888000.0,
        "Interest Expense": 1888000.0,
        "Normalized Income": -237195000.0,
        "Net Income From Continuing And Discontinued Operation": -237195000.0,
        "Total Expenses": 1116952000.0,
        "Total Operating Income As Reported": -249896000.0,
        "Diluted Average Shares": 139658000.0,
        "Basic Average Shares": 139658000.0,
        "Diluted EPS": -1.7,
        "Basic EPS": -1.7,
        "Diluted NI Availto Com Stockholders": -237195000.0,
        "Net Income Common Stockholders": -237195000.0,
        "Net Income": -237195000.0,
        "Net Income Including Noncontrolling Interests": -237195000.0,
        "Net Income Continuous Operations": -237195000.0,
        "Tax Provision": -975000.0,
        "Pretax Income": -238170000.0,
        "Other Income Expense": 13614000.0,
        "Other Non Operating Income Expenses": 13614000.0,
        "Net Non Operating Interest Income Expense": -1888000.0,
        "Interest Expense Non Operating": 1888000.0,
        "Operating Income": -249896000.0,
        "Operating Expense": 614275000.0,
        "Research And Development": 220670000.0,
        "Selling General And Administration": 393605000.0,
        "Selling And Marketing Expense": 297562000.0,
        "General And Administrative Expense": 96043000.0,
        "Other Gand A": 96043000.0,
        "Salaries And Wages": NaN,
        "Gross Profit": 364379000.0,
        "Cost Of Revenue": 502677000.0,
        "Total Revenue": 867056000.0,
        "Operating Revenue": 867056000.0
    },
    "2022-09-30": {
        "Tax Effect Of Unusual Items": 0.0,
        "Tax Rate For Calcs": 0.21,
        "Normalized EBITDA": -90443000.0,
        "Net Income From Continuing Operation Net Minority Interest": -122183000.0,
        "Reconciled Depreciation": 28632000.0,
        "Reconciled Cost Of Revenue": 404586000.0,
        "EBITDA": -90443000.0,
        "EBIT": -119075000.0,
        "Net Interest Income": -1157000.0,
        "Interest Expense": 1157000.0,
        "Normalized Income": -122183000.0,
        "Net Income From Continuing And Discontinued Operation": -122183000.0,
        "Total Expenses": 908362000.0,
        "Total Operating Income As Reported": -146989000.0,
        "Diluted Average Shares": 138571000.0,
        "Basic Average Shares": 138571000.0,
        "Diluted EPS": -0.88,
        "Basic EPS": -0.88,
        "Diluted NI Availto Com Stockholders": -122183000.0,
        "Net Income Common Stockholders": -122183000.0,
        "Net Income": -122183000.0,
        "Net Income Including Noncontrolling Interests": -122183000.0,
        "Net Income Continuous Operations": -122183000.0,
        "Tax Provision": 1951000.0,
        "Pretax Income": -120232000.0,
        "Other Income Expense": 27914000.0,
        "Other Non Operating Income Expenses": 27914000.0,
        "Net Non Operating Interest Income Expense": -1157000.0,
        "Interest Expense Non Operating": 1157000.0,
        "Operating Income": -146989000.0,
        "Operating Expense": 503776000.0,
        "Research And Development": 207608000.0,
        "Selling General And Administration": 296168000.0,
        "Selling And Marketing Expense": 209364000.0,
        "General And Administrative Expense": 86804000.0,
        "Other Gand A": 86804000.0,
        "Salaries And Wages": NaN,
        "Gross Profit": 356787000.0,
        "Cost Of Revenue": 404586000.0,
        "Total Revenue": 761373000.0,
        "Operating Revenue": 761373000.0
    },
    "2022-06-30": {
        "Tax Effect Of Unusual Items": 0.0,
        "Tax Rate For Calcs": 0.4,
        "Normalized EBITDA": -83176000.0,
        "Net Income From Continuing Operation Net Minority Interest": -112321000.0,
        "Reconciled Depreciation": 25508000.0,
        "Reconciled Cost Of Revenue": 409257000.0,
        "EBITDA": -83176000.0,
        "EBIT": -108684000.0,
        "Net Interest Income": -1059000.0,
        "Interest Expense": 1059000.0,
        "Normalized Income": -112321000.0,
        "Net Income From Continuing And Discontinued Operation": -112321000.0,
        "Total Expenses": 874919000.0,
        "Total Operating Income As Reported": -110513000.0,
        "Diluted Average Shares": 136849000.0,
        "Basic Average Shares": 136849000.0,
        "Diluted EPS": -0.82,
        "Basic EPS": -0.82,
        "Diluted NI Availto Com Stockholders": -112321000.0,
        "Net Income Common Stockholders": -112321000.0,
        "Net Income": -112321000.0,
        "Net Income Including Noncontrolling Interests": -112321000.0,
        "Net Income Continuous Operations": -112321000.0,
        "Tax Provision": 2578000.0,
        "Pretax Income": -109743000.0,
        "Other Income Expense": 1829000.0,
        "Other Non Operating Income Expenses": 1829000.0,
        "Net Non Operating Interest Income Expense": -1059000.0,
        "Interest Expense Non Operating": 1059000.0,
        "Operating Income": -110513000.0,
        "Operating Expense": 465662000.0,
        "Research And Development": 196637000.0,
        "Selling General And Administration": 269025000.0,
        "Selling And Marketing Expense": 184971000.0,
        "General And Administrative Expense": 84054000.0,
        "Other Gand A": 84054000.0,
        "Salaries And Wages": NaN,
        "Gross Profit": 355149000.0,
        "Cost Of Revenue": 409257000.0,
        "Total Revenue": 764406000.0,
        "Operating Revenue": 764406000.0
    },
    "2022-03-31": {
        "Diluted EPS": -0.19,
        "Total Revenue": 734,
        "Gross Profit": 365,
        "Operating Income": -23,
        "EBIT": 44,
        "Net Income": -26
    },
    "2021-12-31": {
        "Diluted EPS": 0.17,
        "Total Revenue": 865,
        "Gross Profit": 380,
        "Operating Income": 21,
        "EBIT": 81,
        "Net Income": 24
    },
    "2021-09-30": {
        "Diluted EPS": 0.48,
        "Total Revenue": 680,
        "Gross Profit": 364,
        "Operating Income": 69,
        "EBIT": 116,
        "Net Income": 69
    },
    "2021-06-30": {
        "Diluted EPS": 0.52,
        "Total Revenue": 645,
        "Gross Profit": 338,
        "Operating Income": 69,
        "EBIT": 106,
        "Net Income": 73
    },
    "2021-03-31": {
        "Diluted EPS": 0.54,
        "Total Revenue": 574,
        "Gross Profit": 327,
        "Operating Income": 76,
        "EBIT": 102,
        "Net Income": 76
    },
    "2020-12-31": {
        "Diluted EPS": 0.57,
        "Total Revenue": 650,
        "Gross Profit": 305,
        "Operating Income": 65,
        "EBIT": 86,
        "Net Income": 67
    },
    "2020-09-30": {
        "Diluted EPS": 0.09,
        "Total Revenue": 452,
        "Gross Profit": 215,
        "Operating Income": 12,
        "EBIT": 33,
        "Net Income": 13
    },
    "2020-06-30": {
        "Diluted EPS": -0.35,
        "Total Revenue": 356,
        "Gross Profit": 147,
        "Operating Income": -42,
        "EBIT": -21,
        "Net Income": -43
    },
    "2020-03-31": {
        "Diluted EPS": -0.45,
        "Total Revenue": 321,
        "Gross Profit": 141,
        "Operating Income": -55,
        "EBIT": -31,
        "Net Income": -55
    },
    "2019-12-31": {
        "Diluted EPS": -0.13,
        "Total Revenue": 411,
        "Gross Profit": 162,
        "Operating Income": -17,
        "EBIT": -1,
        "Net Income": -16
    },
    "2019-09-30": {
        "Diluted EPS": -0.22,
        "Total Revenue": 261,
        "Gross Profit": 118,
        "Operating Income": -27,
        "EBIT": -16,
        "Net Income": -25
    },
    "2019-06-30": {
        "Diluted EPS": -0.08,
        "Total Revenue": 250,
        "Gross Profit": 114,
        "Operating Income": -10,
        "EBIT": 1,
        "Net Income": -9
    },
    "2019-03-31": {
        "Diluted EPS": -0.09,
        "Total Revenue": 207,
        "Gross Profit": 101,
        "Operating Income": -11,
        "EBIT": -8,
        "Net Income": -10
    },
    "2018-12-31": {
        "Diluted EPS": 0.08,
        "Total Revenue": 276,
        "Gross Profit": 112,
        "Operating Income": 5,
        "EBIT": 8,
        "Net Income": 7
    },
    "2018-09-30": {
        "Diluted EPS": -0.09,
        "Total Revenue": 173,
        "Gross Profit": 79,
        "Operating Income": -12,
        "EBIT": -10,
        "Net Income": -10
    },
    "2018-06-30": {
        "Diluted EPS": 0.0,
        "Total Revenue": 157,
        "Gross Profit": 78,
        "Operating Income": 0,
        "EBIT": 2,
        "Net Income": 1
    },
    "2018-03-31": {
        "Diluted EPS": -0.07,
        "Total Revenue": 137,
        "Gross Profit": 63,
        "Operating Income": -7,
        "EBIT": -5,
        "Net Income": -7
    },
    "2017-12-31": {
        "Diluted EPS": 11.52,
        "Total Revenue": 188,
        "Gross Profit": 73,
        "Operating Income": 9,
        "EBIT": 11,
        "Net Income": 7
    },
    "2017-09-30": {
        "Diluted EPS": -8.79,
        "Total Revenue": 125,
        "Gross Profit": 50,
        "Operating Income": -8,
        "EBIT": -7,
        "Net Income": -46
    },
    "2017-06-30": {
        "Diluted EPS": -3.18,
        "Total Revenue": 100,
        "Gross Profit": 38,
        "Operating Income": -13,
        "EBIT": -12,
        "Net Income": -16
    },
    "2017-03-31": {
        "Diluted EPS": -1.79,
        "Total Revenue": 100,
        "Gross Profit": 39,
        "Operating Income": -8,
        "EBIT": -7,
        "Net Income": -9
    },
    "2016-12-31": {
        "Diluted EPS": 0.0,
        "Total Revenue": NaN,
        "Gross Profit": NaN,
        "Operating Income": NaN,
        "EBIT": NaN,
        "Net Income": NaN
    },
    "2016-09-30": {
        "Diluted EPS": -2.66,
        "Total Revenue": 89,
        "Gross Profit": 26,
        "Operating Income": -14,
        "EBIT": -14,
        "Net Income": -13
    },
    "2015-12-31": {
        "Diluted EPS": 0.0,
        "Total Revenue": NaN,
        "Gross Profit": NaN,
        "Operating Income": NaN,
        "EBIT": NaN,
        "Net Income": NaN
    },
    "2023-09-30": {
        "Tax Effect Of Unusual Items": 0.0,
        "Tax Rate For Calcs": 0.21,
        "Normalized EBITDA": -349789000.0,
        "Net Income From Continuing Operation Net Minority Interest": -330071000.0,
        "Reconciled Depreciation": -68843000.0,
        "Reconciled Cost Of Revenue": 543195000.0,
        "EBITDA": -349789000.0,
        "EBIT": -349789000.0,
        "Net Interest Income": -10000.0,
        "Interest Expense": 10000.0,
        "Normalized Income": -330071000.0,
        "Net Income From Continuing And Discontinued Operation": -330071000.0,
        "Total Expenses": 1261807000.0,
        "Total Operating Income As Reported": -349789000.0,
        "Diluted Average Shares": 141877000.0,
        "Basic Average Shares": 141877000.0,
        "Diluted EPS": -2.33,
        "Basic EPS": -2.33,
        "Diluted NI Availto Com Stockholders": -330071000.0,
        "Net Income Common Stockholders": -330071000.0,
        "Net Income": -330071000.0,
        "Net Income Including Noncontrolling Interests": -330071000.0,
        "Net Income Continuous Operations": -330071000.0,
        "Tax Provision": 3184000.0,
        "Pretax Income": -326887000.0,
        "Other Income Expense": 22902000.0,
        "Other Non Operating Income Expenses": 22902000.0,
        "Net Non Operating Interest Income Expense": -10000.0,
        "Interest Expense Non Operating": 10000.0,
        "Operating Income": -349789000.0,
        "Operating Expense": 718612000.0,
        "Research And Development": 282201000.0,
        "Selling General And Administration": 436411000.0,
        "Selling And Marketing Expense": 307694000.0,
        "General And Administrative Expense": 128717000.0,
        "Other Gand A": 128717000.0,
        "Salaries And Wages": NaN,
        "Gross Profit": 368823000.0,
        "Cost Of Revenue": 543195000.0,
        "Total Revenue": 912018000.0,
        "Operating Revenue": 912018000.0
    },
    "2023-12-31": {
        "Tax Effect Of Unusual Items": 0.0,
        "Tax Rate For Calcs": 0.21,
        "Normalized EBITDA": -46661000.0,
        "Net Income From Continuing Operation Net Minority Interest": -78291000.0,
        "Reconciled Depreciation": 29842000.0,
        "Reconciled Cost Of Revenue": 546501000.0,
        "EBITDA": -46661000.0,
        "EBIT": -76503000.0,
        "Net Interest Income": -35000.0,
        "Interest Expense": 35000.0,
        "Normalized Income": -78291000.0,
        "Net Income From Continuing And Discontinued Operation": -78291000.0,
        "Total Expenses": 1088593000.0,
        "Total Operating Income As Reported": -104168000.0,
        "Diluted Average Shares": 143011000.0,
        "Basic Average Shares": 143011000.0,
        "Diluted EPS": -0.55,
        "Basic EPS": -0.55,
        "Diluted NI Availto Com Stockholders": -78291000.0,
        "Net Income Common Stockholders": -78291000.0,
        "Net Income": -78291000.0,
        "Net Income Including Noncontrolling Interests": -78291000.0,
        "Net Income Continuous Operations": -78291000.0,
        "Tax Provision": 1753000.0,
        "Pretax Income": -76538000.0,
        "Other Income Expense": 27665000.0,
        "Other Non Operating Income Expenses": 27665000.0,
        "Net Non Operating Interest Income Expense": -35000.0,
        "Interest Expense Non Operating": 35000.0,
        "Operating Income": -104168000.0,
        "Operating Expense": 542092000.0,
        "Research And Development": 183801000.0,
        "Selling General And Administration": 358291000.0,
        "Selling And Marketing Expense": 264554000.0,
        "General And Administrative Expense": 93737000.0,
        "Other Gand A": 93737000.0,
        "Salaries And Wages": NaN,
        "Gross Profit": 437924000.0,
        "Cost Of Revenue": 546501000.0,
        "Total Revenue": 984425000.0,
        "Operating Revenue": 984425000.0
    },
    "2024-03-31": {
        "Tax Effect Of Unusual Items": 0.0,
        "Tax Rate For Calcs": 0.21,
        "Normalized EBITDA": -17731000.0,
        "Net Income From Continuing Operation Net Minority Interest": -50855000.0,
        "Reconciled Depreciation": 28349000.0,
        "Reconciled Cost Of Revenue": 493178000.0,
        "EBITDA": -17731000.0,
        "EBIT": -46080000.0,
        "Net Interest Income": -10000.0,
        "Interest Expense": 10000.0,
        "Normalized Income": -50855000.0,
        "Net Income From Continuing And Discontinued Operation": -50855000.0,
        "Total Expenses": 953505000.0,
        "Total Operating Income As Reported": -72036000.0,
        "Diluted Average Shares": 143751000.0,
        "Basic Average Shares": 143751000.0,
        "Diluted EPS": -0.35,
        "Basic EPS": -0.35,
        "Diluted NI Availto Com Stockholders": -50855000.0,
        "Net Income Common Stockholders": -50855000.0,
        "Net Income": -50855000.0,
        "Net Income Including Noncontrolling Interests": -50855000.0,
        "Net Income Continuous Operations": -50855000.0,
        "Tax Provision": 4765000.0,
        "Pretax Income": -46090000.0,
        "Other Income Expense": 25956000.0,
        "Other Non Operating Income Expenses": 25956000.0,
        "Net Non Operating Interest Income Expense": -10000.0,
        "Interest Expense Non Operating": 10000.0,
        "Operating Income": -72036000.0,
        "Operating Expense": 460327000.0,
        "Research And Development": 180459000.0,
        "Selling General And Administration": 279868000.0,
        "Selling And Marketing Expense": 202124000.0,
        "General And Administrative Expense": 77744000.0,
        "Other Gand A": 77744000.0,
        "Salaries And Wages": NaN,
        "Gross Profit": 388291000.0,
        "Cost Of Revenue": 493178000.0,
        "Total Revenue": 881469000.0,
        "Operating Revenue": 881469000.0
    },
    "2024-06-30": {
        "Tax Effect Of Unusual Items": 0.0,
        "Tax Rate For Calcs": 0.212483,
        "Normalized EBITDA": 64477000.0,
        "Net Income From Continuing Operation Net Minority Interest": -33953000.0,
        "Reconciled Depreciation": 135720000.0,
        "Reconciled Cost Of Revenue": 543479000.0,
        "EBITDA": 64477000.0,
        "EBIT": -71243000.0,
        "Net Interest Income": NaN,
        "Interest Expense": NaN,
        "Normalized Income": -33953000.0,
        "Net Income From Continuing And Discontinued Operation": -33953000.0,
        "Total Expenses": 1039422000.0,
        "Total Operating Income As Reported": -71243000.0,
        "Diluted Average Shares": 144339000.0,
        "Basic Average Shares": 144339000.0,
        "Diluted EPS": -0.24,
        "Basic EPS": -0.24,
        "Diluted NI Availto Com Stockholders": -33953000.0,
        "Net Income Common Stockholders": -33953000.0,
        "Net Income": -33953000.0,
        "Net Income Including Noncontrolling Interests": -33953000.0,
        "Net Income Continuous Operations": -33953000.0,
        "Tax Provision": -9161000.0,
        "Pretax Income": -43114000.0,
        "Other Income Expense": 28129000.0,
        "Other Non Operating Income Expenses": 28129000.0,
        "Net Non Operating Interest Income Expense": NaN,
        "Interest Expense Non Operating": NaN,
        "Operating Income": -71243000.0,
        "Operating Expense": 495943000.0,
        "Research And Development": 175481000.0,
        "Selling General And Administration": 320462000.0,
        "Selling And Marketing Expense": 221656000.0,
        "General And Administrative Expense": 98806000.0,
        "Other Gand A": 98806000.0,
        "Salaries And Wages": NaN,
        "Gross Profit": 424700000.0,
        "Cost Of Revenue": 543479000.0,
        "Total Revenue": 968179000.0,
        "Operating Revenue": 968179000.0
    },
    "2024-09-30": {
        "Tax Effect Of Unusual Items": 0.0,
        "Tax Rate For Calcs": 0.21,
        "Normalized EBITDA": -35763000.0,
        "Net Income From Continuing Operation Net Minority Interest": -9030000.0,
        "Reconciled Depreciation": -80766000.0,
        "Reconciled Cost Of Revenue": 582128000.0,
        "EBITDA": -35763000.0,
        "EBIT": -35763000.0,
        "Net Interest Income": NaN,
        "Interest Expense": NaN,
        "Normalized Income": -9030000.0,
        "Net Income From Continuing And Discontinued Operation": -9030000.0,
        "Total Expenses": 1097966000.0,
        "Total Operating Income As Reported": -35763000.0,
        "Diluted Average Shares": 144862000.0,
        "Basic Average Shares": 144862000.0,
        "Diluted EPS": -0.06,
        "Basic EPS": -0.06,
        "Diluted NI Availto Com Stockholders": -9030000.0,
        "Net Income Common Stockholders": -9030000.0,
        "Net Income": -9030000.0,
        "Net Income Including Noncontrolling Interests": -9030000.0,
        "Net Income Continuous Operations": -9030000.0,
        "Tax Provision": 4147000.0,
        "Pretax Income": -4883000.0,
        "Other Income Expense": 30880000.0,
        "Other Non Operating Income Expenses": 30880000.0,
        "Net Non Operating Interest Income Expense": NaN,
        "Interest Expense Non Operating": NaN,
        "Operating Income": -35763000.0,
        "Operating Expense": 515838000.0,
        "Research And Development": 178798000.0,
        "Selling General And Administration": 337040000.0,
        "Selling And Marketing Expense": 237047000.0,
        "General And Administrative Expense": 99993000.0,
        "Other Gand A": 99993000.0,
        "Salaries And Wages": NaN,
        "Gross Profit": 480075000.0,
        "Cost Of Revenue": 582128000.0,
        "Total Revenue": 1062203000.0,
        "Operating Revenue": 1062203000.0
    }
}