{
    "2023-06-30": {
        "Tax Effect Of Unusual Items": 0.0,
        "Tax Rate For Calcs": 0.270687,
        "Normalized EBITDA": 182247000.0,
        "Total Unusual Items": NaN,
        "Total Unusual Items Excluding Goodwill": NaN,
        "Net Income From Continuing Operation Net Minority Interest": 110143000.0,
        "Reconciled Depreciation": 26439000.0,
        "Reconciled Cost Of Revenue": 384191000.0,
        "EBITDA": 182247000.0,
        "EBIT": 155808000.0,
        "Net Interest Income": -4785000.0,
        "Interest Expense": 4785000.0,
        "Normalized Income": 110143000.0,
        "Net Income From Continuing And Discontinued Operation": 110143000.0,
        "Total Expenses": 665961000.0,
        "Total Operating Income As Reported": 154789000.0,
        "Diluted Average Shares": 492891000.0,
        "Basic Average Shares": 492700000.0,
        "Diluted EPS": 0.22,
        "Basic EPS": 0.22,
        "Diluted NI Availto Com Stockholders": 110143000.0,
        "Net Income Common Stockholders": 110143000.0,
        "Net Income": 110143000.0,
        "Net Income Including Noncontrolling Interests": 110143000.0,
        "Net Income Continuous Operations": 110143000.0,
        "Tax Provision": 40880000.0,
        "Pretax Income": 151023000.0,
        "Other Income Expense": 1019000.0,
        "Other Non Operating Income Expenses": 1019000.0,
        "Special Income Charges": NaN,
        "Restructuring And Mergern Acquisition": NaN,
        "Net Non Operating Interest Income Expense": -4785000.0,
        "Interest Expense Non Operating": 4785000.0,
        "Operating Income": 154789000.0,
        "Operating Expense": 281770000.0,
        "Depreciation Amortization Depletion Income Statement": 26439000.0,
        "Depreciation And Amortization In Income Statement": 26439000.0,
        "Selling General And Administration": 255331000.0,
        "Gross Profit": 436559000.0,
        "Cost Of Revenue": 384191000.0,
        "Total Revenue": 820750000.0,
        "Operating Revenue": 816689000.0
    },
    "2023-03-31": {
        "Tax Effect Of Unusual Items": 0.0,
        "Tax Rate For Calcs": 0.243,
        "Normalized EBITDA": 139456000.0,
        "Total Unusual Items": NaN,
        "Total Unusual Items Excluding Goodwill": NaN,
        "Net Income From Continuing Operation Net Minority Interest": 88234000.0,
        "Reconciled Depreciation": 22502000.0,
        "Reconciled Cost Of Revenue": 326842000.0,
        "EBITDA": 139456000.0,
        "EBIT": 116954000.0,
        "Net Interest Income": -465000.0,
        "Interest Expense": 465000.0,
        "Normalized Income": 88234000.0,
        "Net Income From Continuing And Discontinued Operation": 88234000.0,
        "Total Expenses": 545775000.0,
        "Total Operating Income As Reported": 112240000.0,
        "Diluted Average Shares": 492701000.0,
        "Basic Average Shares": 492516000.0,
        "Diluted EPS": 0.18,
        "Basic EPS": 0.18,
        "Diluted NI Availto Com Stockholders": 88234000.0,
        "Net Income Common Stockholders": 88234000.0,
        "Net Income": 88234000.0,
        "Net Income Including Noncontrolling Interests": 88234000.0,
        "Net Income Continuous Operations": 88234000.0,
        "Tax Provision": 28255000.0,
        "Pretax Income": 116489000.0,
        "Other Income Expense": 4714000.0,
        "Other Non Operating Income Expenses": 4714000.0,
        "Special Income Charges": NaN,
        "Restructuring And Mergern Acquisition": NaN,
        "Net Non Operating Interest Income Expense": -465000.0,
        "Interest Expense Non Operating": 465000.0,
        "Operating Income": 112240000.0,
        "Operating Expense": 218933000.0,
        "Depreciation Amortization Depletion Income Statement": 22502000.0,
        "Depreciation And Amortization In Income Statement": 22502000.0,
        "Selling General And Administration": 196431000.0,
        "Gross Profit": 331173000.0,
        "Cost Of Revenue": 326842000.0,
        "Total Revenue": 658015000.0,
        "Operating Revenue": 658015000.0
    },
    "2022-12-31": {
        "Tax Effect Of Unusual Items": 0.0,
        "Tax Rate For Calcs": 0.309228,
        "Normalized EBITDA": 145947000.0,
        "Total Unusual Items": NaN,
        "Total Unusual Items Excluding Goodwill": NaN,
        "Net Income From Continuing Operation Net Minority Interest": 88233000.0,
        "Reconciled Depreciation": 17872000.0,
        "Reconciled Cost Of Revenue": 328083000.0,
        "EBITDA": 145947000.0,
        "EBIT": 128075000.0,
        "Net Interest Income": -344000.0,
        "Interest Expense": 344000.0,
        "Normalized Income": 88233000.0,
        "Net Income From Continuing And Discontinued Operation": 88233000.0,
        "Total Expenses": 536312000.0,
        "Total Operating Income As Reported": 125078000.0,
        "Diluted Average Shares": 492457000.0,
        "Basic Average Shares": 492344000.0,
        "Diluted EPS": 0.17,
        "Basic EPS": 0.17,
        "Diluted NI Availto Com Stockholders": 88233000.0,
        "Net Income Common Stockholders": 88233000.0,
        "Net Income": 88233000.0,
        "Net Income Including Noncontrolling Interests": 88233000.0,
        "Net Income Continuous Operations": 88233000.0,
        "Tax Provision": 39498000.0,
        "Pretax Income": 127731000.0,
        "Other Income Expense": 2997000.0,
        "Other Non Operating Income Expenses": 2997000.0,
        "Special Income Charges": NaN,
        "Restructuring And Mergern Acquisition": NaN,
        "Net Non Operating Interest Income Expense": -344000.0,
        "Interest Expense Non Operating": 344000.0,
        "Operating Income": 125078000.0,
        "Operating Expense": 208229000.0,
        "Depreciation Amortization Depletion Income Statement": 17872000.0,
        "Depreciation And Amortization In Income Statement": 17872000.0,
        "Selling General And Administration": 190357000.0,
        "Gross Profit": 333307000.0,
        "Cost Of Revenue": 328083000.0,
        "Total Revenue": 661390000.0,
        "Operating Revenue": 661390000.0
    },
    "2022-09-30": {
        "Tax Effect Of Unusual Items": NaN,
        "Tax Rate For Calcs": NaN,
        "Normalized EBITDA": NaN,
        "Total Unusual Items": 0.0,
        "Total Unusual Items Excluding Goodwill": 0.0,
        "Net Income From Continuing Operation Net Minority Interest": NaN,
        "Reconciled Depreciation": NaN,
        "Reconciled Cost Of Revenue": NaN,
        "EBITDA": NaN,
        "EBIT": NaN,
        "Net Interest Income": NaN,
        "Interest Expense": NaN,
        "Normalized Income": NaN,
        "Net Income From Continuing And Discontinued Operation": NaN,
        "Total Expenses": NaN,
        "Total Operating Income As Reported": NaN,
        "Diluted Average Shares": NaN,
        "Basic Average Shares": NaN,
        "Diluted EPS": NaN,
        "Basic EPS": NaN,
        "Diluted NI Availto Com Stockholders": NaN,
        "Net Income Common Stockholders": NaN,
        "Net Income": NaN,
        "Net Income Including Noncontrolling Interests": NaN,
        "Net Income Continuous Operations": NaN,
        "Tax Provision": NaN,
        "Pretax Income": NaN,
        "Other Income Expense": NaN,
        "Other Non Operating Income Expenses": NaN,
        "Special Income Charges": 0.0,
        "Restructuring And Mergern Acquisition": 0.0,
        "Net Non Operating Interest Income Expense": NaN,
        "Interest Expense Non Operating": NaN,
        "Operating Income": NaN,
        "Operating Expense": NaN,
        "Depreciation Amortization Depletion Income Statement": NaN,
        "Depreciation And Amortization In Income Statement": NaN,
        "Selling General And Administration": NaN,
        "Gross Profit": NaN,
        "Cost Of Revenue": NaN,
        "Total Revenue": NaN,
        "Operating Revenue": NaN
    },
    "2022-06-30": {
        "Tax Effect Of Unusual Items": 0.0,
        "Tax Rate For Calcs": 0.251433,
        "Normalized EBITDA": 159193000.0,
        "Net Income From Continuing Operation Net Minority Interest": 100299000.0,
        "Reconciled Depreciation": 24325000.0,
        "Reconciled Cost Of Revenue": 336780000.0,
        "EBITDA": 159193000.0,
        "EBIT": 134868000.0,
        "Net Interest Income": -880000.0,
        "Interest Expense": 880000.0,
        "Normalized Income": 100299000.0,
        "Net Income From Continuing And Discontinued Operation": 100299000.0,
        "Total Expenses": 581092000.0,
        "Total Operating Income As Reported": 132957000.0,
        "Diluted Average Shares": 492440000.0,
        "Basic Average Shares": 492327000.0,
        "Diluted EPS": 0.21,
        "Basic EPS": 0.21,
        "Diluted NI Availto Com Stockholders": 100299000.0,
        "Net Income Common Stockholders": 100299000.0,
        "Net Income": 100299000.0,
        "Net Income Including Noncontrolling Interests": 100299000.0,
        "Net Income Continuous Operations": 100299000.0,
        "Tax Provision": 33689000.0,
        "Pretax Income": 133988000.0,
        "Other Income Expense": 1911000.0,
        "Other Non Operating Income Expenses": 1911000.0,
        "Net Non Operating Interest Income Expense": -880000.0,
        "Total Other Finance Cost": NaN,
        "Interest Expense Non Operating": 880000.0,
        "Operating Income": 132957000.0,
        "Operating Expense": 244312000.0,
        "Depreciation Amortization Depletion Income Statement": 24325000.0,
        "Depreciation And Amortization In Income Statement": 24325000.0,
        "Selling General And Administration": 219987000.0,
        "Gross Profit": 377269000.0,
        "Cost Of Revenue": 336780000.0,
        "Total Revenue": 714049000.0,
        "Operating Revenue": 714049000.0
    },
    "2022-03-31": {
        "Diluted EPS": 0.15,
        "Total Revenue": 591,
        "Gross Profit": 295,
        "Operating Income": 93,
        "EBIT": 117,
        "Net Income": 74
    },
    "2021-12-31": {
        "Diluted EPS": 0.14,
        "Total Revenue": 600,
        "Gross Profit": 303,
        "Operating Income": 99,
        "EBIT": 115,
        "Net Income": 71
    },
    "2021-09-30": {
        "Diluted EPS": 0.19,
        "Total Revenue": 650,
        "Gross Profit": 345,
        "Operating Income": 127,
        "EBIT": 150,
        "Net Income": 94
    },
    "2021-06-30": {
        "Diluted EPS": 0.2,
        "Total Revenue": 638,
        "Gross Profit": 340,
        "Operating Income": 134,
        "EBIT": 157,
        "Net Income": 99
    },
    "2021-03-31": {
        "Diluted EPS": 0.19,
        "Total Revenue": 536,
        "Gross Profit": 274,
        "Operating Income": 88,
        "EBIT": 112,
        "Net Income": 93
    },
    "2020-12-31": {
        "Diluted EPS": 0.14,
        "Total Revenue": 536,
        "Gross Profit": 270,
        "Operating Income": 103,
        "EBIT": 117,
        "Net Income": 69
    },
    "2020-09-30": {
        "Diluted EPS": 0.16,
        "Total Revenue": 584,
        "Gross Profit": 308,
        "Operating Income": 111,
        "EBIT": 134,
        "Net Income": 80
    },
    "2020-06-30": {
        "Diluted EPS": 0.15,
        "Total Revenue": 553,
        "Gross Profit": 298,
        "Operating Income": 105,
        "EBIT": 126,
        "Net Income": 75
    },
    "2020-03-31": {
        "Diluted EPS": 0.09,
        "Total Revenue": 488,
        "Gross Profit": 237,
        "Operating Income": 57,
        "EBIT": 79,
        "Net Income": 43
    },
    "2019-12-31": {
        "Diluted EPS": 0.1,
        "Total Revenue": 506,
        "Gross Profit": 252,
        "Operating Income": 124,
        "EBIT": 147,
        "Net Income": 51
    },
    "2019-09-30": {
        "Diluted EPS": 0.09,
        "Total Revenue": 556,
        "Gross Profit": 288,
        "Operating Income": 49,
        "EBIT": 71,
        "Net Income": 44
    },
    "2019-06-30": {
        "Diluted EPS": 0.13,
        "Total Revenue": 524,
        "Gross Profit": 271,
        "Operating Income": 89,
        "EBIT": 109,
        "Net Income": 64
    },
    "2019-03-31": {
        "Diluted EPS": 0.09,
        "Total Revenue": 429,
        "Gross Profit": 212,
        "Operating Income": 56,
        "EBIT": 72,
        "Net Income": 44
    },
    "2018-12-31": {
        "Diluted EPS": 0.1,
        "Total Revenue": 445,
        "Gross Profit": 223,
        "Operating Income": 71,
        "EBIT": 86,
        "Net Income": 51
    },
    "2018-09-30": {
        "Diluted EPS": 0.13,
        "Total Revenue": 488,
        "Gross Profit": 251,
        "Operating Income": 90,
        "EBIT": 106,
        "Net Income": 67
    },
    "2018-06-30": {
        "Diluted EPS": 0.13,
        "Total Revenue": 480,
        "Gross Profit": 250,
        "Operating Income": 90,
        "EBIT": 106,
        "Net Income": 66
    },
    "2018-03-31": {
        "Diluted EPS": 0.1,
        "Total Revenue": 409,
        "Gross Profit": 203,
        "Operating Income": 59,
        "EBIT": 76,
        "Net Income": 49
    },
    "2017-12-31": {
        "Diluted EPS": 0.07,
        "Total Revenue": 415,
        "Gross Profit": 207,
        "Operating Income": 69,
        "EBIT": 82,
        "Net Income": 34
    },
    "2017-09-30": {
        "Diluted EPS": 0.11,
        "Total Revenue": 450,
        "Gross Profit": 232,
        "Operating Income": 82,
        "EBIT": 97,
        "Net Income": 51
    },
    "2017-06-30": {
        "Diluted EPS": 0.11,
        "Total Revenue": 434,
        "Gross Profit": 229,
        "Operating Income": 86,
        "EBIT": 99,
        "Net Income": 54
    },
    "2017-03-31": {
        "Diluted EPS": 0.08,
        "Total Revenue": 375,
        "Gross Profit": 186,
        "Operating Income": 57,
        "EBIT": 71,
        "Net Income": 40
    },
    "2016-12-31": {
        "Diluted EPS": 0.07,
        "Total Revenue": 386,
        "Gross Profit": 193,
        "Operating Income": 52,
        "EBIT": 65,
        "Net Income": 38
    },
    "2016-09-30": {
        "Diluted EPS": 0.1,
        "Total Revenue": 424,
        "Gross Profit": 218,
        "Operating Income": 80,
        "EBIT": 93,
        "Net Income": 50
    },
    "2016-06-30": {
        "Diluted EPS": 0.1,
        "Total Revenue": 411,
        "Gross Profit": 215,
        "Operating Income": 76,
        "EBIT": 89,
        "Net Income": 48
    },
    "2016-03-31": {
        "Diluted EPS": 0.07,
        "Total Revenue": 353,
        "Gross Profit": 175,
        "Operating Income": 51,
        "EBIT": 63,
        "Net Income": 32
    },
    "2015-12-31": {
        "Diluted EPS": 0.06,
        "Total Revenue": 363,
        "Gross Profit": 180,
        "Operating Income": 51,
        "EBIT": 60,
        "Net Income": 32
    },
    "2015-09-30": {
        "Diluted EPS": 0.09,
        "Total Revenue": 400,
        "Gross Profit": 204,
        "Operating Income": 71,
        "EBIT": 82,
        "Net Income": 45
    },
    "2015-06-30": {
        "Diluted EPS": 0.09,
        "Total Revenue": 392,
        "Gross Profit": 202,
        "Operating Income": 72,
        "EBIT": 83,
        "Net Income": 45
    },
    "2015-03-31": {
        "Diluted EPS": 0.06,
        "Total Revenue": 331,
        "Gross Profit": 163,
        "Operating Income": 47,
        "EBIT": 57,
        "Net Income": 30
    },
    "2014-12-31": {
        "Diluted EPS": 0.06,
        "Total Revenue": 344,
        "Gross Profit": 169,
        "Operating Income": 46,
        "EBIT": 56,
        "Net Income": 30
    },
    "2014-09-30": {
        "Diluted EPS": 0.08,
        "Total Revenue": 385,
        "Gross Profit": 196,
        "Operating Income": 66,
        "EBIT": 77,
        "Net Income": 41
    },
    "2014-06-30": {
        "Diluted EPS": 0.08,
        "Total Revenue": 369,
        "Gross Profit": 187,
        "Operating Income": 65,
        "EBIT": 76,
        "Net Income": 41
    },
    "2014-03-31": {
        "Diluted EPS": 0.05,
        "Total Revenue": 313,
        "Gross Profit": 152,
        "Operating Income": 41,
        "EBIT": 51,
        "Net Income": 26
    },
    "2013-12-31": {
        "Diluted EPS": 0.05,
        "Total Revenue": 325,
        "Gross Profit": 157,
        "Operating Income": 41,
        "EBIT": 50,
        "Net Income": 28
    },
    "2013-09-30": {
        "Diluted EPS": 0.07,
        "Total Revenue": 362,
        "Gross Profit": 181,
        "Operating Income": 58,
        "EBIT": 68,
        "Net Income": 36
    },
    "2013-06-30": {
        "Diluted EPS": 0.07,
        "Total Revenue": 351,
        "Gross Profit": 176,
        "Operating Income": 57,
        "EBIT": 67,
        "Net Income": 36
    },
    "2013-03-31": {
        "Diluted EPS": 0.05,
        "Total Revenue": 300,
        "Gross Profit": 144,
        "Operating Income": 35,
        "EBIT": 45,
        "Net Income": 23
    },
    "2012-12-31": {
        "Diluted EPS": 0.04,
        "Total Revenue": 306,
        "Gross Profit": 143,
        "Operating Income": 34,
        "EBIT": 44,
        "Net Income": 23
    },
    "2012-09-30": {
        "Diluted EPS": 0.07,
        "Total Revenue": 340,
        "Gross Profit": 170,
        "Operating Income": 52,
        "EBIT": 61,
        "Net Income": 32
    },
    "2012-06-30": {
        "Diluted EPS": 0.07,
        "Total Revenue": 335,
        "Gross Profit": 169,
        "Operating Income": 53,
        "EBIT": 63,
        "Net Income": 33
    },
    "2012-03-31": {
        "Diluted EPS": 0.05,
        "Total Revenue": 289,
        "Gross Profit": 141,
        "Operating Income": 37,
        "EBIT": 47,
        "Net Income": 23
    },
    "2011-12-31": {
        "Diluted EPS": 0.04,
        "Total Revenue": 289,
        "Gross Profit": 138,
        "Operating Income": 35,
        "EBIT": 45,
        "Net Income": 22
    },
    "2011-09-30": {
        "Diluted EPS": 0.06,
        "Total Revenue": 324,
        "Gross Profit": 159,
        "Operating Income": 47,
        "EBIT": 56,
        "Net Income": 29
    },
    "2011-06-30": {
        "Diluted EPS": 0.06,
        "Total Revenue": 320,
        "Gross Profit": 161,
        "Operating Income": 50,
        "EBIT": 59,
        "Net Income": 31
    },
    "2011-03-31": {
        "Diluted EPS": 0.04,
        "Total Revenue": 272,
        "Gross Profit": 131,
        "Operating Income": 30,
        "EBIT": 39,
        "Net Income": 19
    },
    "2010-12-31": {
        "Diluted EPS": 0.04,
        "Total Revenue": 280,
        "Gross Profit": 132,
        "Operating Income": 30,
        "EBIT": 40,
        "Net Income": 19
    },
    "2010-09-30": {
        "Diluted EPS": 0.05,
        "Total Revenue": 305,
        "Gross Profit": 149,
        "Operating Income": 41,
        "EBIT": 50,
        "Net Income": 26
    },
    "2010-06-30": {
        "Diluted EPS": 0.06,
        "Total Revenue": 299,
        "Gross Profit": 150,
        "Operating Income": 44,
        "EBIT": 53,
        "Net Income": 28
    },
    "2010-03-31": {
        "Diluted EPS": 0.04,
        "Total Revenue": 253,
        "Gross Profit": 122,
        "Operating Income": 28,
        "EBIT": 37,
        "Net Income": 18
    },
    "2009-12-31": {
        "Diluted EPS": 0.04,
        "Total Revenue": 260,
        "Gross Profit": 123,
        "Operating Income": 25,
        "EBIT": 34,
        "Net Income": 20
    },
    "2009-09-30": {
        "Diluted EPS": 0.05,
        "Total Revenue": 287,
        "Gross Profit": 139,
        "Operating Income": 37,
        "EBIT": 46,
        "Net Income": 23
    },
    "2009-06-30": {
        "Diluted EPS": 0.05,
        "Total Revenue": 285,
        "Gross Profit": 143,
        "Operating Income": 42,
        "EBIT": 51,
        "Net Income": 25
    },
    "2009-03-31": {
        "Diluted EPS": 0.03,
        "Total Revenue": 243,
        "Gross Profit": 118,
        "Operating Income": 26,
        "EBIT": 36,
        "Net Income": 16
    },
    "2023-09-30": {
        "Tax Effect Of Unusual Items": -1335372.0,
        "Tax Rate For Calcs": 0.257,
        "Normalized EBITDA": 207481000.0,
        "Total Unusual Items": -5196000.0,
        "Total Unusual Items Excluding Goodwill": -5196000.0,
        "Net Income From Continuing Operation Net Minority Interest": 127777000.0,
        "Reconciled Depreciation": 24668000.0,
        "Reconciled Cost Of Revenue": 388533000.0,
        "EBITDA": 202285000.0,
        "EBIT": 177617000.0,
        "Net Interest Income": -5547000.0,
        "Interest Expense": 5547000.0,
        "Normalized Income": 131637628.0,
        "Net Income From Continuing And Discontinued Operation": 127777000.0,
        "Total Expenses": 658107000.0,
        "Total Operating Income As Reported": 177124000.0,
        "Diluted Average Shares": 490965000.0,
        "Basic Average Shares": 490775000.0,
        "Diluted EPS": 0.26,
        "Basic EPS": 0.26,
        "Diluted NI Availto Com Stockholders": 127777000.0,
        "Net Income Common Stockholders": 127777000.0,
        "Net Income": 127777000.0,
        "Net Income Including Noncontrolling Interests": 127777000.0,
        "Net Income Continuous Operations": 127777000.0,
        "Tax Provision": 44293000.0,
        "Pretax Income": 172070000.0,
        "Other Income Expense": -4703000.0,
        "Other Non Operating Income Expenses": 493000.0,
        "Special Income Charges": -5196000.0,
        "Restructuring And Mergern Acquisition": 5196000.0,
        "Net Non Operating Interest Income Expense": -5547000.0,
        "Interest Expense Non Operating": 5547000.0,
        "Operating Income": 182320000.0,
        "Operating Expense": 269574000.0,
        "Depreciation Amortization Depletion Income Statement": 24668000.0,
        "Depreciation And Amortization In Income Statement": 24668000.0,
        "Selling General And Administration": 244906000.0,
        "Gross Profit": 451894000.0,
        "Cost Of Revenue": 388533000.0,
        "Total Revenue": 840427000.0,
        "Operating Revenue": 835851000.0
    },
    "2023-12-31": {
        "Tax Effect Of Unusual Items": 0.0,
        "Tax Rate For Calcs": 0.258204,
        "Normalized EBITDA": 181076000.0,
        "Total Unusual Items": 0.0,
        "Total Unusual Items Excluding Goodwill": 0.0,
        "Net Income From Continuing Operation Net Minority Interest": 108803000.0,
        "Reconciled Depreciation": 26143000.0,
        "Reconciled Cost Of Revenue": 370305000.0,
        "EBITDA": 181076000.0,
        "EBIT": 154933000.0,
        "Net Interest Income": -8258000.0,
        "Interest Expense": 8258000.0,
        "Normalized Income": 108803000.0,
        "Net Income From Continuing And Discontinued Operation": 108803000.0,
        "Total Expenses": 615013000.0,
        "Total Operating Income As Reported": 139073000.0,
        "Diluted Average Shares": 484112000.0,
        "Basic Average Shares": 483922000.0,
        "Diluted EPS": 0.22,
        "Basic EPS": 0.22,
        "Diluted NI Availto Com Stockholders": 108803000.0,
        "Net Income Common Stockholders": 108803000.0,
        "Net Income": 108803000.0,
        "Net Income Including Noncontrolling Interests": 108803000.0,
        "Net Income Continuous Operations": 108803000.0,
        "Tax Provision": 37872000.0,
        "Pretax Income": 146675000.0,
        "Other Income Expense": 15860000.0,
        "Other Non Operating Income Expenses": 15860000.0,
        "Special Income Charges": 0.0,
        "Restructuring And Mergern Acquisition": 0.0,
        "Net Non Operating Interest Income Expense": -8258000.0,
        "Interest Expense Non Operating": 8258000.0,
        "Operating Income": 139073000.0,
        "Operating Expense": 244708000.0,
        "Depreciation Amortization Depletion Income Statement": 26143000.0,
        "Depreciation And Amortization In Income Statement": 26143000.0,
        "Selling General And Administration": 218565000.0,
        "Gross Profit": 383781000.0,
        "Cost Of Revenue": 370305000.0,
        "Total Revenue": 754086000.0,
        "Operating Revenue": 754086000.0
    },
    "2024-03-31": {
        "Tax Effect Of Unusual Items": 0.0,
        "Tax Rate For Calcs": 0.243,
        "Normalized EBITDA": 159673000.0,
        "Total Unusual Items": NaN,
        "Total Unusual Items Excluding Goodwill": NaN,
        "Net Income From Continuing Operation Net Minority Interest": 94394000.0,
        "Reconciled Depreciation": 27310000.0,
        "Reconciled Cost Of Revenue": 365558000.0,
        "EBITDA": 159673000.0,
        "EBIT": 132363000.0,
        "Net Interest Income": -7725000.0,
        "Interest Expense": 7725000.0,
        "Normalized Income": 94394000.0,
        "Net Income From Continuing And Discontinued Operation": 94394000.0,
        "Total Expenses": 615925000.0,
        "Total Operating Income As Reported": 132424000.0,
        "Diluted Average Shares": 484318000.0,
        "Basic Average Shares": 484131000.0,
        "Diluted EPS": 0.19,
        "Basic EPS": 0.19,
        "Diluted NI Availto Com Stockholders": 94394000.0,
        "Net Income Common Stockholders": 94394000.0,
        "Net Income": 94394000.0,
        "Net Income Including Noncontrolling Interests": 94394000.0,
        "Net Income Continuous Operations": 94394000.0,
        "Tax Provision": 30244000.0,
        "Pretax Income": 124638000.0,
        "Other Income Expense": -61000.0,
        "Other Non Operating Income Expenses": -61000.0,
        "Special Income Charges": NaN,
        "Restructuring And Mergern Acquisition": NaN,
        "Net Non Operating Interest Income Expense": -7725000.0,
        "Interest Expense Non Operating": 7725000.0,
        "Operating Income": 132424000.0,
        "Operating Expense": 250367000.0,
        "Depreciation Amortization Depletion Income Statement": 27310000.0,
        "Depreciation And Amortization In Income Statement": 27310000.0,
        "Selling General And Administration": 223057000.0,
        "Gross Profit": 382791000.0,
        "Cost Of Revenue": 365558000.0,
        "Total Revenue": 748349000.0,
        "Operating Revenue": 748349000.0
    },
    "2024-06-30": {
        "Tax Effect Of Unusual Items": 0.0,
        "Tax Rate For Calcs": 0.261,
        "Normalized EBITDA": 210500000.0,
        "Total Unusual Items": NaN,
        "Total Unusual Items Excluding Goodwill": NaN,
        "Net Income From Continuing Operation Net Minority Interest": 129397000.0,
        "Reconciled Depreciation": 27711000.0,
        "Reconciled Cost Of Revenue": 410285000.0,
        "EBITDA": 210500000.0,
        "EBIT": 182789000.0,
        "Net Interest Income": -7775000.0,
        "Interest Expense": 7775000.0,
        "Normalized Income": 129397000.0,
        "Net Income From Continuing And Discontinued Operation": 129397000.0,
        "Total Expenses": 709543000.0,
        "Total Operating Income As Reported": 182377000.0,
        "Diluted Average Shares": 484419000.0,
        "Basic Average Shares": 484244000.0,
        "Diluted EPS": 0.27,
        "Basic EPS": 0.27,
        "Diluted NI Availto Com Stockholders": 129397000.0,
        "Net Income Common Stockholders": 129397000.0,
        "Net Income": 129397000.0,
        "Net Income Including Noncontrolling Interests": 129397000.0,
        "Net Income Continuous Operations": 129397000.0,
        "Tax Provision": 45617000.0,
        "Pretax Income": 175014000.0,
        "Other Income Expense": 412000.0,
        "Other Non Operating Income Expenses": 412000.0,
        "Special Income Charges": NaN,
        "Restructuring And Mergern Acquisition": NaN,
        "Net Non Operating Interest Income Expense": -7775000.0,
        "Interest Expense Non Operating": 7775000.0,
        "Operating Income": 182377000.0,
        "Operating Expense": 299258000.0,
        "Depreciation Amortization Depletion Income Statement": 27711000.0,
        "Depreciation And Amortization In Income Statement": 27711000.0,
        "Selling General And Administration": 271547000.0,
        "Gross Profit": 481635000.0,
        "Cost Of Revenue": 410285000.0,
        "Total Revenue": 891920000.0,
        "Operating Revenue": 886653000.0
    },
    "2024-09-30": {
        "Tax Effect Of Unusual Items": 0.0,
        "Tax Rate For Calcs": 0.261,
        "Normalized EBITDA": 220042000.0,
        "Total Unusual Items": 0.0,
        "Total Unusual Items Excluding Goodwill": 0.0,
        "Net Income From Continuing Operation Net Minority Interest": 136913000.0,
        "Reconciled Depreciation": 27664000.0,
        "Reconciled Cost Of Revenue": 421892000.0,
        "EBITDA": 220042000.0,
        "EBIT": 192378000.0,
        "Net Interest Income": -7150000.0,
        "Interest Expense": 7150000.0,
        "Normalized Income": 136913000.0,
        "Net Income From Continuing And Discontinued Operation": 136913000.0,
        "Total Expenses": 724474000.0,
        "Total Operating Income As Reported": 191796000.0,
        "Diluted Average Shares": 484359000.0,
        "Basic Average Shares": 484317000.0,
        "Diluted EPS": 0.28,
        "Basic EPS": 0.28,
        "Diluted NI Availto Com Stockholders": 136913000.0,
        "Net Income Common Stockholders": 136913000.0,
        "Net Income": 136913000.0,
        "Net Income Including Noncontrolling Interests": 136913000.0,
        "Net Income Continuous Operations": 136913000.0,
        "Tax Provision": 48315000.0,
        "Pretax Income": 185228000.0,
        "Other Income Expense": 582000.0,
        "Other Non Operating Income Expenses": 582000.0,
        "Special Income Charges": 0.0,
        "Restructuring And Mergern Acquisition": 0.0,
        "Net Non Operating Interest Income Expense": -7150000.0,
        "Interest Expense Non Operating": 7150000.0,
        "Operating Income": 191796000.0,
        "Operating Expense": 302582000.0,
        "Depreciation Amortization Depletion Income Statement": 27664000.0,
        "Depreciation And Amortization In Income Statement": 27664000.0,
        "Selling General And Administration": 274918000.0,
        "Gross Profit": 494378000.0,
        "Cost Of Revenue": 421892000.0,
        "Total Revenue": 916270000.0,
        "Operating Revenue": 909879000.0
    }
}