{
    "2023-03-31": {
        "Tax Effect Of Unusual Items": 0.0,
        "Tax Rate For Calcs": 0.0,
        "Net Income From Continuing Operation Net Minority Interest": -40900000.0,
        "Reconciled Depreciation": 2700000.0,
        "EBIT": -29800000.0,
        "Net Interest Income": -11100000.0,
        "Interest Expense": 11100000.0,
        "Interest Income": 6800000.0,
        "Normalized Income": -40900000.0,
        "Net Income From Continuing And Discontinued Operation": -40900000.0,
        "Total Expenses": 111000000.0,
        "Diluted Average Shares": 14200000.0,
        "Basic Average Shares": 14200000.0,
        "Diluted EPS": -2.88,
        "Basic EPS": -2.88,
        "Diluted NI Availto Com Stockholders": -40900000.0,
        "Net Income Common Stockholders": -40900000.0,
        "Net Income": -40900000.0,
        "Net Income Including Noncontrolling Interests": -40900000.0,
        "Net Income Continuous Operations": -40900000.0,
        "Tax Provision": 0.0,
        "Pretax Income": -40900000.0,
        "Other Income Expense": 200000.0,
        "Net Non Operating Interest Income Expense": -11100000.0,
        "Interest Expense Non Operating": 11100000.0,
        "Other Operating Expenses": 10200000.0,
        "Selling General And Administration": 25100000.0,
        "Selling And Marketing Expense": 3600000.0,
        "General And Administrative Expense": 21500000.0,
        "Other Gand A": 21500000.0,
        "Total Revenue": 70100000.0,
        "Operating Revenue": 70100000.0,
        "Loss Adjustment Expense": 64600000.0,
        "Net Policyholder Benefits And Claims": 64600000.0,
        "Policyholder Benefits Gross": 108800000.0,
        "Policyholder Benefits Ceded": 44200000.0
    },
    "2022-12-31": {
        "Tax Effect Of Unusual Items": 0.0,
        "Tax Rate For Calcs": 0.0,
        "Net Income From Continuing Operation Net Minority Interest": -67400000.0,
        "Reconciled Depreciation": 4300000.0,
        "EBIT": -56800000.0,
        "Net Interest Income": -10600000.0,
        "Interest Expense": 10600000.0,
        "Interest Income": 5200000.0,
        "Normalized Income": -67400000.0,
        "Net Income From Continuing And Discontinued Operation": -67400000.0,
        "Total Expenses": 138700000.0,
        "Diluted Average Shares": 14100000.0,
        "Basic Average Shares": 14100000.0,
        "Diluted EPS": -4.13,
        "Basic EPS": -4.13,
        "Diluted NI Availto Com Stockholders": -67400000.0,
        "Net Income Common Stockholders": -67400000.0,
        "Net Income": -67400000.0,
        "Net Income Including Noncontrolling Interests": -67400000.0,
        "Net Income Continuous Operations": -67400000.0,
        "Tax Provision": 0.0,
        "Pretax Income": -67400000.0,
        "Other Income Expense": NaN,
        "Net Non Operating Interest Income Expense": -10600000.0,
        "Interest Expense Non Operating": 10600000.0,
        "Other Operating Expenses": 9400000.0,
        "Selling General And Administration": 43300000.0,
        "Selling And Marketing Expense": 2200000.0,
        "General And Administrative Expense": 41100000.0,
        "Other Gand A": 41100000.0,
        "Total Revenue": 71300000.0,
        "Operating Revenue": 71300000.0
    },
    "2022-09-30": {
        "Tax Effect Of Unusual Items": 0.0,
        "Tax Rate For Calcs": 0.0,
        "Total Unusual Items": NaN,
        "Total Unusual Items Excluding Goodwill": NaN,
        "Net Income From Continuing Operation Net Minority Interest": -64000000.0,
        "Reconciled Depreciation": 2900000.0,
        "EBIT": -54700000.0,
        "Net Interest Income": -9300000.0,
        "Interest Expense": 9300000.0,
        "Interest Income": 1200000.0,
        "Normalized Income": -64000000.0,
        "Net Income From Continuing And Discontinued Operation": -64000000.0,
        "Total Expenses": 137700000.0,
        "Diluted Average Shares": 14100000.0,
        "Basic Average Shares": 14100000.0,
        "Diluted EPS": -4.71,
        "Basic EPS": -4.71,
        "Diluted NI Availto Com Stockholders": -64000000.0,
        "Net Income Common Stockholders": -64000000.0,
        "Net Income": -64000000.0,
        "Net Income Including Noncontrolling Interests": -64000000.0,
        "Net Income Continuous Operations": -64000000.0,
        "Tax Provision": 0.0,
        "Pretax Income": -64000000.0,
        "Other Income Expense": NaN,
        "Special Income Charges": NaN,
        "Net Non Operating Interest Income Expense": -9300000.0,
        "Interest Expense Non Operating": 9300000.0,
        "Other Operating Expenses": 14300000.0,
        "Selling General And Administration": 32100000.0,
        "Selling And Marketing Expense": 5700000.0,
        "General And Administrative Expense": 26400000.0,
        "Other Gand A": 26400000.0,
        "Total Revenue": 73700000.0,
        "Operating Revenue": 73700000.0
    },
    "2022-06-30": {
        "Tax Effect Of Unusual Items": 0.0,
        "Tax Rate For Calcs": 0.0,
        "Total Unusual Items": NaN,
        "Total Unusual Items Excluding Goodwill": NaN,
        "Net Income From Continuing Operation Net Minority Interest": -89900000.0,
        "Reconciled Depreciation": 3000000.0,
        "EBIT": -80700000.0,
        "Net Interest Income": -9200000.0,
        "Interest Expense": 9200000.0,
        "Interest Income": 900000.0,
        "Normalized Income": -89900000.0,
        "Net Income From Continuing And Discontinued Operation": -89900000.0,
        "Total Expenses": 170300000.0,
        "Diluted Average Shares": 14100000.0,
        "Basic Average Shares": 14100000.0,
        "Diluted EPS": -6.77,
        "Basic EPS": -6.77,
        "Diluted NI Availto Com Stockholders": -89900000.0,
        "Net Income Common Stockholders": -89900000.0,
        "Net Income": -89900000.0,
        "Net Income Including Noncontrolling Interests": -89900000.0,
        "Net Income Continuous Operations": -89900000.0,
        "Tax Provision": 0.0,
        "Pretax Income": -89900000.0,
        "Other Income Expense": NaN,
        "Special Income Charges": NaN,
        "Net Non Operating Interest Income Expense": -9200000.0,
        "Interest Expense Non Operating": 9200000.0,
        "Other Operating Expenses": 17900000.0,
        "Selling General And Administration": 55300000.0,
        "Selling And Marketing Expense": 25400000.0,
        "General And Administrative Expense": 29900000.0,
        "Other Gand A": 29900000.0,
        "Total Revenue": 80400000.0,
        "Operating Revenue": 80400000.0
    },
    "2023-06-30": {
        "Tax Effect Of Unusual Items": 0.0,
        "Tax Rate For Calcs": 0.0,
        "Net Income From Continuing Operation Net Minority Interest": -36700000.0,
        "Reconciled Depreciation": 2800000.0,
        "EBIT": -25200000.0,
        "Net Interest Income": -11500000.0,
        "Interest Expense": 11500000.0,
        "Interest Income": 7000000.0,
        "Normalized Income": -36700000.0,
        "Net Income From Continuing And Discontinued Operation": -36700000.0,
        "Total Expenses": 111500000.0,
        "Diluted Average Shares": 14400000.0,
        "Basic Average Shares": 14400000.0,
        "Diluted EPS": -2.55,
        "Basic EPS": -2.55,
        "Diluted NI Availto Com Stockholders": -36700000.0,
        "Net Income Common Stockholders": -36700000.0,
        "Net Income": -36700000.0,
        "Net Income Including Noncontrolling Interests": -36700000.0,
        "Net Income Continuous Operations": -36700000.0,
        "Tax Provision": 0.0,
        "Pretax Income": -36700000.0,
        "Other Income Expense": 300000.0,
        "Net Non Operating Interest Income Expense": -11500000.0,
        "Interest Expense Non Operating": 11500000.0,
        "Other Operating Expenses": 11100000.0,
        "Selling General And Administration": 26800000.0,
        "Selling And Marketing Expense": 6100000.0,
        "General And Administrative Expense": 20700000.0,
        "Other Gand A": 20700000.0,
        "Total Revenue": 74800000.0,
        "Operating Revenue": 74800000.0,
        "Loss Adjustment Expense": 62100000.0,
        "Net Policyholder Benefits And Claims": 62100000.0,
        "Policyholder Benefits Gross": 101800000.0,
        "Policyholder Benefits Ceded": 39700000.0
    },
    "2022-03-31": {
        "Diluted EPS": -5.54,
        "Total Revenue": 85,
        "Gross Profit": -11,
        "Operating Income": -72,
        "EBIT": -68,
        "Net Income": -78
    },
    "2021-12-31": {
        "Diluted EPS": -8.05,
        "Total Revenue": 93,
        "Gross Profit": -15,
        "Operating Income": -92,
        "EBIT": -86,
        "Net Income": -110
    },
    "2021-09-30": {
        "Diluted EPS": -9.57,
        "Total Revenue": 94,
        "Gross Profit": -21,
        "Operating Income": -127,
        "EBIT": -123,
        "Net Income": -133
    },
    "2021-06-30": {
        "Diluted EPS": -12.95,
        "Total Revenue": 90,
        "Gross Profit": -20,
        "Operating Income": -172,
        "EBIT": -168,
        "Net Income": -179
    },
    "2021-03-31": {
        "Diluted EPS": -7.19,
        "Total Revenue": 69,
        "Gross Profit": 9,
        "Operating Income": -94,
        "EBIT": -91,
        "Net Income": -100
    },
    "2020-12-31": {
        "Diluted EPS": 20.05,
        "Total Revenue": 51,
        "Gross Profit": -9,
        "Operating Income": -89,
        "EBIT": -84,
        "Net Income": -133
    },
    "2020-09-30": {
        "Diluted EPS": -39.57,
        "Total Revenue": 51,
        "Gross Profit": -26,
        "Operating Income": -66,
        "EBIT": -62,
        "Net Income": -85
    },
    "2020-06-30": {
        "Diluted EPS": -18.53,
        "Total Revenue": 121,
        "Gross Profit": 24,
        "Operating Income": -31,
        "EBIT": -28,
        "Net Income": -39
    },
    "2020-03-31": {
        "Diluted EPS": -48.38,
        "Total Revenue": 124,
        "Gross Profit": -6,
        "Operating Income": -100,
        "EBIT": -96,
        "Net Income": -106
    },
    "2019-12-31": {
        "Diluted EPS": 0.0,
        "Total Revenue": NaN,
        "Gross Profit": NaN,
        "Operating Income": NaN,
        "EBIT": NaN,
        "Net Income": NaN
    },
    "2019-09-30": {
        "Diluted EPS": -51.8,
        "Total Revenue": 80,
        "Gross Profit": -21,
        "Operating Income": -87,
        "EBIT": -87,
        "Net Income": -100
    },
    "2018-12-31": {
        "Diluted EPS": 0.0,
        "Total Revenue": NaN,
        "Gross Profit": NaN,
        "Operating Income": NaN,
        "EBIT": NaN,
        "Net Income": NaN
    },
    "2023-09-30": {
        "Tax Effect Of Unusual Items": 0.0,
        "Tax Rate For Calcs": 0.0,
        "Net Income From Continuing Operation Net Minority Interest": -45800000.0,
        "Reconciled Depreciation": 2700000.0,
        "EBIT": -34000000.0,
        "Net Interest Income": -11800000.0,
        "Interest Expense": 11800000.0,
        "Interest Income": 9300000.0,
        "Normalized Income": -45800000.0,
        "Net Income From Continuing And Discontinued Operation": -45800000.0,
        "Total Expenses": 161100000.0,
        "Diluted Average Shares": 14500000.0,
        "Basic Average Shares": 14500000.0,
        "Diluted EPS": -3.16,
        "Basic EPS": -3.16,
        "Diluted NI Availto Com Stockholders": -45800000.0,
        "Net Income Common Stockholders": -45800000.0,
        "Net Income": -45800000.0,
        "Net Income Including Noncontrolling Interests": -45800000.0,
        "Net Income Continuous Operations": -45800000.0,
        "Tax Provision": 0.0,
        "Pretax Income": -45800000.0,
        "Other Income Expense": 100000.0,
        "Net Non Operating Interest Income Expense": -11800000.0,
        "Interest Expense Non Operating": 11800000.0,
        "Other Operating Expenses": 11100000.0,
        "Selling General And Administration": 34100000.0,
        "Selling And Marketing Expense": 13100000.0,
        "General And Administrative Expense": 21000000.0,
        "Other Gand A": 21000000.0,
        "Total Revenue": 115300000.0,
        "Operating Revenue": 115300000.0,
        "Loss Adjustment Expense": 104100000.0,
        "Net Policyholder Benefits And Claims": 104100000.0,
        "Policyholder Benefits Gross": 138500000.0,
        "Policyholder Benefits Ceded": 34400000.0
    },
    "2023-12-31": {
        "Tax Effect Of Unusual Items": 0.0,
        "Tax Rate For Calcs": 0.0,
        "Net Income From Continuing Operation Net Minority Interest": -24000000.0,
        "Reconciled Depreciation": 4400000.0,
        "EBIT": -12300000.0,
        "Net Interest Income": -11700000.0,
        "Interest Expense": 11700000.0,
        "Interest Income": 9700000.0,
        "Normalized Income": -24000000.0,
        "Net Income From Continuing And Discontinued Operation": -24000000.0,
        "Total Expenses": 218800000.0,
        "Diluted Average Shares": 14600000.0,
        "Basic Average Shares": 14600000.0,
        "Diluted EPS": -1.64,
        "Basic EPS": -1.64,
        "Diluted NI Availto Com Stockholders": -24000000.0,
        "Net Income Common Stockholders": -24000000.0,
        "Net Income": -24000000.0,
        "Net Income Including Noncontrolling Interests": -24000000.0,
        "Net Income Continuous Operations": -24000000.0,
        "Tax Provision": 0.0,
        "Pretax Income": -24000000.0,
        "Other Income Expense": 900000.0,
        "Net Non Operating Interest Income Expense": -11700000.0,
        "Interest Expense Non Operating": 11700000.0,
        "Other Operating Expenses": 12400000.0,
        "Selling General And Administration": 46600000.0,
        "Selling And Marketing Expense": 26500000.0,
        "General And Administrative Expense": 20100000.0,
        "Other Gand A": 20100000.0,
        "Total Revenue": 194800000.0,
        "Operating Revenue": 194800000.0,
        "Loss Adjustment Expense": 148100000.0,
        "Net Policyholder Benefits And Claims": 148100000.0,
        "Policyholder Benefits Gross": 174300000.0,
        "Policyholder Benefits Ceded": 26200000.0
    },
    "2024-03-31": {
        "Tax Effect Of Unusual Items": 0.0,
        "Tax Rate For Calcs": 0.0,
        "Net Income From Continuing Operation Net Minority Interest": -6200000.0,
        "Reconciled Depreciation": 2900000.0,
        "EBIT": 5400000.0,
        "Net Interest Income": -11600000.0,
        "Interest Expense": 11600000.0,
        "Interest Income": 9800000.0,
        "Normalized Income": -6200000.0,
        "Net Income From Continuing And Discontinued Operation": -6200000.0,
        "Total Expenses": 261100000.0,
        "Diluted Average Shares": 14600000.0,
        "Basic Average Shares": 14600000.0,
        "Diluted EPS": -0.42,
        "Basic EPS": -0.42,
        "Diluted NI Availto Com Stockholders": -6200000.0,
        "Net Income Common Stockholders": -6200000.0,
        "Net Income": -6200000.0,
        "Net Income Including Noncontrolling Interests": -6200000.0,
        "Net Income Continuous Operations": -6200000.0,
        "Tax Provision": 0.0,
        "Pretax Income": -6200000.0,
        "Other Income Expense": 700000.0,
        "Net Non Operating Interest Income Expense": -11600000.0,
        "Interest Expense Non Operating": 11600000.0,
        "Other Operating Expenses": 11000000.0,
        "Selling General And Administration": 47500000.0,
        "Selling And Marketing Expense": 30400000.0,
        "General And Administrative Expense": 17100000.0,
        "Other Gand A": 17100000.0,
        "Total Revenue": 254900000.0,
        "Operating Revenue": 254900000.0,
        "Loss Adjustment Expense": 191000000.0,
        "Net Policyholder Benefits And Claims": 191000000.0,
        "Policyholder Benefits Gross": 218300000.0,
        "Policyholder Benefits Ceded": 27300000.0
    },
    "2024-06-30": {
        "Tax Effect Of Unusual Items": 0.0,
        "Tax Rate For Calcs": 0.0,
        "Net Income From Continuing Operation Net Minority Interest": -7800000.0,
        "Reconciled Depreciation": 4000000.0,
        "EBIT": 3800000.0,
        "Net Interest Income": -11600000.0,
        "Interest Expense": 11600000.0,
        "Interest Income": 10500000.0,
        "Normalized Income": -7800000.0,
        "Net Income From Continuing And Discontinued Operation": -7800000.0,
        "Total Expenses": 297000000.0,
        "Diluted Average Shares": 14900000.0,
        "Basic Average Shares": 14900000.0,
        "Diluted EPS": -0.52,
        "Basic EPS": -0.52,
        "Diluted NI Availto Com Stockholders": -7800000.0,
        "Net Income Common Stockholders": -7800000.0,
        "Net Income": -7800000.0,
        "Net Income Including Noncontrolling Interests": -7800000.0,
        "Net Income Continuous Operations": -7800000.0,
        "Tax Provision": 0.0,
        "Pretax Income": -7800000.0,
        "Other Income Expense": 1000000.0,
        "Net Non Operating Interest Income Expense": -11600000.0,
        "Interest Expense Non Operating": 11600000.0,
        "Other Operating Expenses": 14700000.0,
        "Selling General And Administration": 52300000.0,
        "Selling And Marketing Expense": 34200000.0,
        "General And Administrative Expense": 18100000.0,
        "Other Gand A": 18100000.0,
        "Total Revenue": 289200000.0,
        "Operating Revenue": 289200000.0,
        "Loss Adjustment Expense": 218400000.0,
        "Net Policyholder Benefits And Claims": 218400000.0,
        "Policyholder Benefits Gross": 246800000.0,
        "Policyholder Benefits Ceded": 28400000.0
    },
    "2024-09-30": {
        "Tax Effect Of Unusual Items": 0.0,
        "Tax Rate For Calcs": 0.0,
        "Net Income From Continuing Operation Net Minority Interest": 22800000.0,
        "Reconciled Depreciation": 5200000.0,
        "EBIT": 34400000.0,
        "Net Interest Income": -11600000.0,
        "Interest Expense": 11600000.0,
        "Interest Income": 11300000.0,
        "Normalized Income": 22800000.0,
        "Net Income From Continuing And Discontinued Operation": 22800000.0,
        "Total Expenses": 282900000.0,
        "Diluted Average Shares": 16900000.0,
        "Basic Average Shares": 15000000.0,
        "Diluted EPS": 1.35,
        "Basic EPS": 1.45,
        "Diluted NI Availto Com Stockholders": 22800000.0,
        "Net Income Common Stockholders": 22800000.0,
        "Net Income": 22800000.0,
        "Net Income Including Noncontrolling Interests": 22800000.0,
        "Net Income Continuous Operations": 22800000.0,
        "Tax Provision": 0.0,
        "Pretax Income": 22800000.0,
        "Other Income Expense": 1300000.0,
        "Net Non Operating Interest Income Expense": -11600000.0,
        "Interest Expense Non Operating": 11600000.0,
        "Other Operating Expenses": 12900000.0,
        "Selling General And Administration": 51500000.0,
        "Selling And Marketing Expense": 34000000.0,
        "General And Administrative Expense": 17500000.0,
        "Other Gand A": 17500000.0,
        "Total Revenue": 305700000.0,
        "Operating Revenue": 305700000.0,
        "Loss Adjustment Expense": 206900000.0,
        "Net Policyholder Benefits And Claims": 206900000.0,
        "Policyholder Benefits Gross": 229700000.0,
        "Policyholder Benefits Ceded": 22800000.0
    }
}