{
    "2023-06-30": {
        "Tax Effect Of Unusual Items": 0.0,
        "Tax Rate For Calcs": 0.221,
        "Normalized EBITDA": 682700000.0,
        "Total Unusual Items": NaN,
        "Total Unusual Items Excluding Goodwill": NaN,
        "Net Income From Continuing Operation Net Minority Interest": 361000000.0,
        "Reconciled Depreciation": 184200000.0,
        "Reconciled Cost Of Revenue": 464100000.0,
        "EBITDA": 682700000.0,
        "EBIT": 498500000.0,
        "Net Interest Income": -34800000.0,
        "Interest Expense": 34800000.0,
        "Normalized Income": 361000000.0,
        "Net Income From Continuing And Discontinued Operation": 364900000.0,
        "Total Expenses": 1095900000.0,
        "Total Operating Income As Reported": 435300000.0,
        "Diluted Average Shares": 107400000.0,
        "Basic Average Shares": 106600000.0,
        "Diluted EPS": 3.4,
        "Basic EPS": 3.42,
        "Diluted NI Availto Com Stockholders": 364900000.0,
        "Net Income Common Stockholders": 364900000.0,
        "Net Income": 364900000.0,
        "Net Income Including Noncontrolling Interests": 364900000.0,
        "Net Income Discontinuous Operations": 3900000.0,
        "Net Income Continuous Operations": 361000000.0,
        "Tax Provision": 102700000.0,
        "Pretax Income": 463700000.0,
        "Other Income Expense": 63200000.0,
        "Other Non Operating Income Expenses": -2800000.0,
        "Special Income Charges": NaN,
        "Impairment Of Capital Assets": NaN,
        "Earnings From Equity Interest": 66000000.0,
        "Net Non Operating Interest Income Expense": -34800000.0,
        "Interest Expense Non Operating": 34800000.0,
        "Operating Income": 435300000.0,
        "Operating Expense": 631800000.0,
        "Selling General And Administration": 631800000.0,
        "Gross Profit": 1067100000.0,
        "Cost Of Revenue": 464100000.0,
        "Total Revenue": 1531200000.0,
        "Operating Revenue": 1531200000.0
    },
    "2023-03-31": {
        "Tax Effect Of Unusual Items": 0.0,
        "Tax Rate For Calcs": 0.21,
        "Normalized EBITDA": 581200000.0,
        "Total Unusual Items": NaN,
        "Total Unusual Items Excluding Goodwill": NaN,
        "Net Income From Continuing Operation Net Minority Interest": 284300000.0,
        "Reconciled Depreciation": 183700000.0,
        "Reconciled Cost Of Revenue": 451100000.0,
        "EBITDA": 581200000.0,
        "EBIT": 397500000.0,
        "Net Interest Income": -37400000.0,
        "Interest Expense": 37400000.0,
        "Normalized Income": 284300000.0,
        "Net Income From Continuing And Discontinued Operation": 283100000.0,
        "Total Expenses": 1068700000.0,
        "Total Operating Income As Reported": 401000000.0,
        "Diluted Average Shares": 107000000.0,
        "Basic Average Shares": 106300000.0,
        "Diluted EPS": 2.65,
        "Basic EPS": 2.66,
        "Diluted NI Availto Com Stockholders": 283100000.0,
        "Net Income Common Stockholders": 283100000.0,
        "Net Income": 283100000.0,
        "Net Income Including Noncontrolling Interests": 283100000.0,
        "Net Income Discontinuous Operations": -1200000.0,
        "Net Income Continuous Operations": 284300000.0,
        "Tax Provision": 75800000.0,
        "Pretax Income": 360100000.0,
        "Other Income Expense": -3500000.0,
        "Other Non Operating Income Expenses": -2300000.0,
        "Special Income Charges": NaN,
        "Impairment Of Capital Assets": NaN,
        "Earnings From Equity Interest": -1200000.0,
        "Net Non Operating Interest Income Expense": -37400000.0,
        "Interest Expense Non Operating": 37400000.0,
        "Operating Income": 401000000.0,
        "Operating Expense": 617600000.0,
        "Selling General And Administration": 617600000.0,
        "Gross Profit": 1018600000.0,
        "Cost Of Revenue": 451100000.0,
        "Total Revenue": 1469700000.0,
        "Operating Revenue": 1469700000.0
    },
    "2022-12-31": {
        "Tax Effect Of Unusual Items": 0.0,
        "Tax Rate For Calcs": 0.198119,
        "Normalized EBITDA": 545900000.0,
        "Total Unusual Items": 0.0,
        "Total Unusual Items Excluding Goodwill": 0.0,
        "Net Income From Continuing Operation Net Minority Interest": 247300000.0,
        "Reconciled Depreciation": 183700000.0,
        "Reconciled Cost Of Revenue": 428600000.0,
        "EBITDA": 545900000.0,
        "EBIT": 362200000.0,
        "Net Interest Income": -53800000.0,
        "Interest Expense": 53800000.0,
        "Normalized Income": 247300000.0,
        "Net Income From Continuing And Discontinued Operation": 1928400000.0,
        "Total Expenses": 1018400000.0,
        "Total Operating Income As Reported": 412500000.0,
        "Diluted Average Shares": 106800000.0,
        "Basic Average Shares": 106100000.0,
        "Diluted EPS": 18.06,
        "Basic EPS": 18.18,
        "Diluted NI Availto Com Stockholders": 1928400000.0,
        "Net Income Common Stockholders": 1928400000.0,
        "Net Income": 1928400000.0,
        "Net Income Including Noncontrolling Interests": 1928400000.0,
        "Net Income Discontinuous Operations": 1681100000.0,
        "Net Income Continuous Operations": 247300000.0,
        "Tax Provision": 61100000.0,
        "Pretax Income": 308400000.0,
        "Other Income Expense": -50300000.0,
        "Other Non Operating Income Expenses": -50300000.0,
        "Special Income Charges": 0.0,
        "Impairment Of Capital Assets": 0.0,
        "Earnings From Equity Interest": NaN,
        "Net Non Operating Interest Income Expense": -53800000.0,
        "Interest Expense Non Operating": 53800000.0,
        "Operating Income": 412500000.0,
        "Operating Expense": 589800000.0,
        "Selling General And Administration": 589800000.0,
        "Gross Profit": 1002300000.0,
        "Cost Of Revenue": 428600000.0,
        "Total Revenue": 1430900000.0,
        "Operating Revenue": 1430900000.0
    },
    "2022-09-30": {
        "Tax Effect Of Unusual Items": 0.0,
        "Tax Rate For Calcs": 0.221097,
        "Normalized EBITDA": 553200000.0,
        "Total Unusual Items": NaN,
        "Total Unusual Items Excluding Goodwill": NaN,
        "Net Income From Continuing Operation Net Minority Interest": 276900000.0,
        "Reconciled Depreciation": 156400000.0,
        "Reconciled Cost Of Revenue": 408500000.0,
        "EBITDA": 553200000.0,
        "EBIT": 396800000.0,
        "Net Interest Income": -41300000.0,
        "Interest Expense": 41300000.0,
        "Normalized Income": 276900000.0,
        "Net Income From Continuing And Discontinued Operation": 327000000.0,
        "Total Expenses": 957100000.0,
        "Total Operating Income As Reported": 393200000.0,
        "Diluted Average Shares": 106800000.0,
        "Basic Average Shares": 106000000.0,
        "Diluted EPS": 3.06,
        "Basic EPS": 3.08,
        "Diluted NI Availto Com Stockholders": 327000000.0,
        "Net Income Common Stockholders": 327000000.0,
        "Net Income": 327000000.0,
        "Net Income Including Noncontrolling Interests": 327000000.0,
        "Net Income Discontinuous Operations": 50100000.0,
        "Net Income Continuous Operations": 276900000.0,
        "Tax Provision": 78600000.0,
        "Pretax Income": 355500000.0,
        "Other Income Expense": 3600000.0,
        "Other Non Operating Income Expenses": 3600000.0,
        "Special Income Charges": NaN,
        "Impairment Of Capital Assets": NaN,
        "Earnings From Equity Interest": NaN,
        "Net Non Operating Interest Income Expense": -41300000.0,
        "Interest Expense Non Operating": 41300000.0,
        "Operating Income": 393200000.0,
        "Operating Expense": 548600000.0,
        "Selling General And Administration": 548600000.0,
        "Gross Profit": 941800000.0,
        "Cost Of Revenue": 408500000.0,
        "Total Revenue": 1350300000.0,
        "Operating Revenue": 1350300000.0
    },
    "2022-06-30": {
        "Tax Effect Of Unusual Items": 0.0,
        "Tax Rate For Calcs": 0.289997,
        "Normalized EBITDA": 512500000.0,
        "Total Unusual Items": NaN,
        "Total Unusual Items Excluding Goodwill": NaN,
        "Net Income From Continuing Operation Net Minority Interest": 225000000.0,
        "Reconciled Depreciation": 150900000.0,
        "Reconciled Cost Of Revenue": 399300000.0,
        "EBITDA": 512500000.0,
        "EBIT": 361600000.0,
        "Net Interest Income": -44700000.0,
        "Interest Expense": 44700000.0,
        "Normalized Income": 225000000.0,
        "Net Income From Continuing And Discontinued Operation": 268800000.0,
        "Total Expenses": 947900000.0,
        "Total Operating Income As Reported": 362900000.0,
        "Diluted Average Shares": 106800000.0,
        "Basic Average Shares": 105900000.0,
        "Diluted EPS": 2.52,
        "Basic EPS": 2.54,
        "Diluted NI Availto Com Stockholders": 268800000.0,
        "Net Income Common Stockholders": 268800000.0,
        "Net Income": 268800000.0,
        "Net Income Including Noncontrolling Interests": 268800000.0,
        "Net Income Discontinuous Operations": 43800000.0,
        "Net Income Continuous Operations": 225000000.0,
        "Tax Provision": 91900000.0,
        "Pretax Income": 316900000.0,
        "Other Income Expense": -1300000.0,
        "Other Non Operating Income Expenses": -1300000.0,
        "Special Income Charges": NaN,
        "Impairment Of Capital Assets": NaN,
        "Earnings From Equity Interest": NaN,
        "Net Non Operating Interest Income Expense": -44700000.0,
        "Interest Expense Non Operating": 44700000.0,
        "Operating Income": 362900000.0,
        "Operating Expense": 548600000.0,
        "Selling General And Administration": 548600000.0,
        "Gross Profit": 911500000.0,
        "Cost Of Revenue": 399300000.0,
        "Total Revenue": 1310800000.0,
        "Operating Revenue": 1310800000.0
    },
    "2022-03-31": {
        "Diluted EPS": 18.94,
        "Total Revenue": NaN,
        "Gross Profit": 897,
        "Operating Income": 356,
        "EBIT": 514,
        "Net Income": NaN
    },
    "2021-12-31": {
        "Diluted EPS": 2.69,
        "Total Revenue": NaN,
        "Gross Profit": 761,
        "Operating Income": 204,
        "EBIT": 454,
        "Net Income": 288
    },
    "2021-09-30": {
        "Diluted EPS": 2.71,
        "Total Revenue": NaN,
        "Gross Profit": 872,
        "Operating Income": 347,
        "EBIT": 504,
        "Net Income": 290
    },
    "2021-06-30": {
        "Diluted EPS": 2.69,
        "Total Revenue": NaN,
        "Gross Profit": 839,
        "Operating Income": 316,
        "EBIT": 470,
        "Net Income": 286
    },
    "2021-03-31": {
        "Diluted EPS": 2.73,
        "Total Revenue": NaN,
        "Gross Profit": 936,
        "Operating Income": 375,
        "EBIT": 537,
        "Net Income": 289
    },
    "2020-12-31": {
        "Diluted EPS": 2.41,
        "Total Revenue": 169,
        "Gross Profit": 318,
        "Operating Income": 70,
        "EBIT": 213,
        "Net Income": 256
    },
    "2020-09-30": {
        "Diluted EPS": 2.21,
        "Total Revenue": NaN,
        "Gross Profit": 810,
        "Operating Income": 331,
        "EBIT": 458,
        "Net Income": 234
    },
    "2020-06-30": {
        "Diluted EPS": 2.08,
        "Total Revenue": NaN,
        "Gross Profit": 844,
        "Operating Income": 334,
        "EBIT": 449,
        "Net Income": 219
    },
    "2020-03-31": {
        "Diluted EPS": 2.28,
        "Total Revenue": NaN,
        "Gross Profit": 857,
        "Operating Income": 349,
        "EBIT": 466,
        "Net Income": 240
    },
    "2019-12-31": {
        "Diluted EPS": 8.27,
        "Total Revenue": 756,
        "Gross Profit": 606,
        "Operating Income": 228,
        "EBIT": 340,
        "Net Income": 871
    },
    "2019-09-30": {
        "Diluted EPS": 2.64,
        "Total Revenue": NaN,
        "Gross Profit": 874,
        "Operating Income": 385,
        "EBIT": 493,
        "Net Income": 278
    },
    "2019-06-30": {
        "Diluted EPS": 2.38,
        "Total Revenue": NaN,
        "Gross Profit": 850,
        "Operating Income": 368,
        "EBIT": 468,
        "Net Income": 250
    },
    "2019-03-31": {
        "Diluted EPS": 3.53,
        "Total Revenue": NaN,
        "Gross Profit": 811,
        "Operating Income": 346,
        "EBIT": 443,
        "Net Income": 370
    },
    "2018-12-31": {
        "Diluted EPS": 2.46,
        "Total Revenue": NaN,
        "Gross Profit": 873,
        "Operating Income": 364,
        "EBIT": 460,
        "Net Income": 257
    },
    "2018-09-30": {
        "Diluted EPS": 2.37,
        "Total Revenue": NaN,
        "Gross Profit": 840,
        "Operating Income": 378,
        "EBIT": 474,
        "Net Income": 248
    },
    "2018-06-30": {
        "Diluted EPS": 2.19,
        "Total Revenue": NaN,
        "Gross Profit": 816,
        "Operating Income": 354,
        "EBIT": 446,
        "Net Income": 228
    },
    "2018-03-31": {
        "Diluted EPS": 2.03,
        "Total Revenue": NaN,
        "Gross Profit": 751,
        "Operating Income": 300,
        "EBIT": 390,
        "Net Income": 211
    },
    "2017-12-31": {
        "Diluted EPS": 4.28,
        "Total Revenue": NaN,
        "Gross Profit": 765,
        "Operating Income": 347,
        "EBIT": 435,
        "Net Income": 444
    },
    "2017-09-30": {
        "Diluted EPS": 1.84,
        "Total Revenue": NaN,
        "Gross Profit": 726,
        "Operating Income": 311,
        "EBIT": 399,
        "Net Income": 190
    },
    "2017-06-30": {
        "Diluted EPS": 1.74,
        "Total Revenue": NaN,
        "Gross Profit": 706,
        "Operating Income": 294,
        "EBIT": 382,
        "Net Income": 180
    },
    "2017-03-31": {
        "Diluted EPS": 1.53,
        "Total Revenue": NaN,
        "Gross Profit": 668,
        "Operating Income": 258,
        "EBIT": 346,
        "Net Income": 158
    },
    "2016-12-31": {
        "Diluted EPS": 1.78,
        "Total Revenue": NaN,
        "Gross Profit": 627,
        "Operating Income": 289,
        "EBIT": 354,
        "Net Income": 182
    },
    "2016-09-30": {
        "Diluted EPS": 1.63,
        "Total Revenue": 945,
        "Gross Profit": 578,
        "Operating Income": 267,
        "EBIT": 327,
        "Net Income": 167
    },
    "2016-06-30": {
        "Diluted EPS": 1.54,
        "Total Revenue": 932,
        "Gross Profit": 568,
        "Operating Income": 253,
        "EBIT": 314,
        "Net Income": 158
    },
    "2016-03-31": {
        "Diluted EPS": 1.48,
        "Total Revenue": 902,
        "Gross Profit": 560,
        "Operating Income": 245,
        "EBIT": 306,
        "Net Income": 151
    },
    "2015-12-31": {
        "Diluted EPS": 2.04,
        "Total Revenue": 944,
        "Gross Profit": 579,
        "Operating Income": 279,
        "EBIT": 336,
        "Net Income": 209
    },
    "2015-09-30": {
        "Diluted EPS": 1.58,
        "Total Revenue": 884,
        "Gross Profit": 533,
        "Operating Income": 250,
        "EBIT": 301,
        "Net Income": 160
    },
    "2015-06-30": {
        "Diluted EPS": 1.69,
        "Total Revenue": 890,
        "Gross Profit": 534,
        "Operating Income": 252,
        "EBIT": 303,
        "Net Income": 171
    },
    "2015-03-31": {
        "Diluted EPS": 1.54,
        "Total Revenue": 865,
        "Gross Profit": 518,
        "Operating Income": 247,
        "EBIT": 296,
        "Net Income": 156
    },
    "2014-12-31": {
        "Diluted EPS": 1.84,
        "Total Revenue": 946,
        "Gross Profit": 566,
        "Operating Income": 284,
        "EBIT": 334,
        "Net Income": 186
    },
    "2014-09-30": {
        "Diluted EPS": 1.54,
        "Total Revenue": 884,
        "Gross Profit": 524,
        "Operating Income": 246,
        "EBIT": 297,
        "Net Income": 156
    },
    "2014-06-30": {
        "Diluted EPS": 1.56,
        "Total Revenue": 885,
        "Gross Profit": 523,
        "Operating Income": 247,
        "EBIT": 297,
        "Net Income": 157
    },
    "2014-03-31": {
        "Diluted EPS": 1.46,
        "Total Revenue": 834,
        "Gross Profit": 489,
        "Operating Income": 223,
        "EBIT": 273,
        "Net Income": 147
    },
    "2013-12-31": {
        "Diluted EPS": 1.65,
        "Total Revenue": 889,
        "Gross Profit": 533,
        "Operating Income": 258,
        "EBIT": 309,
        "Net Income": 166
    },
    "2013-09-30": {
        "Diluted EPS": 1.36,
        "Total Revenue": 828,
        "Gross Profit": 483,
        "Operating Income": 219,
        "EBIT": 269,
        "Net Income": 136
    },
    "2013-06-30": {
        "Diluted EPS": 1.11,
        "Total Revenue": 784,
        "Gross Profit": 446,
        "Operating Income": 180,
        "EBIT": 228,
        "Net Income": 111
    },
    "2013-03-31": {
        "Diluted EPS": 1.25,
        "Total Revenue": 737,
        "Gross Profit": 422,
        "Operating Income": 185,
        "EBIT": 229,
        "Net Income": 125
    },
    "2012-12-31": {
        "Diluted EPS": 1.45,
        "Total Revenue": 810,
        "Gross Profit": 466,
        "Operating Income": 225,
        "EBIT": 270,
        "Net Income": 144
    },
    "2012-09-30": {
        "Diluted EPS": 1.17,
        "Total Revenue": 748,
        "Gross Profit": 417,
        "Operating Income": 183,
        "EBIT": 223,
        "Net Income": 117
    },
    "2012-06-30": {
        "Diluted EPS": 1.15,
        "Total Revenue": 725,
        "Gross Profit": 398,
        "Operating Income": 179,
        "EBIT": 215,
        "Net Income": 115
    },
    "2012-03-31": {
        "Diluted EPS": 1.09,
        "Total Revenue": 711,
        "Gross Profit": 391,
        "Operating Income": 170,
        "EBIT": 206,
        "Net Income": 108
    },
    "2011-12-31": {
        "Diluted EPS": 1.23,
        "Total Revenue": 739,
        "Gross Profit": 406,
        "Operating Income": 187,
        "EBIT": 223,
        "Net Income": 122
    },
    "2011-09-30": {
        "Diluted EPS": 1.12,
        "Total Revenue": 713,
        "Gross Profit": 383,
        "Operating Income": 167,
        "EBIT": 203,
        "Net Income": 110
    },
    "2011-06-30": {
        "Diluted EPS": 1.08,
        "Total Revenue": 700,
        "Gross Profit": 377,
        "Operating Income": 164,
        "EBIT": 199,
        "Net Income": 106
    },
    "2011-03-31": {
        "Diluted EPS": 0.91,
        "Total Revenue": 645,
        "Gross Profit": 350,
        "Operating Income": 142,
        "EBIT": 177,
        "Net Income": 89
    },
    "2010-12-31": {
        "Diluted EPS": 1.11,
        "Total Revenue": 679,
        "Gross Profit": 372,
        "Operating Income": 166,
        "EBIT": 201,
        "Net Income": 107
    },
    "2010-09-30": {
        "Diluted EPS": 0.87,
        "Total Revenue": 605,
        "Gross Profit": 322,
        "Operating Income": 128,
        "EBIT": 161,
        "Net Income": 84
    },
    "2010-06-30": {
        "Diluted EPS": 0.74,
        "Total Revenue": 567,
        "Gross Profit": 302,
        "Operating Income": 119,
        "EBIT": 148,
        "Net Income": 71
    },
    "2010-03-31": {
        "Diluted EPS": 0.62,
        "Total Revenue": 534,
        "Gross Profit": 280,
        "Operating Income": 101,
        "EBIT": 130,
        "Net Income": 60
    },
    "2009-12-31": {
        "Diluted EPS": 0.77,
        "Total Revenue": 554,
        "Gross Profit": 291,
        "Operating Income": 121,
        "EBIT": 148,
        "Net Income": 72
    },
    "2009-09-30": {
        "Diluted EPS": 0.61,
        "Total Revenue": 486,
        "Gross Profit": 246,
        "Operating Income": 92,
        "EBIT": 117,
        "Net Income": 56
    },
    "2009-06-30": {
        "Diluted EPS": 0.64,
        "Total Revenue": 505,
        "Gross Profit": 255,
        "Operating Income": 96,
        "EBIT": 122,
        "Net Income": 60
    },
    "2009-03-31": {
        "Diluted EPS": 0.56,
        "Total Revenue": 505,
        "Gross Profit": 251,
        "Operating Income": 87,
        "EBIT": 114,
        "Net Income": 52
    },
    "2023-09-30": {
        "Tax Effect Of Unusual Items": 0.0,
        "Tax Rate For Calcs": 0.219,
        "Normalized EBITDA": 676200000.0,
        "Total Unusual Items": NaN,
        "Total Unusual Items Excluding Goodwill": NaN,
        "Net Income From Continuing Operation Net Minority Interest": 345600000.0,
        "Reconciled Depreciation": 191200000.0,
        "Reconciled Cost Of Revenue": 467100000.0,
        "EBITDA": 676200000.0,
        "EBIT": 485000000.0,
        "Net Interest Income": -42400000.0,
        "Interest Expense": 42400000.0,
        "Normalized Income": 345600000.0,
        "Net Income From Continuing And Discontinued Operation": 347200000.0,
        "Total Expenses": 1117300000.0,
        "Total Operating Income As Reported": 446100000.0,
        "Diluted Average Shares": 107600000.0,
        "Basic Average Shares": 106700000.0,
        "Diluted EPS": 3.23,
        "Basic EPS": 3.25,
        "Diluted NI Availto Com Stockholders": 347200000.0,
        "Net Income Common Stockholders": 347200000.0,
        "Net Income": 347200000.0,
        "Net Income Including Noncontrolling Interests": 347200000.0,
        "Net Income Discontinuous Operations": 1600000.0,
        "Net Income Continuous Operations": 345600000.0,
        "Tax Provision": 97000000.0,
        "Pretax Income": 442600000.0,
        "Other Income Expense": 38900000.0,
        "Other Non Operating Income Expenses": 5000000.0,
        "Special Income Charges": NaN,
        "Impairment Of Capital Assets": NaN,
        "Earnings From Equity Interest": 33900000.0,
        "Net Non Operating Interest Income Expense": -42400000.0,
        "Interest Expense Non Operating": 42400000.0,
        "Operating Income": 446100000.0,
        "Operating Expense": 650200000.0,
        "Selling General And Administration": 650200000.0,
        "Gross Profit": 1096300000.0,
        "Cost Of Revenue": 467100000.0,
        "Total Revenue": 1563400000.0,
        "Operating Revenue": 1563400000.0
    }
}