{
    "2023-03-31": {
        "Tax Effect Of Unusual Items": 0.0,
        "Tax Rate For Calcs": 0.0,
        "Normalized EBITDA": -1244750.0,
        "Total Unusual Items": -58895.0,
        "Total Unusual Items Excluding Goodwill": -58895.0,
        "Net Income From Continuing Operation Net Minority Interest": -1362536.0,
        "EBIT": -1303645.0,
        "Net Interest Income": 4.0,
        "Interest Income": 4.0,
        "Normalized Income": -1303641.0,
        "Net Income From Continuing And Discontinued Operation": -1362536.0,
        "Total Expenses": 1303645.0,
        "Total Operating Income As Reported": -1303645.0,
        "Diluted Average Shares": 37501180.0,
        "Basic Average Shares": 37501180.0,
        "Diluted EPS": -0.04,
        "Basic EPS": -0.04,
        "Diluted NI Availto Com Stockholders": -1362536.0,
        "Net Income Common Stockholders": -1362536.0,
        "Net Income": -1362536.0,
        "Net Income Including Noncontrolling Interests": -1362536.0,
        "Net Income Continuous Operations": -1362536.0,
        "Pretax Income": -1362536.0,
        "Other Income Expense": -58895.0,
        "Gain On Sale Of Security": -58895.0,
        "Net Non Operating Interest Income Expense": 4.0,
        "Interest Income Non Operating": 4.0,
        "Operating Income": -1303645.0,
        "Operating Expense": 1303645.0,
        "Selling General And Administration": 1303645.0,
        "General And Administrative Expense": 1303645.0,
        "Other Gand A": 1303645.0,
        "Total Revenue": 0.0,
        "Operating Revenue": 0.0
    },
    "2022-12-31": {
        "Tax Effect Of Unusual Items": 1278636.4,
        "Tax Rate For Calcs": 0.4,
        "Normalized EBITDA": -4904858.0,
        "Total Unusual Items": 3196591.0,
        "Total Unusual Items Excluding Goodwill": 3196591.0,
        "Net Income From Continuing Operation Net Minority Interest": 1488332.0,
        "EBIT": -1708267.0,
        "Net Interest Income": 8.0,
        "Interest Income": 8.0,
        "Normalized Income": -429622.6,
        "Net Income From Continuing And Discontinued Operation": 1488332.0,
        "Total Expenses": 1708267.0,
        "Total Operating Income As Reported": -1708267.0,
        "Diluted Average Shares": NaN,
        "Basic Average Shares": NaN,
        "Diluted EPS": NaN,
        "Basic EPS": NaN,
        "Diluted NI Availto Com Stockholders": 1488332.0,
        "Net Income Common Stockholders": 1488332.0,
        "Net Income": 1488332.0,
        "Net Income Including Noncontrolling Interests": 1488332.0,
        "Net Income Continuous Operations": 1488332.0,
        "Pretax Income": 1488332.0,
        "Other Income Expense": 3196591.0,
        "Gain On Sale Of Security": 3196591.0,
        "Net Non Operating Interest Income Expense": 8.0,
        "Interest Income Non Operating": 8.0,
        "Operating Income": -1708267.0,
        "Operating Expense": 1708267.0,
        "Selling General And Administration": 1708267.0,
        "General And Administrative Expense": 1708267.0,
        "Other Gand A": 1708267.0,
        "Total Revenue": 0.0,
        "Operating Revenue": 0.0
    },
    "2022-09-30": {
        "Tax Effect Of Unusual Items": 1337650.8,
        "Tax Rate For Calcs": 0.4,
        "Normalized EBITDA": -3347924.0,
        "Total Unusual Items": 3344127.0,
        "Total Unusual Items Excluding Goodwill": 3344127.0,
        "Net Income From Continuing Operation Net Minority Interest": 3340335.0,
        "EBIT": -3797.0,
        "Net Interest Income": 5.0,
        "Interest Income": 5.0,
        "Normalized Income": 1333858.8,
        "Net Income From Continuing And Discontinued Operation": 3340335.0,
        "Total Expenses": 3797.0,
        "Total Operating Income As Reported": -3797.0,
        "Diluted Average Shares": 43125000.0,
        "Basic Average Shares": 43125000.0,
        "Diluted EPS": 0.08,
        "Basic EPS": 0.08,
        "Diluted NI Availto Com Stockholders": 3340335.0,
        "Net Income Common Stockholders": 3340335.0,
        "Net Income": 3340335.0,
        "Net Income Including Noncontrolling Interests": 3340335.0,
        "Net Income Continuous Operations": 3340335.0,
        "Pretax Income": 3340335.0,
        "Other Income Expense": 3344127.0,
        "Gain On Sale Of Security": 3344127.0,
        "Net Non Operating Interest Income Expense": 5.0,
        "Interest Income Non Operating": 5.0,
        "Operating Income": -3797.0,
        "Operating Expense": 3797.0,
        "Selling General And Administration": 3797.0,
        "General And Administrative Expense": 3797.0,
        "Other Gand A": 3797.0,
        "Total Revenue": 0.0,
        "Operating Revenue": 0.0
    },
    "2022-06-30": {
        "Tax Effect Of Unusual Items": 1949396.8,
        "Tax Rate For Calcs": 0.4,
        "Normalized EBITDA": -8132861.0,
        "Total Unusual Items": 4873492.0,
        "Total Unusual Items Excluding Goodwill": 4873492.0,
        "Net Income From Continuing Operation Net Minority Interest": 1614129.0,
        "EBIT": -3259369.0,
        "Net Interest Income": 6.0,
        "Interest Income": 6.0,
        "Normalized Income": -1309966.2,
        "Net Income From Continuing And Discontinued Operation": 1614129.0,
        "Total Expenses": 3259369.0,
        "Total Operating Income As Reported": -3259369.0,
        "Diluted Average Shares": 43125000.0,
        "Basic Average Shares": 43125000.0,
        "Diluted EPS": 0.04,
        "Basic EPS": 0.04,
        "Diluted NI Availto Com Stockholders": 1614129.0,
        "Net Income Common Stockholders": 1614129.0,
        "Net Income": 1614129.0,
        "Net Income Including Noncontrolling Interests": 1614129.0,
        "Net Income Continuous Operations": 1614129.0,
        "Pretax Income": 1614129.0,
        "Other Income Expense": 4873492.0,
        "Gain On Sale Of Security": 4873492.0,
        "Net Non Operating Interest Income Expense": 6.0,
        "Interest Income Non Operating": 6.0,
        "Operating Income": -3259369.0,
        "Operating Expense": 3259369.0,
        "Selling General And Administration": 3259369.0,
        "General And Administrative Expense": 3259369.0,
        "Other Gand A": 3259369.0,
        "Total Revenue": 0.0,
        "Operating Revenue": 0.0
    },
    "2022-03-31": {
        "Diluted EPS": 0.2,
        "Total Revenue": NaN,
        "Gross Profit": NaN,
        "Operating Income": 0,
        "EBIT": 0,
        "Net Income": 8
    },
    "2021-12-31": {
        "Diluted EPS": 0.1,
        "Total Revenue": NaN,
        "Gross Profit": NaN,
        "Operating Income": 0,
        "EBIT": 0,
        "Net Income": 0
    },
    "2021-09-30": {
        "Diluted EPS": 0.01,
        "Total Revenue": NaN,
        "Gross Profit": NaN,
        "Operating Income": -1,
        "EBIT": -1,
        "Net Income": 0
    },
    "2021-06-30": {
        "Diluted EPS": 0.21,
        "Total Revenue": NaN,
        "Gross Profit": NaN,
        "Operating Income": 0,
        "EBIT": 0,
        "Net Income": 9
    },
    "2021-03-31": {
        "Diluted EPS": -0.1,
        "Total Revenue": NaN,
        "Gross Profit": NaN,
        "Operating Income": 0,
        "EBIT": 0,
        "Net Income": -1
    }
}