{
    "2023-03-31": {
        "Tax Effect Of Unusual Items": -2074380.0,
        "Tax Rate For Calcs": 0.21,
        "Normalized EBITDA": 27932000.0,
        "Total Unusual Items": -9878000.0,
        "Total Unusual Items Excluding Goodwill": -9878000.0,
        "Net Income From Continuing Operation Net Minority Interest": -26392000.0,
        "Reconciled Depreciation": 26140000.0,
        "Reconciled Cost Of Revenue": 17965000.0,
        "EBITDA": 18054000.0,
        "EBIT": -8086000.0,
        "Net Interest Income": -923000.0,
        "Interest Expense": 1160000.0,
        "Normalized Income": -18588380.0,
        "Net Income From Continuing And Discontinued Operation": -26392000.0,
        "Total Expenses": 82623000.0,
        "Total Operating Income As Reported": -17964000.0,
        "Diluted Average Shares": 88615760.0,
        "Basic Average Shares": 88615760.0,
        "Diluted EPS": -0.3,
        "Basic EPS": -0.3,
        "Diluted NI Availto Com Stockholders": -26392000.0,
        "Net Income Common Stockholders": -26392000.0,
        "Net Income": -26392000.0,
        "Minority Interests": 1540000.0,
        "Net Income Including Noncontrolling Interests": -27932000.0,
        "Net Income Continuous Operations": -27932000.0,
        "Tax Provision": 4357000.0,
        "Pretax Income": -23575000.0,
        "Other Income Expense": -14566000.0,
        "Other Non Operating Income Expenses": -4688000.0,
        "Special Income Charges": -9878000.0,
        "Gain On Sale Of Business": -9878000.0,
        "Restructuring And Mergern Acquisition": 0.0,
        "Net Non Operating Interest Income Expense": -923000.0,
        "Total Other Finance Cost": 923000.0,
        "Interest Expense Non Operating": 1160000.0,
        "Operating Income": -8086000.0,
        "Operating Expense": 64658000.0,
        "Depreciation Amortization Depletion Income Statement": 26140000.0,
        "Depreciation And Amortization In Income Statement": 26140000.0,
        "Selling General And Administration": 38518000.0,
        "Gross Profit": 56572000.0,
        "Cost Of Revenue": 17965000.0,
        "Total Revenue": 74537000.0,
        "Operating Revenue": 74537000.0
    },
    "2022-12-31": {
        "Tax Effect Of Unusual Items": NaN,
        "Tax Rate For Calcs": NaN,
        "Normalized EBITDA": NaN,
        "Total Unusual Items": NaN,
        "Total Unusual Items Excluding Goodwill": NaN,
        "Net Income From Continuing Operation Net Minority Interest": NaN,
        "Reconciled Depreciation": NaN,
        "Reconciled Cost Of Revenue": NaN,
        "EBITDA": NaN,
        "EBIT": NaN,
        "Net Interest Income": NaN,
        "Interest Expense": 1204842.0,
        "Normalized Income": NaN,
        "Net Income From Continuing And Discontinued Operation": NaN,
        "Total Expenses": NaN,
        "Total Operating Income As Reported": NaN,
        "Diluted Average Shares": 88519236.0,
        "Basic Average Shares": 88519236.0,
        "Diluted EPS": -0.08,
        "Basic EPS": -0.08,
        "Diluted NI Availto Com Stockholders": NaN,
        "Net Income Common Stockholders": NaN,
        "Net Income": NaN,
        "Minority Interests": NaN,
        "Net Income Including Noncontrolling Interests": NaN,
        "Net Income Continuous Operations": NaN,
        "Tax Provision": NaN,
        "Pretax Income": NaN,
        "Other Income Expense": NaN,
        "Other Non Operating Income Expenses": NaN,
        "Special Income Charges": NaN,
        "Gain On Sale Of Business": NaN,
        "Restructuring And Mergern Acquisition": 990000.0,
        "Net Non Operating Interest Income Expense": NaN,
        "Total Other Finance Cost": NaN,
        "Interest Expense Non Operating": 1204842.0,
        "Operating Income": NaN,
        "Operating Expense": NaN,
        "Depreciation Amortization Depletion Income Statement": NaN,
        "Depreciation And Amortization In Income Statement": NaN,
        "Selling General And Administration": NaN,
        "Gross Profit": NaN,
        "Cost Of Revenue": NaN,
        "Total Revenue": NaN,
        "Operating Revenue": NaN
    },
    "2022-09-30": {
        "Tax Effect Of Unusual Items": NaN,
        "Tax Rate For Calcs": NaN,
        "Normalized EBITDA": NaN,
        "Total Unusual Items": NaN,
        "Total Unusual Items Excluding Goodwill": NaN,
        "Net Income From Continuing Operation Net Minority Interest": NaN,
        "Reconciled Depreciation": NaN,
        "Reconciled Cost Of Revenue": NaN,
        "EBITDA": NaN,
        "EBIT": NaN,
        "Net Interest Income": NaN,
        "Interest Expense": 1100000.0,
        "Normalized Income": NaN,
        "Net Income From Continuing And Discontinued Operation": NaN,
        "Total Expenses": NaN,
        "Total Operating Income As Reported": NaN,
        "Diluted Average Shares": NaN,
        "Basic Average Shares": NaN,
        "Diluted EPS": NaN,
        "Basic EPS": NaN,
        "Diluted NI Availto Com Stockholders": NaN,
        "Net Income Common Stockholders": NaN,
        "Net Income": NaN,
        "Minority Interests": NaN,
        "Net Income Including Noncontrolling Interests": NaN,
        "Net Income Continuous Operations": NaN,
        "Tax Provision": NaN,
        "Pretax Income": NaN,
        "Other Income Expense": NaN,
        "Other Non Operating Income Expenses": NaN,
        "Special Income Charges": NaN,
        "Gain On Sale Of Business": NaN,
        "Restructuring And Mergern Acquisition": NaN,
        "Net Non Operating Interest Income Expense": NaN,
        "Total Other Finance Cost": NaN,
        "Interest Expense Non Operating": 1100000.0,
        "Operating Income": NaN,
        "Operating Expense": NaN,
        "Depreciation Amortization Depletion Income Statement": NaN,
        "Depreciation And Amortization In Income Statement": NaN,
        "Selling General And Administration": NaN,
        "Gross Profit": NaN,
        "Cost Of Revenue": NaN,
        "Total Revenue": NaN,
        "Operating Revenue": NaN
    },
    "2022-06-30": {
        "Tax Effect Of Unusual Items": 420000.0,
        "Tax Rate For Calcs": 0.4,
        "Normalized EBITDA": 30884621.0,
        "Total Unusual Items": 1050000.0,
        "Total Unusual Items Excluding Goodwill": 1050000.0,
        "Net Income From Continuing Operation Net Minority Interest": 9412.0,
        "Reconciled Depreciation": 29190773.0,
        "Reconciled Cost Of Revenue": 16731428.0,
        "EBITDA": 31934621.0,
        "EBIT": 2743848.0,
        "Net Interest Income": -1051197.0,
        "Interest Expense": 1051197.0,
        "Normalized Income": -620588.0,
        "Net Income From Continuing And Discontinued Operation": 9412.0,
        "Total Expenses": 85052113.0,
        "Total Operating Income As Reported": -16567332.0,
        "Diluted Average Shares": 113250565.0,
        "Basic Average Shares": 88903674.0,
        "Diluted EPS": 7.9e-05,
        "Basic EPS": 0.000101,
        "Diluted NI Availto Com Stockholders": 9412.0,
        "Net Income Common Stockholders": 9412.0,
        "Net Income": 9412.0,
        "Minority Interests": 1362153.0,
        "Net Income Including Noncontrolling Interests": -1352741.0,
        "Net Income Continuous Operations": -1352741.0,
        "Tax Provision": 3045392.0,
        "Pretax Income": 1692651.0,
        "Other Income Expense": 20361180.0,
        "Other Non Operating Income Expenses": 19311180.0,
        "Special Income Charges": 1050000.0,
        "Gain On Sale Of Business": NaN,
        "Write Off": NaN,
        "Restructuring And Mergern Acquisition": -1050000.0,
        "Net Non Operating Interest Income Expense": -1051197.0,
        "Interest Expense Non Operating": 1051197.0,
        "Operating Income": -17617332.0,
        "Operating Expense": 68320685.0,
        "Depreciation Amortization Depletion Income Statement": 29190773.0,
        "Depreciation And Amortization In Income Statement": 29190773.0,
        "Selling General And Administration": 39129912.0,
        "Gross Profit": 50703353.0,
        "Cost Of Revenue": 16731428.0,
        "Total Revenue": 67434781.0,
        "Operating Revenue": 67434781.0
    },
    "2022-03-31": {
        "Diluted EPS": 0.12,
        "Total Revenue": 68,
        "Gross Profit": 51,
        "Operating Income": -7,
        "EBIT": 22,
        "Net Income": 14
    },
    "2021-12-31": {
        "Diluted EPS": -0.17,
        "Total Revenue": 62,
        "Gross Profit": 47,
        "Operating Income": -21,
        "EBIT": 6,
        "Net Income": -16
    },
    "2021-09-30": {
        "Diluted EPS": -0.07,
        "Total Revenue": 61,
        "Gross Profit": 46,
        "Operating Income": -12,
        "EBIT": 14,
        "Net Income": -6
    },
    "2021-06-30": {
        "Diluted EPS": -0.15,
        "Total Revenue": 48,
        "Gross Profit": 36,
        "Operating Income": -12,
        "EBIT": 8,
        "Net Income": -12
    },
    "2021-03-31": {
        "Diluted EPS": -0.21,
        "Total Revenue": 48,
        "Gross Profit": 35,
        "Operating Income": -9,
        "EBIT": 10,
        "Net Income": -16
    },
    "2020-12-31": {
        "Diluted EPS": 0.27,
        "Total Revenue": 41,
        "Gross Profit": 30,
        "Operating Income": -9,
        "EBIT": 8,
        "Net Income": -9
    },
    "2020-09-30": {
        "Diluted EPS": -0.12,
        "Total Revenue": 38,
        "Gross Profit": 27,
        "Operating Income": -13,
        "EBIT": 3,
        "Net Income": -7
    },
    "2020-06-30": {
        "Diluted EPS": -1.9,
        "Total Revenue": 37,
        "Gross Profit": 28,
        "Operating Income": -7,
        "EBIT": 8,
        "Net Income": -79
    },
    "2020-03-31": {
        "Diluted EPS": -0.27,
        "Total Revenue": 39,
        "Gross Profit": 29,
        "Operating Income": -3,
        "EBIT": 11,
        "Net Income": -10
    },
    "2019-12-31": {
        "Diluted EPS": -0.63,
        "Total Revenue": 34,
        "Gross Profit": 24,
        "Operating Income": -13,
        "EBIT": 0,
        "Net Income": -23
    },
    "2019-09-30": {
        "Diluted EPS": -0.25,
        "Total Revenue": 26,
        "Gross Profit": 19,
        "Operating Income": -47,
        "EBIT": -35,
        "Net Income": -41
    },
    "2019-06-30": {
        "Diluted EPS": 0.0,
        "Total Revenue": 22,
        "Gross Profit": 17,
        "Operating Income": 6,
        "EBIT": 9,
        "Net Income": 4
    },
    "2019-03-31": {
        "Diluted EPS": 0.0,
        "Total Revenue": 23,
        "Gross Profit": 18,
        "Operating Income": 6,
        "EBIT": 9,
        "Net Income": 5
    },
    "2018-12-31": {
        "Diluted EPS": 0.0,
        "Total Revenue": 98,
        "Gross Profit": 41,
        "Operating Income": 11,
        "EBIT": 14,
        "Net Income": 7
    },
    "2018-09-30": {
        "Diluted EPS": 0.0,
        "Total Revenue": 32,
        "Gross Profit": 14,
        "Operating Income": 5,
        "EBIT": 5,
        "Net Income": 4
    },
    "2018-06-30": {
        "Diluted EPS": -0.01,
        "Total Revenue": NaN,
        "Gross Profit": NaN,
        "Operating Income": 0,
        "EBIT": 0,
        "Net Income": 0
    },
    "2018-03-31": {
        "Diluted EPS": 0.0,
        "Total Revenue": NaN,
        "Gross Profit": NaN,
        "Operating Income": 0,
        "EBIT": 0,
        "Net Income": 0
    },
    "2017-12-31": {
        "Diluted EPS": 0.0,
        "Total Revenue": NaN,
        "Gross Profit": NaN,
        "Operating Income": NaN,
        "EBIT": NaN,
        "Net Income": NaN
    },
    "2017-09-30": {
        "Diluted EPS": 0.0,
        "Total Revenue": NaN,
        "Gross Profit": NaN,
        "Operating Income": NaN,
        "EBIT": NaN,
        "Net Income": NaN
    },
    "2017-06-30": {
        "Diluted EPS": 0.0,
        "Total Revenue": NaN,
        "Gross Profit": NaN,
        "Operating Income": 0,
        "EBIT": 0,
        "Net Income": 0
    },
    "2023-06-30": {
        "Tax Effect Of Unusual Items": -28310.0,
        "Tax Rate For Calcs": 0.19,
        "Normalized EBITDA": 21161000.0,
        "Total Unusual Items": -149000.0,
        "Total Unusual Items Excluding Goodwill": -149000.0,
        "Net Income From Continuing Operation Net Minority Interest": -4643000.0,
        "Reconciled Depreciation": 26483000.0,
        "Reconciled Cost Of Revenue": 16840000.0,
        "EBITDA": 21012000.0,
        "EBIT": -5471000.0,
        "Net Interest Income": -910000.0,
        "Interest Expense": 910000.0,
        "Normalized Income": -4522310.0,
        "Net Income From Continuing And Discontinued Operation": -4643000.0,
        "Total Expenses": 81500000.0,
        "Total Operating Income As Reported": -9866000.0,
        "Diluted Average Shares": 89170814.0,
        "Basic Average Shares": 89170814.0,
        "Diluted EPS": -0.05,
        "Basic EPS": -0.05,
        "Diluted NI Availto Com Stockholders": -4643000.0,
        "Net Income Common Stockholders": -4643000.0,
        "Net Income": -4643000.0,
        "Minority Interests": 687000.0,
        "Net Income Including Noncontrolling Interests": -5330000.0,
        "Net Income Continuous Operations": -5330000.0,
        "Tax Provision": -1051000.0,
        "Pretax Income": -6381000.0,
        "Other Income Expense": 4246000.0,
        "Other Non Operating Income Expenses": 4395000.0,
        "Special Income Charges": -149000.0,
        "Gain On Sale Of Business": -149000.0,
        "Restructuring And Mergern Acquisition": 0.0,
        "Net Non Operating Interest Income Expense": -910000.0,
        "Total Other Finance Cost": NaN,
        "Interest Expense Non Operating": 910000.0,
        "Operating Income": -9717000.0,
        "Operating Expense": 64660000.0,
        "Depreciation Amortization Depletion Income Statement": 26483000.0,
        "Depreciation And Amortization In Income Statement": 26483000.0,
        "Selling General And Administration": 38177000.0,
        "Gross Profit": 54943000.0,
        "Cost Of Revenue": 16840000.0,
        "Total Revenue": 71783000.0,
        "Operating Revenue": 71783000.0
    },
    "2023-09-30": {
        "Tax Effect Of Unusual Items": 0.0,
        "Tax Rate For Calcs": 0.24,
        "Normalized EBITDA": 18144000.0,
        "Total Unusual Items": 0.0,
        "Total Unusual Items Excluding Goodwill": 0.0,
        "Net Income From Continuing Operation Net Minority Interest": -6168000.0,
        "Reconciled Depreciation": 26523000.0,
        "Reconciled Cost Of Revenue": 17637000.0,
        "EBITDA": 18144000.0,
        "EBIT": -8379000.0,
        "Net Interest Income": -103000.0,
        "Interest Expense": 103000.0,
        "Normalized Income": -6168000.0,
        "Net Income From Continuing And Discontinued Operation": -6168000.0,
        "Total Expenses": 79439000.0,
        "Total Operating Income As Reported": -5119000.0,
        "Diluted Average Shares": 91160415.0,
        "Basic Average Shares": 91160415.0,
        "Diluted EPS": -0.07,
        "Basic EPS": -0.07,
        "Diluted NI Availto Com Stockholders": -6168000.0,
        "Net Income Common Stockholders": -6168000.0,
        "Net Income": -6168000.0,
        "Minority Interests": 316000.0,
        "Net Income Including Noncontrolling Interests": -6484000.0,
        "Net Income Continuous Operations": -6484000.0,
        "Tax Provision": -1998000.0,
        "Pretax Income": -8482000.0,
        "Other Income Expense": -3260000.0,
        "Other Non Operating Income Expenses": -3260000.0,
        "Special Income Charges": 0.0,
        "Gain On Sale Of Business": 0.0,
        "Restructuring And Mergern Acquisition": 0.0,
        "Net Non Operating Interest Income Expense": -103000.0,
        "Total Other Finance Cost": NaN,
        "Interest Expense Non Operating": 103000.0,
        "Operating Income": -5119000.0,
        "Operating Expense": 61802000.0,
        "Depreciation Amortization Depletion Income Statement": 26523000.0,
        "Depreciation And Amortization In Income Statement": 26523000.0,
        "Selling General And Administration": 35279000.0,
        "Gross Profit": 56683000.0,
        "Cost Of Revenue": 17637000.0,
        "Total Revenue": 74320000.0,
        "Operating Revenue": 74320000.0
    },
    "2023-12-31": {
        "Tax Effect Of Unusual Items": -3199420.447119,
        "Tax Rate For Calcs": 0.042209,
        "Normalized EBITDA": 111950000.0,
        "Total Unusual Items": -75800000.0,
        "Total Unusual Items Excluding Goodwill": -75800000.0,
        "Net Income From Continuing Operation Net Minority Interest": -73287000.0,
        "Reconciled Depreciation": 24711000.0,
        "Reconciled Cost Of Revenue": 17261000.0,
        "EBITDA": 36150000.0,
        "EBIT": 11439000.0,
        "Net Interest Income": 365000.0,
        "Interest Expense": NaN,
        "Normalized Income": -686420.447119,
        "Net Income From Continuing And Discontinued Operation": -73287000.0,
        "Total Expenses": 78651000.0,
        "Total Operating Income As Reported": -78464000.0,
        "Diluted Average Shares": NaN,
        "Basic Average Shares": NaN,
        "Diluted EPS": NaN,
        "Basic EPS": NaN,
        "Diluted NI Availto Com Stockholders": -73287000.0,
        "Net Income Common Stockholders": -73287000.0,
        "Net Income": -73287000.0,
        "Minority Interests": 4387000.0,
        "Net Income Including Noncontrolling Interests": -77674000.0,
        "Net Income Continuous Operations": -77674000.0,
        "Tax Provision": -3423000.0,
        "Pretax Income": -81097000.0,
        "Other Income Expense": -78798000.0,
        "Other Non Operating Income Expenses": -2998000.0,
        "Special Income Charges": -75800000.0,
        "Gain On Sale Of Business": 0.0,
        "Restructuring And Mergern Acquisition": 0.0,
        "Net Non Operating Interest Income Expense": 365000.0,
        "Total Other Finance Cost": NaN,
        "Interest Expense Non Operating": NaN,
        "Operating Income": -2664000.0,
        "Operating Expense": 61390000.0,
        "Depreciation Amortization Depletion Income Statement": 24711000.0,
        "Depreciation And Amortization In Income Statement": 24711000.0,
        "Selling General And Administration": 36679000.0,
        "Gross Profit": 58726000.0,
        "Cost Of Revenue": 17261000.0,
        "Total Revenue": 75987000.0,
        "Operating Revenue": 75987000.0
    },
    "2024-03-31": {
        "Tax Effect Of Unusual Items": 0.0,
        "Tax Rate For Calcs": 0.4,
        "Normalized EBITDA": 24524000.0,
        "Total Unusual Items": 0.0,
        "Total Unusual Items Excluding Goodwill": 0.0,
        "Net Income From Continuing Operation Net Minority Interest": -5212000.0,
        "Reconciled Depreciation": 27028000.0,
        "Reconciled Cost Of Revenue": 19175000.0,
        "EBITDA": 24524000.0,
        "EBIT": -2504000.0,
        "Net Interest Income": 380000.0,
        "Interest Expense": NaN,
        "Normalized Income": -5212000.0,
        "Net Income From Continuing And Discontinued Operation": -5212000.0,
        "Total Expenses": 83224000.0,
        "Total Operating Income As Reported": -2504000.0,
        "Diluted Average Shares": 91218208.0,
        "Basic Average Shares": 91218208.0,
        "Diluted EPS": -0.06,
        "Basic EPS": -0.06,
        "Diluted NI Availto Com Stockholders": -5212000.0,
        "Net Income Common Stockholders": -5212000.0,
        "Net Income": -5212000.0,
        "Minority Interests": 153000.0,
        "Net Income Including Noncontrolling Interests": -5365000.0,
        "Net Income Continuous Operations": -5365000.0,
        "Tax Provision": 302000.0,
        "Pretax Income": -5063000.0,
        "Other Income Expense": -2939000.0,
        "Other Non Operating Income Expenses": -2939000.0,
        "Special Income Charges": 0.0,
        "Gain On Sale Of Business": 0.0,
        "Restructuring And Mergern Acquisition": NaN,
        "Net Non Operating Interest Income Expense": 380000.0,
        "Total Other Finance Cost": -380000.0,
        "Interest Expense Non Operating": NaN,
        "Operating Income": -2504000.0,
        "Operating Expense": 64049000.0,
        "Depreciation Amortization Depletion Income Statement": 27028000.0,
        "Depreciation And Amortization In Income Statement": 27028000.0,
        "Selling General And Administration": 37021000.0,
        "Gross Profit": 61545000.0,
        "Cost Of Revenue": 19175000.0,
        "Total Revenue": 80720000.0,
        "Operating Revenue": 80720000.0
    }
}