{
    "2023-03-31": {
        "Tax Effect Of Unusual Items": 0.0,
        "Tax Rate For Calcs": 0.21,
        "Normalized EBITDA": -11554000.0,
        "Total Unusual Items": NaN,
        "Total Unusual Items Excluding Goodwill": NaN,
        "Net Income From Continuing Operation Net Minority Interest": -25915000.0,
        "Reconciled Depreciation": 11050000.0,
        "Reconciled Cost Of Revenue": 55999000.0,
        "EBITDA": -11554000.0,
        "EBIT": -22604000.0,
        "Net Interest Income": -1049000.0,
        "Interest Expense": 2717000.0,
        "Interest Income": 1668000.0,
        "Normalized Income": -25915000.0,
        "Net Income From Continuing And Discontinued Operation": -25915000.0,
        "Total Expenses": 207139000.0,
        "Total Operating Income As Reported": -23965000.0,
        "Diluted Average Shares": 59888119.0,
        "Basic Average Shares": 59888119.0,
        "Diluted EPS": -0.43,
        "Basic EPS": -0.43,
        "Diluted NI Availto Com Stockholders": -25915000.0,
        "Net Income Common Stockholders": -25915000.0,
        "Net Income": -25915000.0,
        "Net Income Including Noncontrolling Interests": -25915000.0,
        "Net Income Continuous Operations": -25915000.0,
        "Tax Provision": 594000.0,
        "Pretax Income": -25321000.0,
        "Other Income Expense": -307000.0,
        "Other Non Operating Income Expenses": -307000.0,
        "Special Income Charges": NaN,
        "Impairment Of Capital Assets": NaN,
        "Restructuring And Mergern Acquisition": NaN,
        "Net Non Operating Interest Income Expense": -1049000.0,
        "Interest Expense Non Operating": 2717000.0,
        "Interest Income Non Operating": 1668000.0,
        "Operating Income": -23965000.0,
        "Operating Expense": 151140000.0,
        "Research And Development": 46346000.0,
        "Selling General And Administration": 104794000.0,
        "Selling And Marketing Expense": 80587000.0,
        "General And Administrative Expense": 24207000.0,
        "Other Gand A": 24207000.0,
        "Gross Profit": 127175000.0,
        "Cost Of Revenue": 55999000.0,
        "Total Revenue": 183174000.0,
        "Operating Revenue": 183174000.0
    },
    "2022-12-31": {
        "Tax Effect Of Unusual Items": 0.0,
        "Tax Rate For Calcs": 0.008362,
        "Normalized EBITDA": 1752000.0,
        "Total Unusual Items": NaN,
        "Total Unusual Items Excluding Goodwill": NaN,
        "Net Income From Continuing Operation Net Minority Interest": -11385000.0,
        "Reconciled Depreciation": 10451000.0,
        "Reconciled Cost Of Revenue": 54935000.0,
        "EBITDA": 1752000.0,
        "EBIT": -8699000.0,
        "Net Interest Income": -1822000.0,
        "Interest Expense": 2782000.0,
        "Interest Income": 960000.0,
        "Normalized Income": -11385000.0,
        "Net Income From Continuing And Discontinued Operation": -11385000.0,
        "Total Expenses": 197827000.0,
        "Total Operating Income As Reported": -13348000.0,
        "Diluted Average Shares": 59328736.0,
        "Basic Average Shares": 59328736.0,
        "Diluted EPS": -0.19,
        "Basic EPS": -0.19,
        "Diluted NI Availto Com Stockholders": -11385000.0,
        "Net Income Common Stockholders": -11385000.0,
        "Net Income": -11385000.0,
        "Net Income Including Noncontrolling Interests": -11385000.0,
        "Net Income Continuous Operations": -11385000.0,
        "Tax Provision": -96000.0,
        "Pretax Income": -11481000.0,
        "Other Income Expense": 3689000.0,
        "Other Non Operating Income Expenses": 3689000.0,
        "Special Income Charges": NaN,
        "Impairment Of Capital Assets": NaN,
        "Restructuring And Mergern Acquisition": NaN,
        "Net Non Operating Interest Income Expense": -1822000.0,
        "Interest Expense Non Operating": 2782000.0,
        "Interest Income Non Operating": 960000.0,
        "Operating Income": -13348000.0,
        "Operating Expense": 142892000.0,
        "Research And Development": 42629000.0,
        "Selling General And Administration": 100263000.0,
        "Selling And Marketing Expense": 78261000.0,
        "General And Administrative Expense": 22002000.0,
        "Other Gand A": 22002000.0,
        "Gross Profit": 129544000.0,
        "Cost Of Revenue": 54935000.0,
        "Total Revenue": 184479000.0,
        "Operating Revenue": 184479000.0
    },
    "2022-09-30": {
        "Tax Effect Of Unusual Items": 0.0,
        "Tax Rate For Calcs": 0.21,
        "Normalized EBITDA": -14748000.0,
        "Total Unusual Items": NaN,
        "Total Unusual Items Excluding Goodwill": NaN,
        "Net Income From Continuing Operation Net Minority Interest": -28727000.0,
        "Reconciled Depreciation": 10195000.0,
        "Reconciled Cost Of Revenue": 53850000.0,
        "EBITDA": -14748000.0,
        "EBIT": -24943000.0,
        "Net Interest Income": -2251000.0,
        "Interest Expense": 2749000.0,
        "Interest Income": 498000.0,
        "Normalized Income": -28727000.0,
        "Net Income From Continuing And Discontinued Operation": -28727000.0,
        "Total Expenses": 199001000.0,
        "Total Operating Income As Reported": -23236000.0,
        "Diluted Average Shares": 58730651.0,
        "Basic Average Shares": 58730651.0,
        "Diluted EPS": -0.49,
        "Basic EPS": -0.49,
        "Diluted NI Availto Com Stockholders": -28727000.0,
        "Net Income Common Stockholders": -28727000.0,
        "Net Income": -28727000.0,
        "Net Income Including Noncontrolling Interests": -28727000.0,
        "Net Income Continuous Operations": -28727000.0,
        "Tax Provision": 1035000.0,
        "Pretax Income": -27692000.0,
        "Other Income Expense": -2205000.0,
        "Other Non Operating Income Expenses": -2205000.0,
        "Special Income Charges": NaN,
        "Impairment Of Capital Assets": NaN,
        "Restructuring And Mergern Acquisition": NaN,
        "Net Non Operating Interest Income Expense": -2251000.0,
        "Interest Expense Non Operating": 2749000.0,
        "Interest Income Non Operating": 498000.0,
        "Operating Income": -23236000.0,
        "Operating Expense": 145151000.0,
        "Research And Development": 48622000.0,
        "Selling General And Administration": 96529000.0,
        "Selling And Marketing Expense": 75968000.0,
        "General And Administrative Expense": 20561000.0,
        "Other Gand A": 20561000.0,
        "Gross Profit": 121915000.0,
        "Cost Of Revenue": 53850000.0,
        "Total Revenue": 175765000.0,
        "Operating Revenue": 175765000.0
    },
    "2022-06-30": {
        "Tax Effect Of Unusual Items": 0.0,
        "Tax Rate For Calcs": 0.4,
        "Normalized EBITDA": -26588000.0,
        "Total Unusual Items": NaN,
        "Total Unusual Items Excluding Goodwill": NaN,
        "Net Income From Continuing Operation Net Minority Interest": -39606000.0,
        "Reconciled Depreciation": 10223000.0,
        "Reconciled Cost Of Revenue": 54275000.0,
        "EBITDA": -26588000.0,
        "EBIT": -36811000.0,
        "Net Interest Income": -2515000.0,
        "Interest Expense": 2758000.0,
        "Interest Income": 243000.0,
        "Normalized Income": -39606000.0,
        "Net Income From Continuing And Discontinued Operation": -39606000.0,
        "Total Expenses": 202106000.0,
        "Total Operating Income As Reported": -34651000.0,
        "Diluted Average Shares": 58239958.0,
        "Basic Average Shares": 58239958.0,
        "Diluted EPS": -0.68,
        "Basic EPS": -0.68,
        "Diluted NI Availto Com Stockholders": -39606000.0,
        "Net Income Common Stockholders": -39606000.0,
        "Net Income": -39606000.0,
        "Net Income Including Noncontrolling Interests": -39606000.0,
        "Net Income Continuous Operations": -39606000.0,
        "Tax Provision": 37000.0,
        "Pretax Income": -39569000.0,
        "Other Income Expense": -2403000.0,
        "Other Non Operating Income Expenses": -2403000.0,
        "Special Income Charges": NaN,
        "Impairment Of Capital Assets": NaN,
        "Net Non Operating Interest Income Expense": -2515000.0,
        "Interest Expense Non Operating": 2758000.0,
        "Interest Income Non Operating": 243000.0,
        "Operating Income": -34651000.0,
        "Operating Expense": 147831000.0,
        "Research And Development": 48907000.0,
        "Selling General And Administration": 98924000.0,
        "Selling And Marketing Expense": 78034000.0,
        "General And Administrative Expense": 20890000.0,
        "Other Gand A": 20890000.0,
        "Gross Profit": 113180000.0,
        "Cost Of Revenue": 54275000.0,
        "Total Revenue": 167455000.0,
        "Operating Revenue": 167455000.0
    },
    "2022-03-31": {
        "Diluted EPS": -0.78,
        "Total Revenue": 157,
        "Gross Profit": 106,
        "Operating Income": -40,
        "EBIT": -29,
        "Net Income": -45
    },
    "2021-12-31": {
        "Diluted EPS": -0.8,
        "Total Revenue": 152,
        "Gross Profit": 102,
        "Operating Income": -41,
        "EBIT": -30,
        "Net Income": -45
    },
    "2021-09-30": {
        "Diluted EPS": -0.67,
        "Total Revenue": 140,
        "Gross Profit": 96,
        "Operating Income": -34,
        "EBIT": -23,
        "Net Income": -38
    },
    "2021-06-30": {
        "Diluted EPS": -0.62,
        "Total Revenue": 126,
        "Gross Profit": 87,
        "Operating Income": -22,
        "EBIT": -14,
        "Net Income": -34
    },
    "2021-03-31": {
        "Diluted EPS": -0.56,
        "Total Revenue": 117,
        "Gross Profit": 81,
        "Operating Income": -23,
        "EBIT": -16,
        "Net Income": -30
    },
    "2020-12-31": {
        "Diluted EPS": -0.56,
        "Total Revenue": 113,
        "Gross Profit": 79,
        "Operating Income": -21,
        "EBIT": -9,
        "Net Income": -29
    },
    "2020-09-30": {
        "Diluted EPS": -0.5,
        "Total Revenue": 105,
        "Gross Profit": 74,
        "Operating Income": -18,
        "EBIT": -7,
        "Net Income": -26
    },
    "2020-06-30": {
        "Diluted EPS": -0.42,
        "Total Revenue": 99,
        "Gross Profit": 70,
        "Operating Income": -16,
        "EBIT": -6,
        "Net Income": -21
    },
    "2020-03-31": {
        "Diluted EPS": -0.46,
        "Total Revenue": 94,
        "Gross Profit": 67,
        "Operating Income": -20,
        "EBIT": -12,
        "Net Income": -23
    },
    "2019-12-31": {
        "Diluted EPS": -0.29,
        "Total Revenue": 92,
        "Gross Profit": 66,
        "Operating Income": -12,
        "EBIT": -5,
        "Net Income": -14
    },
    "2019-09-30": {
        "Diluted EPS": -0.29,
        "Total Revenue": 83,
        "Gross Profit": 60,
        "Operating Income": -12,
        "EBIT": -4,
        "Net Income": -14
    },
    "2019-06-30": {
        "Diluted EPS": -0.28,
        "Total Revenue": 79,
        "Gross Profit": 57,
        "Operating Income": -12,
        "EBIT": -6,
        "Net Income": -13
    },
    "2019-03-31": {
        "Diluted EPS": -0.24,
        "Total Revenue": 73,
        "Gross Profit": 53,
        "Operating Income": -10,
        "EBIT": -4,
        "Net Income": -12
    },
    "2018-12-31": {
        "Diluted EPS": -0.28,
        "Total Revenue": 69,
        "Gross Profit": 49,
        "Operating Income": -11,
        "EBIT": -5,
        "Net Income": -13
    },
    "2018-09-30": {
        "Diluted EPS": -0.25,
        "Total Revenue": 62,
        "Gross Profit": 45,
        "Operating Income": -11,
        "EBIT": -7,
        "Net Income": -12
    },
    "2018-06-30": {
        "Diluted EPS": -0.31,
        "Total Revenue": 58,
        "Gross Profit": 41,
        "Operating Income": -14,
        "EBIT": -12,
        "Net Income": -14
    },
    "2018-03-31": {
        "Diluted EPS": -0.36,
        "Total Revenue": 55,
        "Gross Profit": 38,
        "Operating Income": -17,
        "EBIT": -14,
        "Net Income": -16
    },
    "2017-12-31": {
        "Diluted EPS": -0.3,
        "Total Revenue": 58,
        "Gross Profit": 41,
        "Operating Income": -13,
        "EBIT": -11,
        "Net Income": -13
    },
    "2017-09-30": {
        "Diluted EPS": -0.24,
        "Total Revenue": 51,
        "Gross Profit": 36,
        "Operating Income": -13,
        "EBIT": -11,
        "Net Income": -10
    },
    "2017-06-30": {
        "Diluted EPS": -0.27,
        "Total Revenue": 47,
        "Gross Profit": 34,
        "Operating Income": -12,
        "EBIT": -10,
        "Net Income": -12
    },
    "2017-03-31": {
        "Diluted EPS": -0.25,
        "Total Revenue": 45,
        "Gross Profit": 33,
        "Operating Income": -10,
        "EBIT": -9,
        "Net Income": -11
    },
    "2016-12-31": {
        "Diluted EPS": -0.23,
        "Total Revenue": 45,
        "Gross Profit": 33,
        "Operating Income": -10,
        "EBIT": -9,
        "Net Income": -10
    },
    "2016-09-30": {
        "Diluted EPS": -0.25,
        "Total Revenue": 40,
        "Gross Profit": 30,
        "Operating Income": -10,
        "EBIT": -8,
        "Net Income": -10
    },
    "2016-06-30": {
        "Diluted EPS": -0.33,
        "Total Revenue": 37,
        "Gross Profit": 28,
        "Operating Income": -13,
        "EBIT": -12,
        "Net Income": -13
    },
    "2016-03-31": {
        "Diluted EPS": -0.38,
        "Total Revenue": 35,
        "Gross Profit": 26,
        "Operating Income": -16,
        "EBIT": -14,
        "Net Income": -16
    },
    "2015-12-31": {
        "Diluted EPS": 0.88,
        "Total Revenue": 33,
        "Gross Profit": 24,
        "Operating Income": -21,
        "EBIT": -19,
        "Net Income": -21
    },
    "2015-09-30": {
        "Diluted EPS": -0.79,
        "Total Revenue": 28,
        "Gross Profit": 21,
        "Operating Income": -10,
        "EBIT": -8,
        "Net Income": -26
    },
    "2015-06-30": {
        "Diluted EPS": -2.59,
        "Total Revenue": 26,
        "Gross Profit": 19,
        "Operating Income": -9,
        "EBIT": -7,
        "Net Income": -33
    },
    "2015-03-31": {
        "Diluted EPS": -1.5,
        "Total Revenue": 24,
        "Gross Profit": 17,
        "Operating Income": -7,
        "EBIT": -5,
        "Net Income": -19
    },
    "2014-12-31": {
        "Diluted EPS": 0.0,
        "Total Revenue": NaN,
        "Gross Profit": NaN,
        "Operating Income": NaN,
        "EBIT": NaN,
        "Net Income": NaN
    },
    "2014-09-30": {
        "Diluted EPS": -0.25,
        "Total Revenue": 20,
        "Gross Profit": 16,
        "Operating Income": -6,
        "EBIT": -5,
        "Net Income": 5
    },
    "2014-06-30": {
        "Diluted EPS": -1.85,
        "Total Revenue": 18,
        "Gross Profit": 14,
        "Operating Income": -7,
        "EBIT": -7,
        "Net Income": -24
    },
    "2013-12-31": {
        "Diluted EPS": 0.0,
        "Total Revenue": NaN,
        "Gross Profit": NaN,
        "Operating Income": NaN,
        "EBIT": NaN,
        "Net Income": NaN
    },
    "2012-12-31": {
        "Diluted EPS": 0.0,
        "Total Revenue": NaN,
        "Gross Profit": NaN,
        "Operating Income": NaN,
        "EBIT": NaN,
        "Net Income": NaN
    },
    "2023-06-30": {
        "Tax Effect Of Unusual Items": -5718510.0,
        "Tax Rate For Calcs": 0.21,
        "Normalized EBITDA": -24080000.0,
        "Total Unusual Items": -27231000.0,
        "Total Unusual Items Excluding Goodwill": -27231000.0,
        "Net Income From Continuing Operation Net Minority Interest": -66782000.0,
        "Reconciled Depreciation": 11829000.0,
        "Reconciled Cost Of Revenue": 58164000.0,
        "EBITDA": -51311000.0,
        "EBIT": -63140000.0,
        "Net Interest Income": -986000.0,
        "Interest Expense": 2773000.0,
        "Interest Income": 1787000.0,
        "Normalized Income": -45269510.0,
        "Net Income From Continuing And Discontinued Operation": -66782000.0,
        "Total Expenses": 214850000.0,
        "Total Operating Income As Reported": -51659000.0,
        "Diluted Average Shares": NaN,
        "Basic Average Shares": 60470396.0,
        "Diluted EPS": -1.1,
        "Basic EPS": -1.1,
        "Diluted NI Availto Com Stockholders": -66782000.0,
        "Net Income Common Stockholders": -66782000.0,
        "Net Income": -66782000.0,
        "Net Income Including Noncontrolling Interests": -66782000.0,
        "Net Income Continuous Operations": -66782000.0,
        "Tax Provision": 869000.0,
        "Pretax Income": -65913000.0,
        "Other Income Expense": -40499000.0,
        "Other Non Operating Income Expenses": -13268000.0,
        "Special Income Charges": -27231000.0,
        "Impairment Of Capital Assets": 27231000.0,
        "Restructuring And Mergern Acquisition": NaN,
        "Net Non Operating Interest Income Expense": -986000.0,
        "Interest Expense Non Operating": 2773000.0,
        "Interest Income Non Operating": 1787000.0,
        "Operating Income": -24428000.0,
        "Operating Expense": 156686000.0,
        "Research And Development": 50762000.0,
        "Selling General And Administration": 105924000.0,
        "Selling And Marketing Expense": 83036000.0,
        "General And Administrative Expense": 22888000.0,
        "Other Gand A": 22888000.0,
        "Gross Profit": 132258000.0,
        "Cost Of Revenue": 58164000.0,
        "Total Revenue": 190422000.0,
        "Operating Revenue": 190422000.0
    },
    "2023-09-30": {
        "Tax Effect Of Unusual Items": -4945290.0,
        "Tax Rate For Calcs": 0.21,
        "Normalized EBITDA": 17184000.0,
        "Total Unusual Items": -23549000.0,
        "Total Unusual Items Excluding Goodwill": -23549000.0,
        "Net Income From Continuing Operation Net Minority Interest": -76611000.0,
        "Reconciled Depreciation": 11649000.0,
        "Reconciled Cost Of Revenue": 57830000.0,
        "EBITDA": -6365000.0,
        "EBIT": -18014000.0,
        "Net Interest Income": -53970000.0,
        "Interest Expense": 56515000.0,
        "Interest Income": 2545000.0,
        "Normalized Income": -58007290.0,
        "Net Income From Continuing And Discontinued Operation": -76611000.0,
        "Total Expenses": 191335000.0,
        "Total Operating Income As Reported": -16041000.0,
        "Diluted Average Shares": NaN,
        "Basic Average Shares": 61065157.0,
        "Diluted EPS": NaN,
        "Basic EPS": -1.25,
        "Diluted NI Availto Com Stockholders": -76611000.0,
        "Net Income Common Stockholders": -76611000.0,
        "Net Income": -76611000.0,
        "Net Income Including Noncontrolling Interests": -76611000.0,
        "Net Income Continuous Operations": -76611000.0,
        "Tax Provision": 2082000.0,
        "Pretax Income": -74529000.0,
        "Other Income Expense": -28067000.0,
        "Other Non Operating Income Expenses": -4518000.0,
        "Special Income Charges": -23549000.0,
        "Impairment Of Capital Assets": 3553000.0,
        "Restructuring And Mergern Acquisition": 19996000.0,
        "Net Non Operating Interest Income Expense": -53970000.0,
        "Interest Expense Non Operating": 56515000.0,
        "Interest Income Non Operating": 2545000.0,
        "Operating Income": 7508000.0,
        "Operating Expense": 133505000.0,
        "Research And Development": 39940000.0,
        "Selling General And Administration": 93565000.0,
        "Selling And Marketing Expense": 75699000.0,
        "General And Administrative Expense": 17866000.0,
        "Other Gand A": 17866000.0,
        "Gross Profit": 141013000.0,
        "Cost Of Revenue": 57830000.0,
        "Total Revenue": 198843000.0,
        "Operating Revenue": 198843000.0
    }
}