{
    "2023-03-31": {
        "Tax Effect Of Unusual Items": 0.0,
        "Tax Rate For Calcs": 0.0,
        "Normalized EBITDA": -16082000.0,
        "Net Income From Continuing Operation Net Minority Interest": -15107000.0,
        "Reconciled Depreciation": 41000.0,
        "EBITDA": -16082000.0,
        "EBIT": -16123000.0,
        "Normalized Income": -15107000.0,
        "Net Income From Continuing And Discontinued Operation": -15107000.0,
        "Total Expenses": 16123000.0,
        "Total Operating Income As Reported": -16123000.0,
        "Diluted Average Shares": 25036410.0,
        "Basic Average Shares": 25036410.0,
        "Diluted EPS": -0.6,
        "Basic EPS": -0.6,
        "Diluted NI Availto Com Stockholders": -15107000.0,
        "Net Income Common Stockholders": -15107000.0,
        "Net Income": -15107000.0,
        "Net Income Including Noncontrolling Interests": -15107000.0,
        "Net Income Continuous Operations": -15107000.0,
        "Pretax Income": -15107000.0,
        "Other Income Expense": 1016000.0,
        "Other Non Operating Income Expenses": 1016000.0,
        "Operating Income": -16123000.0,
        "Operating Expense": 16123000.0,
        "Research And Development": 10991000.0,
        "Selling General And Administration": 5132000.0,
        "General And Administrative Expense": 5132000.0,
        "Other Gand A": 5132000.0,
        "Total Revenue": 0.0,
        "Operating Revenue": 0.0
    },
    "2022-12-31": {
        "Tax Effect Of Unusual Items": 0.0,
        "Tax Rate For Calcs": 0.0,
        "Normalized EBITDA": -14562000.0,
        "Net Income From Continuing Operation Net Minority Interest": -13600000.0,
        "Reconciled Depreciation": 25000.0,
        "EBITDA": -14562000.0,
        "EBIT": -14562000.0,
        "Normalized Income": -13600000.0,
        "Net Income From Continuing And Discontinued Operation": -13600000.0,
        "Total Expenses": 14562000.0,
        "Total Operating Income As Reported": -14562000.0,
        "Diluted Average Shares": 24484302.0,
        "Basic Average Shares": 24484302.0,
        "Diluted EPS": -0.56,
        "Basic EPS": -0.56,
        "Diluted NI Availto Com Stockholders": -13600000.0,
        "Net Income Common Stockholders": -13600000.0,
        "Net Income": -13600000.0,
        "Net Income Including Noncontrolling Interests": -13600000.0,
        "Net Income Continuous Operations": -13600000.0,
        "Pretax Income": -13600000.0,
        "Other Income Expense": 962000.0,
        "Other Non Operating Income Expenses": 962000.0,
        "Operating Income": -14562000.0,
        "Operating Expense": 14562000.0,
        "Research And Development": 10357000.0,
        "Selling General And Administration": 4205000.0,
        "General And Administrative Expense": 4205000.0,
        "Other Gand A": 4205000.0,
        "Total Revenue": 0.0,
        "Operating Revenue": 0.0
    },
    "2022-09-30": {
        "Tax Effect Of Unusual Items": 0.0,
        "Tax Rate For Calcs": 0.0,
        "Normalized EBITDA": -13818000.0,
        "Net Income From Continuing Operation Net Minority Interest": -13007000.0,
        "Reconciled Depreciation": 22000.0,
        "EBITDA": -13818000.0,
        "EBIT": -13840000.0,
        "Normalized Income": -13007000.0,
        "Net Income From Continuing And Discontinued Operation": -13007000.0,
        "Total Expenses": 13840000.0,
        "Total Operating Income As Reported": -13840000.0,
        "Diluted Average Shares": 24496313.0,
        "Basic Average Shares": 24496313.0,
        "Diluted EPS": -0.53,
        "Basic EPS": -0.53,
        "Diluted NI Availto Com Stockholders": -13007000.0,
        "Net Income Common Stockholders": -13007000.0,
        "Net Income": -13007000.0,
        "Net Income Including Noncontrolling Interests": -13007000.0,
        "Net Income Continuous Operations": -13007000.0,
        "Pretax Income": -13007000.0,
        "Other Income Expense": 833000.0,
        "Other Non Operating Income Expenses": 833000.0,
        "Operating Income": -13840000.0,
        "Operating Expense": 13840000.0,
        "Research And Development": 9938000.0,
        "Selling General And Administration": 3902000.0,
        "General And Administrative Expense": 3902000.0,
        "Other Gand A": 3902000.0,
        "Total Revenue": 0.0,
        "Operating Revenue": 0.0
    },
    "2022-06-30": {
        "Tax Effect Of Unusual Items": 0.0,
        "Tax Rate For Calcs": 0.0,
        "Normalized EBITDA": -12409000.0,
        "Net Income From Continuing Operation Net Minority Interest": -12312000.0,
        "Reconciled Depreciation": 22000.0,
        "EBITDA": -12409000.0,
        "EBIT": -12431000.0,
        "Normalized Income": -12312000.0,
        "Net Income From Continuing And Discontinued Operation": -12312000.0,
        "Total Expenses": 12431000.0,
        "Total Operating Income As Reported": -12431000.0,
        "Diluted Average Shares": 24463824.0,
        "Basic Average Shares": 24463824.0,
        "Diluted EPS": -0.5,
        "Basic EPS": -0.5,
        "Diluted NI Availto Com Stockholders": -12312000.0,
        "Net Income Common Stockholders": -12312000.0,
        "Net Income": -12312000.0,
        "Net Income Including Noncontrolling Interests": -12312000.0,
        "Net Income Continuous Operations": -12312000.0,
        "Pretax Income": -12312000.0,
        "Other Income Expense": 119000.0,
        "Other Non Operating Income Expenses": 119000.0,
        "Operating Income": -12431000.0,
        "Operating Expense": 12431000.0,
        "Research And Development": 8132000.0,
        "Selling General And Administration": 4299000.0,
        "General And Administrative Expense": 4299000.0,
        "Other Gand A": 4299000.0,
        "Total Revenue": 0.0,
        "Operating Revenue": 0.0
    },
    "2022-03-31": {
        "Diluted EPS": -0.53,
        "Total Revenue": NaN,
        "Gross Profit": NaN,
        "Operating Income": -13,
        "EBIT": -13,
        "Net Income": -13
    },
    "2021-12-31": {
        "Diluted EPS": 2.24,
        "Total Revenue": NaN,
        "Gross Profit": NaN,
        "Operating Income": -11,
        "EBIT": -11,
        "Net Income": -11
    },
    "2021-09-30": {
        "Diluted EPS": -0.52,
        "Total Revenue": NaN,
        "Gross Profit": NaN,
        "Operating Income": -13,
        "EBIT": -13,
        "Net Income": -13
    },
    "2021-06-30": {
        "Diluted EPS": -0.43,
        "Total Revenue": NaN,
        "Gross Profit": NaN,
        "Operating Income": -9,
        "EBIT": -9,
        "Net Income": -9
    },
    "2021-03-31": {
        "Diluted EPS": -3.48,
        "Total Revenue": NaN,
        "Gross Profit": NaN,
        "Operating Income": -7,
        "EBIT": -7,
        "Net Income": -7
    },
    "2020-12-31": {
        "Diluted EPS": -3.1,
        "Total Revenue": NaN,
        "Gross Profit": NaN,
        "Operating Income": -6,
        "EBIT": -6,
        "Net Income": -6
    },
    "2020-09-30": {
        "Diluted EPS": -2.48,
        "Total Revenue": NaN,
        "Gross Profit": NaN,
        "Operating Income": -5,
        "EBIT": -5,
        "Net Income": -5
    },
    "2020-06-30": {
        "Diluted EPS": -1.82,
        "Total Revenue": NaN,
        "Gross Profit": NaN,
        "Operating Income": -4,
        "EBIT": -4,
        "Net Income": -4
    },
    "2020-03-31": {
        "Diluted EPS": -2.2,
        "Total Revenue": NaN,
        "Gross Profit": NaN,
        "Operating Income": -5,
        "EBIT": -5,
        "Net Income": -4
    },
    "2019-12-31": {
        "Diluted EPS": 0.0,
        "Total Revenue": NaN,
        "Gross Profit": NaN,
        "Operating Income": NaN,
        "EBIT": NaN,
        "Net Income": NaN
    },
    "2023-06-30": {
        "Tax Effect Of Unusual Items": 0.0,
        "Tax Rate For Calcs": 0.0,
        "Normalized EBITDA": -20997000.0,
        "Net Income From Continuing Operation Net Minority Interest": -19531000.0,
        "Reconciled Depreciation": 42000.0,
        "EBITDA": -20997000.0,
        "EBIT": -21039000.0,
        "Normalized Income": -19531000.0,
        "Net Income From Continuing And Discontinued Operation": -19531000.0,
        "Total Expenses": 21039000.0,
        "Total Operating Income As Reported": -21039000.0,
        "Diluted Average Shares": 30215321.0,
        "Basic Average Shares": 30215321.0,
        "Diluted EPS": -0.65,
        "Basic EPS": -0.65,
        "Diluted NI Availto Com Stockholders": -19531000.0,
        "Net Income Common Stockholders": -19531000.0,
        "Net Income": -19531000.0,
        "Net Income Including Noncontrolling Interests": -19531000.0,
        "Net Income Continuous Operations": -19531000.0,
        "Pretax Income": -19531000.0,
        "Other Income Expense": 1508000.0,
        "Other Non Operating Income Expenses": 1508000.0,
        "Operating Income": -21039000.0,
        "Operating Expense": 21039000.0,
        "Research And Development": 14400000.0,
        "Selling General And Administration": 6639000.0,
        "General And Administrative Expense": 6639000.0,
        "Other Gand A": 6639000.0,
        "Total Revenue": 0.0,
        "Operating Revenue": 0.0
    }
}