{
    "2023-03-31": {
        "Tax Effect Of Unusual Items": NaN,
        "Tax Rate For Calcs": NaN,
        "Normalized EBITDA": NaN,
        "Total Unusual Items": NaN,
        "Total Unusual Items Excluding Goodwill": NaN,
        "Net Income From Continuing Operation Net Minority Interest": NaN,
        "Reconciled Depreciation": 0.0,
        "EBITDA": NaN,
        "EBIT": NaN,
        "Net Interest Income": NaN,
        "Interest Expense": NaN,
        "Interest Income": NaN,
        "Normalized Income": NaN,
        "Net Income From Continuing And Discontinued Operation": NaN,
        "Total Expenses": NaN,
        "Total Operating Income As Reported": NaN,
        "Diluted Average Shares": NaN,
        "Basic Average Shares": NaN,
        "Diluted EPS": NaN,
        "Basic EPS": NaN,
        "Diluted NI Availto Com Stockholders": NaN,
        "Average Dilution Earnings": NaN,
        "Net Income Common Stockholders": NaN,
        "Net Income": NaN,
        "Minority Interests": NaN,
        "Net Income Including Noncontrolling Interests": NaN,
        "Net Income Continuous Operations": NaN,
        "Tax Provision": NaN,
        "Pretax Income": NaN,
        "Other Income Expense": NaN,
        "Other Non Operating Income Expenses": NaN,
        "Earnings From Equity Interest": NaN,
        "Gain On Sale Of Security": NaN,
        "Net Non Operating Interest Income Expense": NaN,
        "Interest Expense Non Operating": NaN,
        "Interest Income Non Operating": NaN,
        "Operating Income": NaN,
        "Operating Expense": NaN,
        "Other Operating Expenses": NaN,
        "Depreciation Amortization Depletion Income Statement": 0.0,
        "Depreciation And Amortization In Income Statement": 0.0,
        "Amortization": 0.0,
        "Amortization Of Intangibles Income Statement": 0.0,
        "Research And Development": NaN,
        "Selling General And Administration": NaN,
        "General And Administrative Expense": NaN,
        "Other Gand A": NaN,
        "Total Revenue": NaN,
        "Operating Revenue": NaN
    },
    "2022-12-31": {
        "Tax Effect Of Unusual Items": NaN,
        "Tax Rate For Calcs": NaN,
        "Normalized EBITDA": NaN,
        "Total Unusual Items": NaN,
        "Total Unusual Items Excluding Goodwill": NaN,
        "Net Income From Continuing Operation Net Minority Interest": NaN,
        "Reconciled Depreciation": 0.0,
        "EBITDA": NaN,
        "EBIT": NaN,
        "Net Interest Income": NaN,
        "Interest Expense": NaN,
        "Interest Income": NaN,
        "Normalized Income": NaN,
        "Net Income From Continuing And Discontinued Operation": NaN,
        "Total Expenses": NaN,
        "Total Operating Income As Reported": NaN,
        "Diluted Average Shares": NaN,
        "Basic Average Shares": NaN,
        "Diluted EPS": NaN,
        "Basic EPS": NaN,
        "Diluted NI Availto Com Stockholders": NaN,
        "Average Dilution Earnings": NaN,
        "Net Income Common Stockholders": NaN,
        "Net Income": NaN,
        "Minority Interests": NaN,
        "Net Income Including Noncontrolling Interests": NaN,
        "Net Income Continuous Operations": NaN,
        "Tax Provision": NaN,
        "Pretax Income": NaN,
        "Other Income Expense": NaN,
        "Other Non Operating Income Expenses": NaN,
        "Earnings From Equity Interest": NaN,
        "Gain On Sale Of Security": NaN,
        "Net Non Operating Interest Income Expense": NaN,
        "Interest Expense Non Operating": NaN,
        "Interest Income Non Operating": NaN,
        "Operating Income": NaN,
        "Operating Expense": NaN,
        "Other Operating Expenses": NaN,
        "Depreciation Amortization Depletion Income Statement": 0.0,
        "Depreciation And Amortization In Income Statement": 0.0,
        "Amortization": 0.0,
        "Amortization Of Intangibles Income Statement": 0.0,
        "Research And Development": NaN,
        "Selling General And Administration": NaN,
        "General And Administrative Expense": NaN,
        "Other Gand A": NaN,
        "Total Revenue": NaN,
        "Operating Revenue": NaN
    },
    "2022-09-30": {
        "Tax Effect Of Unusual Items": NaN,
        "Tax Rate For Calcs": NaN,
        "Normalized EBITDA": NaN,
        "Total Unusual Items": NaN,
        "Total Unusual Items Excluding Goodwill": NaN,
        "Net Income From Continuing Operation Net Minority Interest": NaN,
        "Reconciled Depreciation": NaN,
        "EBITDA": NaN,
        "EBIT": NaN,
        "Net Interest Income": NaN,
        "Interest Expense": NaN,
        "Interest Income": NaN,
        "Normalized Income": NaN,
        "Net Income From Continuing And Discontinued Operation": NaN,
        "Total Expenses": NaN,
        "Total Operating Income As Reported": NaN,
        "Diluted Average Shares": 607226000.0,
        "Basic Average Shares": 439293000.0,
        "Diluted EPS": 0.32,
        "Basic EPS": 0.32,
        "Diluted NI Availto Com Stockholders": NaN,
        "Average Dilution Earnings": 54396000.0,
        "Net Income Common Stockholders": NaN,
        "Net Income": NaN,
        "Minority Interests": NaN,
        "Net Income Including Noncontrolling Interests": NaN,
        "Net Income Continuous Operations": NaN,
        "Tax Provision": NaN,
        "Pretax Income": NaN,
        "Other Income Expense": NaN,
        "Other Non Operating Income Expenses": NaN,
        "Earnings From Equity Interest": NaN,
        "Gain On Sale Of Security": NaN,
        "Net Non Operating Interest Income Expense": NaN,
        "Interest Expense Non Operating": NaN,
        "Interest Income Non Operating": NaN,
        "Operating Income": NaN,
        "Operating Expense": NaN,
        "Other Operating Expenses": NaN,
        "Depreciation Amortization Depletion Income Statement": NaN,
        "Depreciation And Amortization In Income Statement": NaN,
        "Amortization": NaN,
        "Amortization Of Intangibles Income Statement": NaN,
        "Research And Development": NaN,
        "Selling General And Administration": NaN,
        "General And Administrative Expense": NaN,
        "Other Gand A": NaN,
        "Total Revenue": NaN,
        "Operating Revenue": NaN
    },
    "2022-06-30": {
        "Tax Effect Of Unusual Items": 0.0,
        "Tax Rate For Calcs": 0.0,
        "Normalized EBITDA": 388413000.0,
        "Total Unusual Items": 150150000.0,
        "Total Unusual Items Excluding Goodwill": 150150000.0,
        "Net Income From Continuing Operation Net Minority Interest": 304504000.0,
        "Reconciled Depreciation": 0.0,
        "EBITDA": 538563000.0,
        "EBIT": 538563000.0,
        "Net Interest Income": -36047000.0,
        "Interest Expense": 46966000.0,
        "Interest Income": 10919000.0,
        "Normalized Income": 154354000.0,
        "Net Income From Continuing And Discontinued Operation": 304504000.0,
        "Total Expenses": 158163000.0,
        "Total Operating Income As Reported": 377792000.0,
        "Diluted Average Shares": 607214000.0,
        "Basic Average Shares": 436318000.0,
        "Diluted EPS": 0.7,
        "Basic EPS": 0.7,
        "Diluted NI Availto Com Stockholders": 423728000.0,
        "Average Dilution Earnings": 119224000.0,
        "Net Income Common Stockholders": 304504000.0,
        "Net Income": 304504000.0,
        "Minority Interests": -187093000.0,
        "Net Income Including Noncontrolling Interests": 491597000.0,
        "Net Income Continuous Operations": 491597000.0,
        "Tax Provision": 0.0,
        "Pretax Income": 491597000.0,
        "Other Income Expense": 149852000.0,
        "Other Non Operating Income Expenses": -1035000.0,
        "Earnings From Equity Interest": 737000.0,
        "Gain On Sale Of Security": 150150000.0,
        "Net Non Operating Interest Income Expense": -36047000.0,
        "Interest Expense Non Operating": 46966000.0,
        "Interest Income Non Operating": 10919000.0,
        "Operating Income": 377792000.0,
        "Operating Expense": 158163000.0,
        "Other Operating Expenses": 105714000.0,
        "Depreciation Amortization Depletion Income Statement": 0.0,
        "Depreciation And Amortization In Income Statement": 0.0,
        "Amortization": 0.0,
        "Amortization Of Intangibles Income Statement": 0.0,
        "Research And Development": 606000.0,
        "Selling General And Administration": 51843000.0,
        "General And Administrative Expense": 51843000.0,
        "Other Gand A": 51843000.0,
        "Total Revenue": 535955000.0,
        "Operating Revenue": 517887000.0
    },
    "2022-03-31": {
        "Diluted EPS": 0.12,
        "Total Revenue": 562,
        "Gross Profit": 562,
        "Operating Income": 220,
        "EBIT": 231,
        "Net Income": 52
    },
    "2021-12-31": {
        "Diluted EPS": -0.01,
        "Total Revenue": 576,
        "Gross Profit": 576,
        "Operating Income": 153,
        "EBIT": 165,
        "Net Income": 8
    },
    "2021-09-30": {
        "Diluted EPS": 0.24,
        "Total Revenue": 586,
        "Gross Profit": 586,
        "Operating Income": 303,
        "EBIT": 314,
        "Net Income": 102
    },
    "2021-06-30": {
        "Diluted EPS": 1.08,
        "Total Revenue": 555,
        "Gross Profit": 555,
        "Operating Income": 745,
        "EBIT": 755,
        "Net Income": 441
    },
    "2021-03-31": {
        "Diluted EPS": 0.18,
        "Total Revenue": 573,
        "Gross Profit": 573,
        "Operating Income": 229,
        "EBIT": 240,
        "Net Income": 69
    },
    "2020-12-31": {
        "Diluted EPS": 0.44,
        "Total Revenue": 572,
        "Gross Profit": 572,
        "Operating Income": 314,
        "EBIT": 325,
        "Net Income": 171
    },
    "2020-09-30": {
        "Diluted EPS": 0.79,
        "Total Revenue": 538,
        "Gross Profit": 538,
        "Operating Income": 511,
        "EBIT": 519,
        "Net Income": 291
    },
    "2020-06-30": {
        "Diluted EPS": 0.09,
        "Total Revenue": 511,
        "Gross Profit": 511,
        "Operating Income": 409,
        "EBIT": 417,
        "Net Income": 442
    },
    "2020-03-31": {
        "Diluted EPS": 0.0,
        "Total Revenue": 501,
        "Gross Profit": 501,
        "Operating Income": 361,
        "EBIT": 370,
        "Net Income": 71
    },
    "2019-12-31": {
        "Diluted EPS": 0.0,
        "Total Revenue": NaN,
        "Gross Profit": NaN,
        "Operating Income": NaN,
        "EBIT": NaN,
        "Net Income": NaN
    },
    "2019-09-30": {
        "Diluted EPS": 0.0,
        "Total Revenue": 464,
        "Gross Profit": 464,
        "Operating Income": 532,
        "EBIT": 541,
        "Net Income": 409
    },
    "2019-06-30": {
        "Diluted EPS": 0.0,
        "Total Revenue": 458,
        "Gross Profit": 458,
        "Operating Income": 328,
        "EBIT": 328,
        "Net Income": 152
    },
    "2018-12-31": {
        "Diluted EPS": 0.0,
        "Total Revenue": NaN,
        "Gross Profit": NaN,
        "Operating Income": NaN,
        "EBIT": NaN,
        "Net Income": NaN
    },
    "2023-06-30": {
        "Tax Effect Of Unusual Items": NaN,
        "Tax Rate For Calcs": NaN,
        "Normalized EBITDA": NaN,
        "Total Unusual Items": NaN,
        "Total Unusual Items Excluding Goodwill": NaN,
        "Net Income From Continuing Operation Net Minority Interest": NaN,
        "Reconciled Depreciation": 0.0,
        "EBITDA": NaN,
        "EBIT": NaN,
        "Net Interest Income": NaN,
        "Interest Expense": NaN,
        "Interest Income": NaN,
        "Normalized Income": NaN,
        "Net Income From Continuing And Discontinued Operation": NaN,
        "Total Expenses": NaN,
        "Total Operating Income As Reported": NaN,
        "Diluted Average Shares": 605860000.0,
        "Basic Average Shares": 450405000.0,
        "Diluted EPS": 0.5,
        "Basic EPS": 0.51,
        "Diluted NI Availto Com Stockholders": NaN,
        "Average Dilution Earnings": 78049000.0,
        "Net Income Common Stockholders": NaN,
        "Net Income": NaN,
        "Minority Interests": NaN,
        "Net Income Including Noncontrolling Interests": NaN,
        "Net Income Continuous Operations": NaN,
        "Tax Provision": NaN,
        "Pretax Income": NaN,
        "Other Income Expense": NaN,
        "Other Non Operating Income Expenses": NaN,
        "Earnings From Equity Interest": NaN,
        "Gain On Sale Of Security": NaN,
        "Net Non Operating Interest Income Expense": NaN,
        "Interest Expense Non Operating": NaN,
        "Interest Income Non Operating": NaN,
        "Operating Income": NaN,
        "Operating Expense": NaN,
        "Other Operating Expenses": NaN,
        "Depreciation Amortization Depletion Income Statement": 0.0,
        "Depreciation And Amortization In Income Statement": 0.0,
        "Amortization": 0.0,
        "Amortization Of Intangibles Income Statement": 0.0,
        "Research And Development": NaN,
        "Selling General And Administration": NaN,
        "General And Administrative Expense": NaN,
        "Other Gand A": NaN,
        "Total Revenue": NaN,
        "Operating Revenue": NaN
    },
    "2023-09-30": {
        "Tax Effect Of Unusual Items": 0.0,
        "Tax Rate For Calcs": 0.0,
        "Normalized EBITDA": 167949000.0,
        "Total Unusual Items": 161000.0,
        "Total Unusual Items Excluding Goodwill": 161000.0,
        "Net Income From Continuing Operation Net Minority Interest": 72114000.0,
        "Reconciled Depreciation": 0.0,
        "EBITDA": 168110000.0,
        "EBIT": 168110000.0,
        "Net Interest Income": -22597000.0,
        "Interest Expense": 46033000.0,
        "Interest Income": 23436000.0,
        "Normalized Income": 71953000.0,
        "Net Income From Continuing And Discontinued Operation": 72114000.0,
        "Total Expenses": 384871000.0,
        "Total Operating Income As Reported": 151442000.0,
        "Diluted Average Shares": 601138000.0,
        "Basic Average Shares": 448439000.0,
        "Diluted EPS": 0.16,
        "Basic EPS": 0.16,
        "Diluted NI Availto Com Stockholders": 96169000.0,
        "Average Dilution Earnings": 24055000.0,
        "Net Income Common Stockholders": 72114000.0,
        "Net Income": 72114000.0,
        "Minority Interests": -49963000.0,
        "Net Income Including Noncontrolling Interests": 122077000.0,
        "Net Income Continuous Operations": 122077000.0,
        "Tax Provision": 0.0,
        "Pretax Income": 122077000.0,
        "Other Income Expense": -6768000.0,
        "Other Non Operating Income Expenses": -1707000.0,
        "Earnings From Equity Interest": -5222000.0,
        "Gain On Sale Of Security": 161000.0,
        "Net Non Operating Interest Income Expense": -22597000.0,
        "Interest Expense Non Operating": 46033000.0,
        "Interest Income Non Operating": 23436000.0,
        "Operating Income": 151442000.0,
        "Operating Expense": 384871000.0,
        "Other Operating Expenses": 277137000.0,
        "Depreciation Amortization Depletion Income Statement": 0.0,
        "Depreciation And Amortization In Income Statement": 0.0,
        "Amortization": 0.0,
        "Amortization Of Intangibles Income Statement": 0.0,
        "Research And Development": 50500000.0,
        "Selling General And Administration": 57234000.0,
        "General And Administrative Expense": 57234000.0,
        "Other Gand A": 57234000.0,
        "Total Revenue": 536313000.0,
        "Operating Revenue": 536313000.0
    },
    "2023-12-31": {
        "Tax Effect Of Unusual Items": 0.0,
        "Tax Rate For Calcs": 0.0,
        "Normalized EBITDA": 601356000.0,
        "Total Unusual Items": 163485000.0,
        "Total Unusual Items Excluding Goodwill": 163485000.0,
        "Net Income From Continuing Operation Net Minority Interest": 494340000.0,
        "Reconciled Depreciation": 0.0,
        "EBITDA": 764841000.0,
        "EBIT": 764841000.0,
        "Net Interest Income": -40755000.0,
        "Interest Expense": 47255000.0,
        "Interest Income": 6500000.0,
        "Normalized Income": 330855000.0,
        "Net Income From Continuing And Discontinued Operation": 494340000.0,
        "Total Expenses": -16828000.0,
        "Total Operating Income As Reported": 612896000.0,
        "Diluted Average Shares": NaN,
        "Basic Average Shares": NaN,
        "Diluted EPS": NaN,
        "Basic EPS": NaN,
        "Diluted NI Availto Com Stockholders": 661705000.0,
        "Average Dilution Earnings": NaN,
        "Net Income Common Stockholders": 887066000.0,
        "Net Income": 494340000.0,
        "Minority Interests": -223246000.0,
        "Net Income Including Noncontrolling Interests": 717586000.0,
        "Net Income Continuous Operations": 717586000.0,
        "Tax Provision": 0.0,
        "Pretax Income": 717586000.0,
        "Other Income Expense": 145445000.0,
        "Other Non Operating Income Expenses": -18308000.0,
        "Earnings From Equity Interest": 268000.0,
        "Gain On Sale Of Security": 163485000.0,
        "Net Non Operating Interest Income Expense": -40755000.0,
        "Interest Expense Non Operating": 47255000.0,
        "Interest Income Non Operating": 6500000.0,
        "Operating Income": 612896000.0,
        "Operating Expense": -16828000.0,
        "Other Operating Expenses": -76513000.0,
        "Depreciation Amortization Depletion Income Statement": 0.0,
        "Depreciation And Amortization In Income Statement": 0.0,
        "Amortization": 0.0,
        "Amortization Of Intangibles Income Statement": 0.0,
        "Research And Development": 500000.0,
        "Selling General And Administration": 59185000.0,
        "General And Administrative Expense": 59185000.0,
        "Other Gand A": 59185000.0,
        "Total Revenue": 596068000.0,
        "Operating Revenue": 596068000.0
    },
    "2024-03-31": {
        "Tax Effect Of Unusual Items": 0.0,
        "Tax Rate For Calcs": 0.0,
        "Normalized EBITDA": -84191000.0,
        "Total Unusual Items": 124150000.0,
        "Total Unusual Items Excluding Goodwill": 124150000.0,
        "Net Income From Continuing Operation Net Minority Interest": 4778000.0,
        "Reconciled Depreciation": NaN,
        "EBITDA": 39959000.0,
        "EBIT": 39959000.0,
        "Net Interest Income": -36815000.0,
        "Interest Expense": 44232000.0,
        "Interest Income": 7417000.0,
        "Normalized Income": -119372000.0,
        "Net Income From Continuing And Discontinued Operation": 4778000.0,
        "Total Expenses": 641752000.0,
        "Total Operating Income As Reported": -73774000.0,
        "Diluted Average Shares": 597479000.0,
        "Basic Average Shares": 448623000.0,
        "Diluted EPS": 0.01,
        "Basic EPS": 0.01,
        "Diluted NI Availto Com Stockholders": 4778000.0,
        "Average Dilution Earnings": NaN,
        "Net Income Common Stockholders": 4778000.0,
        "Net Income": 4778000.0,
        "Minority Interests": 9051000.0,
        "Net Income Including Noncontrolling Interests": -4273000.0,
        "Net Income Continuous Operations": -4273000.0,
        "Tax Provision": 0.0,
        "Pretax Income": -4273000.0,
        "Other Income Expense": 106316000.0,
        "Other Non Operating Income Expenses": -3685000.0,
        "Earnings From Equity Interest": -14149000.0,
        "Gain On Sale Of Security": 124150000.0,
        "Net Non Operating Interest Income Expense": -36815000.0,
        "Interest Expense Non Operating": 44232000.0,
        "Interest Income Non Operating": 7417000.0,
        "Operating Income": -73774000.0,
        "Operating Expense": 641752000.0,
        "Other Operating Expenses": 583600000.0,
        "Depreciation Amortization Depletion Income Statement": NaN,
        "Depreciation And Amortization In Income Statement": NaN,
        "Amortization": NaN,
        "Amortization Of Intangibles Income Statement": NaN,
        "Research And Development": 500000.0,
        "Selling General And Administration": 57652000.0,
        "General And Administrative Expense": 57652000.0,
        "Other Gand A": 57652000.0,
        "Total Revenue": 567978000.0,
        "Operating Revenue": 567978000.0
    },
    "2024-06-30": {
        "Tax Effect Of Unusual Items": 0.0,
        "Tax Rate For Calcs": 0.0,
        "Normalized EBITDA": 290714000.0,
        "Total Unusual Items": -47324000.0,
        "Total Unusual Items Excluding Goodwill": -47324000.0,
        "Net Income From Continuing Operation Net Minority Interest": 102004000.0,
        "Reconciled Depreciation": NaN,
        "EBITDA": 243390000.0,
        "EBIT": 243390000.0,
        "Net Interest Income": -35632000.0,
        "Interest Expense": 49013000.0,
        "Interest Income": 13381000.0,
        "Normalized Income": 149328000.0,
        "Net Income From Continuing And Discontinued Operation": 102004000.0,
        "Total Expenses": 267637000.0,
        "Total Operating Income As Reported": 269630000.0,
        "Diluted Average Shares": 596912000.0,
        "Basic Average Shares": 451020000.0,
        "Diluted EPS": 0.23,
        "Basic EPS": 0.23,
        "Diluted NI Availto Com Stockholders": 134910000.0,
        "Average Dilution Earnings": 32906000.0,
        "Net Income Common Stockholders": 102004000.0,
        "Net Income": 102004000.0,
        "Minority Interests": -92373000.0,
        "Net Income Including Noncontrolling Interests": 194377000.0,
        "Net Income Continuous Operations": 194377000.0,
        "Tax Provision": 0.0,
        "Pretax Income": 194377000.0,
        "Other Income Expense": -39621000.0,
        "Other Non Operating Income Expenses": 6000000.0,
        "Earnings From Equity Interest": 1703000.0,
        "Gain On Sale Of Security": -47324000.0,
        "Net Non Operating Interest Income Expense": -35632000.0,
        "Interest Expense Non Operating": 49013000.0,
        "Interest Income Non Operating": 13381000.0,
        "Operating Income": 269630000.0,
        "Operating Expense": 267637000.0,
        "Other Operating Expenses": 212429000.0,
        "Depreciation Amortization Depletion Income Statement": NaN,
        "Depreciation And Amortization In Income Statement": NaN,
        "Amortization": NaN,
        "Amortization Of Intangibles Income Statement": NaN,
        "Research And Development": 500000.0,
        "Selling General And Administration": 54708000.0,
        "General And Administrative Expense": 54708000.0,
        "Other Gand A": 54708000.0,
        "Total Revenue": 537267000.0,
        "Operating Revenue": 537267000.0
    },
    "2024-09-30": {
        "Tax Effect Of Unusual Items": 0.0,
        "Tax Rate For Calcs": 0.0,
        "Normalized EBITDA": 761335000.0,
        "Total Unusual Items": 111529000.0,
        "Total Unusual Items Excluding Goodwill": 111529000.0,
        "Net Income From Continuing Operation Net Minority Interest": 543987000.0,
        "Reconciled Depreciation": NaN,
        "EBITDA": 872864000.0,
        "EBIT": 872864000.0,
        "Net Interest Income": -48998000.0,
        "Interest Expense": 66506000.0,
        "Interest Income": 17508000.0,
        "Normalized Income": 432458000.0,
        "Net Income From Continuing And Discontinued Operation": 543987000.0,
        "Total Expenses": -170384000.0,
        "Total Operating Income As Reported": 735074000.0,
        "Diluted Average Shares": 592726000.0,
        "Basic Average Shares": 447628000.0,
        "Diluted EPS": 1.21,
        "Basic EPS": 1.22,
        "Diluted NI Availto Com Stockholders": 719386000.0,
        "Average Dilution Earnings": 175399000.0,
        "Net Income Common Stockholders": 543987000.0,
        "Net Income": 543987000.0,
        "Minority Interests": -262371000.0,
        "Net Income Including Noncontrolling Interests": 806358000.0,
        "Net Income Continuous Operations": 806358000.0,
        "Tax Provision": 0.0,
        "Pretax Income": 806358000.0,
        "Other Income Expense": 120282000.0,
        "Other Non Operating Income Expenses": -1654000.0,
        "Earnings From Equity Interest": 10407000.0,
        "Gain On Sale Of Security": 111529000.0,
        "Net Non Operating Interest Income Expense": -48998000.0,
        "Interest Expense Non Operating": 66506000.0,
        "Interest Income Non Operating": 17508000.0,
        "Operating Income": 735074000.0,
        "Operating Expense": -170384000.0,
        "Other Operating Expenses": -227604000.0,
        "Depreciation Amortization Depletion Income Statement": NaN,
        "Depreciation And Amortization In Income Statement": NaN,
        "Amortization": NaN,
        "Amortization Of Intangibles Income Statement": NaN,
        "Research And Development": 500000.0,
        "Selling General And Administration": 56720000.0,
        "General And Administrative Expense": 56720000.0,
        "Other Gand A": 56720000.0,
        "Total Revenue": 564690000.0,
        "Operating Revenue": 564690000.0
    }
}