{
    "2023-06-30": {
        "Tax Effect Of Unusual Items": 0.0,
        "Tax Rate For Calcs": 0.190979,
        "Net Income From Continuing Operation Net Minority Interest": 8968000.0,
        "Reconciled Depreciation": 625000.0,
        "Net Interest Income": 21477000.0,
        "Interest Expense": 6961000.0,
        "Interest Income": 28438000.0,
        "Normalized Income": 8968000.0,
        "Net Income From Continuing And Discontinued Operation": 8968000.0,
        "Diluted Average Shares": 7194634.0,
        "Basic Average Shares": 7177621.0,
        "Diluted EPS": 1.25,
        "Basic EPS": 1.25,
        "Diluted NI Availto Com Stockholders": 8968000.0,
        "Net Income Common Stockholders": 8968000.0,
        "Net Income": 8968000.0,
        "Net Income Including Noncontrolling Interests": 8968000.0,
        "Net Income Continuous Operations": 8968000.0,
        "Tax Provision": 2117000.0,
        "Pretax Income": 11085000.0,
        "Gain On Sale Of Security": -64000.0,
        "Selling General And Administration": 9890000.0,
        "Selling And Marketing Expense": 343000.0,
        "General And Administrative Expense": 9547000.0,
        "Salaries And Wages": 9547000.0,
        "Total Revenue": 27233000.0,
        "Operating Revenue": 27233000.0,
        "Occupancy And Equipment": 1554000.0,
        "Professional Expense And Contract Services Expense": 580000.0,
        "Other Non Interest Expense": 3824000.0
    },
    "2023-03-31": {
        "Tax Effect Of Unusual Items": 0.0,
        "Tax Rate For Calcs": 0.184,
        "Net Income From Continuing Operation Net Minority Interest": 9598000.0,
        "Reconciled Depreciation": 720000.0,
        "Net Interest Income": 22881000.0,
        "Interest Expense": 4823000.0,
        "Interest Income": 27704000.0,
        "Normalized Income": 9598000.0,
        "Net Income From Continuing And Discontinued Operation": 9598000.0,
        "Diluted Average Shares": 7196354.0,
        "Basic Average Shares": 7182782.0,
        "Diluted EPS": 1.33,
        "Basic EPS": 1.34,
        "Diluted NI Availto Com Stockholders": 9598000.0,
        "Net Income Common Stockholders": 9598000.0,
        "Net Income": 9598000.0,
        "Net Income Including Noncontrolling Interests": 9598000.0,
        "Net Income Continuous Operations": 9598000.0,
        "Tax Provision": 2163000.0,
        "Pretax Income": 11761000.0,
        "Gain On Sale Of Security": 31000.0,
        "Selling General And Administration": 9281000.0,
        "Selling And Marketing Expense": 281000.0,
        "General And Administrative Expense": 9000000.0,
        "Salaries And Wages": 9000000.0,
        "Total Revenue": 27044000.0,
        "Operating Revenue": 27044000.0,
        "Occupancy And Equipment": 1717000.0,
        "Professional Expense And Contract Services Expense": 516000.0,
        "Other Non Interest Expense": 3769000.0
    },
    "2022-12-31": {
        "Tax Effect Of Unusual Items": 0.0,
        "Tax Rate For Calcs": 0.182168,
        "Net Income From Continuing Operation Net Minority Interest": 10191000.0,
        "Reconciled Depreciation": 687000.0,
        "Net Interest Income": 23656000.0,
        "Interest Expense": 3308000.0,
        "Interest Income": 26964000.0,
        "Normalized Income": 10191000.0,
        "Net Income From Continuing And Discontinued Operation": 10191000.0,
        "Diluted Average Shares": 7199247.0,
        "Basic Average Shares": 7183915.0,
        "Diluted EPS": 1.42,
        "Basic EPS": 1.42,
        "Diluted NI Availto Com Stockholders": 10191000.0,
        "Net Income Common Stockholders": 10191000.0,
        "Net Income": 10191000.0,
        "Net Income Including Noncontrolling Interests": 10191000.0,
        "Net Income Continuous Operations": 10191000.0,
        "Tax Provision": 2270000.0,
        "Pretax Income": 12461000.0,
        "Gain On Sale Of Security": -21000.0,
        "Selling General And Administration": 8974000.0,
        "Selling And Marketing Expense": 293000.0,
        "General And Administrative Expense": 8681000.0,
        "Salaries And Wages": 8681000.0,
        "Total Revenue": 28113000.0,
        "Operating Revenue": 28113000.0
    },
    "2022-09-30": {
        "Tax Effect Of Unusual Items": NaN,
        "Tax Rate For Calcs": NaN,
        "Net Income From Continuing Operation Net Minority Interest": NaN,
        "Reconciled Depreciation": NaN,
        "Net Interest Income": NaN,
        "Interest Expense": NaN,
        "Interest Income": NaN,
        "Normalized Income": NaN,
        "Net Income From Continuing And Discontinued Operation": NaN,
        "Diluted Average Shares": NaN,
        "Basic Average Shares": NaN,
        "Diluted EPS": NaN,
        "Basic EPS": NaN,
        "Diluted NI Availto Com Stockholders": NaN,
        "Net Income Common Stockholders": NaN,
        "Net Income": NaN,
        "Net Income Including Noncontrolling Interests": NaN,
        "Net Income Continuous Operations": NaN,
        "Tax Provision": NaN,
        "Pretax Income": NaN,
        "Gain On Sale Of Security": NaN,
        "Selling General And Administration": NaN,
        "Selling And Marketing Expense": NaN,
        "General And Administrative Expense": NaN,
        "Other Gand A": 1973000.0,
        "Salaries And Wages": NaN,
        "Total Revenue": NaN,
        "Operating Revenue": NaN
    },
    "2022-06-30": {
        "Tax Effect Of Unusual Items": 0.0,
        "Tax Rate For Calcs": 0.18967,
        "Net Income From Continuing Operation Net Minority Interest": 9147000.0,
        "Reconciled Depreciation": 618000.0,
        "Net Interest Income": 21147000.0,
        "Interest Expense": 1349000.0,
        "Interest Income": 22496000.0,
        "Normalized Income": 9147000.0,
        "Net Income From Continuing And Discontinued Operation": 9147000.0,
        "Diluted Average Shares": 7196643.0,
        "Basic Average Shares": 7176365.0,
        "Diluted EPS": 1.27,
        "Basic EPS": 1.27,
        "Diluted NI Availto Com Stockholders": 9147000.0,
        "Net Income Common Stockholders": 9147000.0,
        "Net Income": 9147000.0,
        "Net Income Including Noncontrolling Interests": 9147000.0,
        "Net Income Continuous Operations": 9147000.0,
        "Tax Provision": 2141000.0,
        "Pretax Income": 11288000.0,
        "Gain On Sale Of Security": -196000.0,
        "Selling General And Administration": 8880000.0,
        "Selling And Marketing Expense": 306000.0,
        "General And Administrative Expense": 8574000.0,
        "Other Gand A": 1850000.0,
        "Salaries And Wages": 8574000.0,
        "Total Revenue": 25824000.0,
        "Operating Revenue": 25824000.0
    },
    "2022-03-31": {
        "Diluted EPS": 1.03,
        "Total Revenue": 24,
        "Gross Profit": 23,
        "Operating Income": 9,
        "EBIT": NaN,
        "Net Income": 7
    },
    "2021-12-31": {
        "Diluted EPS": 1.16,
        "Total Revenue": 26,
        "Gross Profit": 24,
        "Operating Income": 10,
        "EBIT": NaN,
        "Net Income": 9
    },
    "2021-09-30": {
        "Diluted EPS": 1.12,
        "Total Revenue": 25,
        "Gross Profit": 24,
        "Operating Income": 10,
        "EBIT": NaN,
        "Net Income": 8
    },
    "2021-06-30": {
        "Diluted EPS": 1.13,
        "Total Revenue": 25,
        "Gross Profit": 24,
        "Operating Income": 10,
        "EBIT": NaN,
        "Net Income": 8
    },
    "2021-03-31": {
        "Diluted EPS": 1.1,
        "Total Revenue": 26,
        "Gross Profit": 24,
        "Operating Income": 10,
        "EBIT": NaN,
        "Net Income": 8
    },
    "2020-12-31": {
        "Diluted EPS": 0.99,
        "Total Revenue": 27,
        "Gross Profit": 25,
        "Operating Income": 9,
        "EBIT": NaN,
        "Net Income": 7
    },
    "2020-09-30": {
        "Diluted EPS": 0.99,
        "Total Revenue": 26,
        "Gross Profit": 24,
        "Operating Income": 9,
        "EBIT": NaN,
        "Net Income": 7
    },
    "2020-06-30": {
        "Diluted EPS": 0.93,
        "Total Revenue": 25,
        "Gross Profit": 23,
        "Operating Income": 8,
        "EBIT": NaN,
        "Net Income": 7
    },
    "2020-03-31": {
        "Diluted EPS": 0.92,
        "Total Revenue": 23,
        "Gross Profit": 21,
        "Operating Income": 8,
        "EBIT": NaN,
        "Net Income": 7
    },
    "2019-12-31": {
        "Diluted EPS": 0.93,
        "Total Revenue": 23,
        "Gross Profit": 21,
        "Operating Income": 8,
        "EBIT": NaN,
        "Net Income": 7
    },
    "2019-09-30": {
        "Diluted EPS": 0.93,
        "Total Revenue": 23,
        "Gross Profit": 21,
        "Operating Income": 8,
        "EBIT": NaN,
        "Net Income": 7
    },
    "2019-06-30": {
        "Diluted EPS": 0.78,
        "Total Revenue": 22,
        "Gross Profit": 20,
        "Operating Income": 7,
        "EBIT": NaN,
        "Net Income": 6
    },
    "2019-03-31": {
        "Diluted EPS": 0.85,
        "Total Revenue": 21,
        "Gross Profit": 19,
        "Operating Income": 7,
        "EBIT": NaN,
        "Net Income": 6
    },
    "2018-12-31": {
        "Diluted EPS": 0.91,
        "Total Revenue": 21,
        "Gross Profit": 19,
        "Operating Income": 6,
        "EBIT": NaN,
        "Net Income": 6
    },
    "2018-09-30": {
        "Diluted EPS": 0.91,
        "Total Revenue": 21,
        "Gross Profit": 19,
        "Operating Income": 8,
        "EBIT": NaN,
        "Net Income": 6
    },
    "2018-06-30": {
        "Diluted EPS": 0.82,
        "Total Revenue": 20,
        "Gross Profit": 18,
        "Operating Income": 7,
        "EBIT": NaN,
        "Net Income": 6
    },
    "2018-03-31": {
        "Diluted EPS": 0.77,
        "Total Revenue": 19,
        "Gross Profit": 17,
        "Operating Income": 6,
        "EBIT": NaN,
        "Net Income": 5
    },
    "2023-09-30": {
        "Tax Effect Of Unusual Items": 0.0,
        "Tax Rate For Calcs": 0.189,
        "Net Income From Continuing Operation Net Minority Interest": 8021000.0,
        "Reconciled Depreciation": 683000.0,
        "Net Interest Income": 20680000.0,
        "Interest Expense": 9599000.0,
        "Interest Income": 30279000.0,
        "Normalized Income": 8021000.0,
        "Net Income From Continuing And Discontinued Operation": 8021000.0,
        "Diluted Average Shares": 7180084.0,
        "Basic Average Shares": 7168413.0,
        "Diluted EPS": 1.12,
        "Basic EPS": 1.12,
        "Diluted NI Availto Com Stockholders": 8021000.0,
        "Net Income Common Stockholders": 8021000.0,
        "Net Income": 8021000.0,
        "Net Income Including Noncontrolling Interests": 8021000.0,
        "Net Income Continuous Operations": 8021000.0,
        "Tax Provision": 1870000.0,
        "Pretax Income": 9891000.0,
        "Gain On Sale Of Security": -113000.0,
        "Selling General And Administration": 9792000.0,
        "Selling And Marketing Expense": 331000.0,
        "General And Administrative Expense": 9461000.0,
        "Salaries And Wages": 9461000.0,
        "Total Revenue": 26068000.0,
        "Operating Revenue": 26068000.0,
        "Occupancy And Equipment": 1663000.0,
        "Professional Expense And Contract Services Expense": 616000.0,
        "Other Non Interest Expense": 3921000.0
    },
    "2023-12-31": {
        "Tax Effect Of Unusual Items": 0.0,
        "Tax Rate For Calcs": 0.187616,
        "Net Income From Continuing Operation Net Minority Interest": 8292000.0,
        "Reconciled Depreciation": 718000.0,
        "Net Interest Income": 21245000.0,
        "Interest Expense": 10747000.0,
        "Interest Income": 31992000.0,
        "Normalized Income": 8292000.0,
        "Net Income From Continuing And Discontinued Operation": 8292000.0,
        "Diluted Average Shares": 7145870.0,
        "Basic Average Shares": 7128988.0,
        "Diluted EPS": 1.16,
        "Basic EPS": 1.16,
        "Diluted NI Availto Com Stockholders": 8292000.0,
        "Net Income Common Stockholders": 8292000.0,
        "Net Income": 8292000.0,
        "Net Income Including Noncontrolling Interests": 8292000.0,
        "Net Income Continuous Operations": 8292000.0,
        "Tax Provision": 1915000.0,
        "Pretax Income": 10207000.0,
        "Gain On Sale Of Security": 131000.0,
        "Selling General And Administration": 9580000.0,
        "Selling And Marketing Expense": 347000.0,
        "General And Administrative Expense": 9233000.0,
        "Salaries And Wages": 9233000.0,
        "Total Revenue": 26224000.0,
        "Operating Revenue": 26224000.0,
        "Occupancy And Equipment": 1648000.0,
        "Professional Expense And Contract Services Expense": 664000.0,
        "Other Non Interest Expense": 3875000.0
    },
    "2024-03-31": {
        "Tax Effect Of Unusual Items": 0.0,
        "Tax Rate For Calcs": 0.191,
        "Net Income From Continuing Operation Net Minority Interest": 8188000.0,
        "Reconciled Depreciation": 731000.0,
        "Net Interest Income": 21341000.0,
        "Interest Expense": 11655000.0,
        "Interest Income": 32996000.0,
        "Normalized Income": 8188000.0,
        "Net Income From Continuing And Discontinued Operation": 8188000.0,
        "Diluted Average Shares": 7066709.0,
        "Basic Average Shares": 7050048.0,
        "Diluted EPS": 1.16,
        "Basic EPS": 1.16,
        "Diluted NI Availto Com Stockholders": 8188000.0,
        "Net Income Common Stockholders": 8188000.0,
        "Net Income": 8188000.0,
        "Net Income Including Noncontrolling Interests": 8188000.0,
        "Net Income Continuous Operations": 8188000.0,
        "Tax Provision": 1930000.0,
        "Pretax Income": 10118000.0,
        "Gain On Sale Of Security": -31000.0,
        "Selling General And Administration": 9887000.0,
        "Selling And Marketing Expense": 337000.0,
        "General And Administrative Expense": 9550000.0,
        "Salaries And Wages": 9550000.0,
        "Total Revenue": 26333000.0,
        "Operating Revenue": 26333000.0,
        "Occupancy And Equipment": 1616000.0,
        "Professional Expense And Contract Services Expense": 618000.0,
        "Other Non Interest Expense": 3794000.0
    },
    "2024-06-30": {
        "Tax Effect Of Unusual Items": 0.0,
        "Tax Rate For Calcs": 0.192906,
        "Net Income From Continuing Operation Net Minority Interest": 7987000.0,
        "Reconciled Depreciation": 749000.0,
        "Net Interest Income": 21765000.0,
        "Interest Expense": 11894000.0,
        "Interest Income": 33659000.0,
        "Normalized Income": 7987000.0,
        "Net Income From Continuing And Discontinued Operation": 7987000.0,
        "Diluted Average Shares": 6914140.0,
        "Basic Average Shares": 6896030.0,
        "Diluted EPS": 1.16,
        "Basic EPS": 1.16,
        "Diluted NI Availto Com Stockholders": 7987000.0,
        "Net Income Common Stockholders": 7987000.0,
        "Net Income": 7987000.0,
        "Net Income Including Noncontrolling Interests": 7987000.0,
        "Net Income Continuous Operations": 7987000.0,
        "Tax Provision": 1909000.0,
        "Pretax Income": 9896000.0,
        "Gain On Sale Of Security": -13000.0,
        "Selling General And Administration": 10011000.0,
        "Selling And Marketing Expense": 408000.0,
        "General And Administrative Expense": 9603000.0,
        "Salaries And Wages": 9603000.0,
        "Total Revenue": 26576000.0,
        "Operating Revenue": 26576000.0,
        "Occupancy And Equipment": 1698000.0,
        "Professional Expense And Contract Services Expense": 729000.0,
        "Other Non Interest Expense": 3942000.0
    }
}