{
    "2023-06-30": {
        "Tax Effect Of Unusual Items": 16314695.681196,
        "Tax Rate For Calcs": 0.327348,
        "Normalized EBITDA": 111237000.0,
        "Total Unusual Items": 49839000.0,
        "Total Unusual Items Excluding Goodwill": 49839000.0,
        "Net Income From Continuing Operation Net Minority Interest": 30231000.0,
        "Reconciled Depreciation": 85016000.0,
        "Reconciled Cost Of Revenue": 421902000.0,
        "EBITDA": 161076000.0,
        "EBIT": 76060000.0,
        "Net Interest Income": -31117000.0,
        "Interest Expense": 31117000.0,
        "Normalized Income": -3293304.318804,
        "Net Income From Continuing And Discontinued Operation": 30231000.0,
        "Total Expenses": 475869000.0,
        "Diluted Average Shares": 241105000.0,
        "Basic Average Shares": 238970000.0,
        "Diluted EPS": 0.12,
        "Basic EPS": 0.12,
        "Diluted NI Availto Com Stockholders": 29554000.0,
        "Average Dilution Earnings": 2000.0,
        "Net Income Common Stockholders": 29552000.0,
        "Otherunder Preferred Stock Dividend": 679000.0,
        "Net Income": 30231000.0,
        "Net Income Including Noncontrolling Interests": 30231000.0,
        "Net Income Continuous Operations": 30231000.0,
        "Tax Provision": 14712000.0,
        "Pretax Income": 44943000.0,
        "Other Income Expense": 38686000.0,
        "Other Non Operating Income Expenses": -11153000.0,
        "Special Income Charges": -73895000.0,
        "Gain On Sale Of Ppe": -25680000.0,
        "Other Special Charges": -439000.0,
        "Restructuring And Mergern Acquisition": 48654000.0,
        "Gain On Sale Of Security": 123734000.0,
        "Net Non Operating Interest Income Expense": -31117000.0,
        "Interest Expense Non Operating": 31117000.0,
        "Operating Income": 37374000.0,
        "Operating Expense": 53967000.0,
        "Other Operating Expenses": 7448000.0,
        "Other Taxes": 6993000.0,
        "Selling General And Administration": 39526000.0,
        "General And Administrative Expense": 39526000.0,
        "Other Gand A": 39526000.0,
        "Gross Profit": 91341000.0,
        "Cost Of Revenue": 421902000.0,
        "Total Revenue": 513243000.0,
        "Operating Revenue": 513243000.0
    },
    "2023-03-31": {
        "Tax Effect Of Unusual Items": 72844462.20617,
        "Tax Rate For Calcs": 0.202012,
        "Normalized EBITDA": 361495000.0,
        "Total Unusual Items": 360595000.0,
        "Total Unusual Items Excluding Goodwill": 360595000.0,
        "Net Income From Continuing Operation Net Minority Interest": 481447000.0,
        "Reconciled Depreciation": 86562000.0,
        "Reconciled Cost Of Revenue": 466097000.0,
        "EBITDA": 722090000.0,
        "EBIT": 635528000.0,
        "Net Interest Income": -32202000.0,
        "Interest Expense": 32202000.0,
        "Normalized Income": 193696462.20617,
        "Net Income From Continuing And Discontinued Operation": 481447000.0,
        "Total Expenses": 521741000.0,
        "Diluted Average Shares": 240882000.0,
        "Basic Average Shares": 238019000.0,
        "Diluted EPS": 1.95,
        "Basic EPS": 1.98,
        "Diluted NI Availto Com Stockholders": 470408000.0,
        "Average Dilution Earnings": 124000.0,
        "Net Income Common Stockholders": 470284000.0,
        "Otherunder Preferred Stock Dividend": 11163000.0,
        "Net Income": 481447000.0,
        "Net Income Including Noncontrolling Interests": 481447000.0,
        "Net Income Continuous Operations": 481447000.0,
        "Tax Provision": 121879000.0,
        "Pretax Income": 603326000.0,
        "Other Income Expense": 338876000.0,
        "Other Non Operating Income Expenses": -21719000.0,
        "Special Income Charges": -7372000.0,
        "Gain On Sale Of Ppe": -7372000.0,
        "Other Special Charges": NaN,
        "Restructuring And Mergern Acquisition": NaN,
        "Gain On Sale Of Security": 367967000.0,
        "Net Non Operating Interest Income Expense": -32202000.0,
        "Interest Expense Non Operating": 32202000.0,
        "Operating Income": 296652000.0,
        "Operating Expense": 55644000.0,
        "Other Operating Expenses": 4604000.0,
        "Other Taxes": 7894000.0,
        "Selling General And Administration": 43146000.0,
        "General And Administrative Expense": 43146000.0,
        "Other Gand A": 43146000.0,
        "Gross Profit": 352296000.0,
        "Cost Of Revenue": 466097000.0,
        "Total Revenue": 818393000.0,
        "Operating Revenue": 818393000.0
    },
    "2022-12-31": {
        "Tax Effect Of Unusual Items": 77165110.593763,
        "Tax Rate For Calcs": 0.183988,
        "Normalized EBITDA": 706499000.0,
        "Total Unusual Items": 419404000.0,
        "Total Unusual Items Excluding Goodwill": 419404000.0,
        "Net Income From Continuing Operation Net Minority Interest": 814236000.0,
        "Reconciled Depreciation": 90847000.0,
        "Reconciled Cost Of Revenue": 481778000.0,
        "EBITDA": 1125903000.0,
        "EBIT": 1035056000.0,
        "Net Interest Income": -37233000.0,
        "Interest Expense": 37233000.0,
        "Normalized Income": 471997110.593763,
        "Net Income From Continuing And Discontinued Operation": 814236000.0,
        "Total Expenses": 564583000.0,
        "Diluted Average Shares": 240222000.0,
        "Basic Average Shares": 234948000.0,
        "Diluted EPS": 3.31,
        "Basic EPS": 3.38,
        "Diluted NI Availto Com Stockholders": 795267000.0,
        "Average Dilution Earnings": 426000.0,
        "Net Income Common Stockholders": 794841000.0,
        "Otherunder Preferred Stock Dividend": 19395000.0,
        "Net Income": 814236000.0,
        "Net Income Including Noncontrolling Interests": 814236000.0,
        "Net Income Continuous Operations": 814236000.0,
        "Tax Provision": 183587000.0,
        "Pretax Income": 997823000.0,
        "Other Income Expense": 417441000.0,
        "Other Non Operating Income Expenses": -1963000.0,
        "Special Income Charges": -28777000.0,
        "Gain On Sale Of Ppe": -16428000.0,
        "Other Special Charges": 261000.0,
        "Restructuring And Mergern Acquisition": 12088000.0,
        "Gain On Sale Of Security": 448181000.0,
        "Net Non Operating Interest Income Expense": -37233000.0,
        "Interest Expense Non Operating": 37233000.0,
        "Operating Income": 617615000.0,
        "Operating Expense": 82805000.0,
        "Other Operating Expenses": 7069000.0,
        "Other Taxes": NaN,
        "Selling General And Administration": 40369000.0,
        "General And Administrative Expense": 40369000.0,
        "Other Gand A": 40369000.0,
        "Gross Profit": 700420000.0,
        "Cost Of Revenue": 481778000.0,
        "Total Revenue": 1182198000.0,
        "Operating Revenue": 1182198000.0
    },
    "2022-09-30": {
        "Tax Effect Of Unusual Items": -65023669.004645,
        "Tax Rate For Calcs": 0.13779,
        "Normalized EBITDA": 1033822000.0,
        "Total Unusual Items": -471905000.0,
        "Total Unusual Items Excluding Goodwill": -471905000.0,
        "Net Income From Continuing Operation Net Minority Interest": 373087000.0,
        "Reconciled Depreciation": 90471000.0,
        "Reconciled Cost Of Revenue": 570493000.0,
        "EBITDA": 561917000.0,
        "EBIT": 471446000.0,
        "Net Interest Income": -38736000.0,
        "Interest Expense": 38736000.0,
        "Interest Income": NaN,
        "Normalized Income": 779968330.995355,
        "Net Income From Continuing And Discontinued Operation": 373087000.0,
        "Total Expenses": 619107000.0,
        "Diluted Average Shares": 245023000.0,
        "Basic Average Shares": 239768000.0,
        "Diluted EPS": 1.49,
        "Basic EPS": 1.52,
        "Diluted NI Availto Com Stockholders": 373087000.0,
        "Average Dilution Earnings": 172000.0,
        "Net Income Common Stockholders": 373087000.0,
        "Otherunder Preferred Stock Dividend": 8667000.0,
        "Net Income": 373087000.0,
        "Net Income Including Noncontrolling Interests": 373087000.0,
        "Net Income Continuous Operations": 373087000.0,
        "Tax Provision": 59623000.0,
        "Pretax Income": 432710000.0,
        "Other Income Expense": -477700000.0,
        "Other Non Operating Income Expenses": -5795000.0,
        "Special Income Charges": -14197000.0,
        "Gain On Sale Of Ppe": -3051000.0,
        "Other Special Charges": 81000.0,
        "Write Off": 0.0,
        "Impairment Of Capital Assets": 0.0,
        "Restructuring And Mergern Acquisition": 11065000.0,
        "Gain On Sale Of Security": -457708000.0,
        "Net Non Operating Interest Income Expense": -38736000.0,
        "Total Other Finance Cost": 1563000.0,
        "Interest Expense Non Operating": 38736000.0,
        "Interest Income Non Operating": NaN,
        "Operating Income": 949146000.0,
        "Operating Expense": 48614000.0,
        "Other Operating Expenses": 7498000.0,
        "Other Taxes": NaN,
        "Selling General And Administration": 41116000.0,
        "General And Administrative Expense": 41116000.0,
        "Other Gand A": 30714000.0,
        "Salaries And Wages": 10402000.0,
        "Gross Profit": 997760000.0,
        "Cost Of Revenue": 570493000.0,
        "Total Revenue": 1568253000.0,
        "Operating Revenue": 1567841000.0
    },
    "2022-06-30": {
        "Tax Effect Of Unusual Items": -52589780.231793,
        "Tax Rate For Calcs": 0.185785,
        "Normalized EBITDA": 967753000.0,
        "Total Unusual Items": -283068000.0,
        "Total Unusual Items Excluding Goodwill": -283068000.0,
        "Net Income From Continuing Operation Net Minority Interest": 452855000.0,
        "Reconciled Depreciation": 86498000.0,
        "Reconciled Cost Of Revenue": 552032000.0,
        "EBITDA": 684685000.0,
        "EBIT": 598187000.0,
        "Net Interest Income": -42001000.0,
        "Interest Expense": 42001000.0,
        "Interest Income": NaN,
        "Normalized Income": 683333219.768207,
        "Net Income From Continuing And Discontinued Operation": 452855000.0,
        "Total Expenses": 603031000.0,
        "Diluted Average Shares": 248650000.0,
        "Basic Average Shares": 243492000.0,
        "Diluted EPS": 1.77,
        "Basic EPS": 1.81,
        "Diluted NI Availto Com Stockholders": 441043000.0,
        "Average Dilution Earnings": 244000.0,
        "Net Income Common Stockholders": 440799000.0,
        "Otherunder Preferred Stock Dividend": 12056000.0,
        "Net Income": 452855000.0,
        "Net Income Including Noncontrolling Interests": 452855000.0,
        "Net Income Continuous Operations": 452855000.0,
        "Tax Provision": 103331000.0,
        "Pretax Income": 556186000.0,
        "Other Income Expense": -263847000.0,
        "Other Non Operating Income Expenses": 19221000.0,
        "Special Income Charges": -43146000.0,
        "Gain On Sale Of Ppe": -7055000.0,
        "Other Special Charges": 22000.0,
        "Write Off": NaN,
        "Impairment Of Capital Assets": NaN,
        "Restructuring And Mergern Acquisition": 36069000.0,
        "Gain On Sale Of Security": -239922000.0,
        "Net Non Operating Interest Income Expense": -42001000.0,
        "Total Other Finance Cost": NaN,
        "Interest Expense Non Operating": 42001000.0,
        "Interest Income Non Operating": NaN,
        "Operating Income": 862034000.0,
        "Operating Expense": 50999000.0,
        "Other Operating Expenses": 7506000.0,
        "Other Taxes": NaN,
        "Selling General And Administration": 43493000.0,
        "General And Administrative Expense": 43493000.0,
        "Other Gand A": 43493000.0,
        "Salaries And Wages": NaN,
        "Gross Profit": 913033000.0,
        "Cost Of Revenue": 552032000.0,
        "Total Revenue": 1465065000.0,
        "Operating Revenue": 1465065000.0
    },
    "2022-03-31": {
        "Diluted EPS": -1.86,
        "Total Revenue": 181,
        "Gross Profit": 83,
        "Operating Income": -455,
        "EBIT": -367,
        "Net Income": -457
    },
    "2021-12-31": {
        "Diluted EPS": 3.59,
        "Total Revenue": NaN,
        "Gross Profit": NaN,
        "Operating Income": 966,
        "EBIT": NaN,
        "Net Income": 881
    },
    "2021-09-30": {
        "Diluted EPS": -1.44,
        "Total Revenue": 303,
        "Gross Profit": 191,
        "Operating Income": -321,
        "EBIT": -226,
        "Net Income": -350
    },
    "2021-06-30": {
        "Diluted EPS": -0.65,
        "Total Revenue": 435,
        "Gross Profit": 361,
        "Operating Income": -101,
        "EBIT": -8,
        "Net Income": -156
    },
    "2021-03-31": {
        "Diluted EPS": 0.11,
        "Total Revenue": 626,
        "Gross Profit": 548,
        "Operating Income": 92,
        "EBIT": 182,
        "Net Income": 26
    },
    "2020-12-31": {
        "Diluted EPS": 0.21,
        "Total Revenue": 599,
        "Gross Profit": 520,
        "Operating Income": 17,
        "EBIT": 110,
        "Net Income": 41
    },
    "2020-09-30": {
        "Diluted EPS": -3.12,
        "Total Revenue": 299,
        "Gross Profit": 243,
        "Operating Income": -713,
        "EBIT": -613,
        "Net Income": -749
    },
    "2020-06-30": {
        "Diluted EPS": -0.7,
        "Total Revenue": 377,
        "Gross Profit": 330,
        "Operating Income": -144,
        "EBIT": -38,
        "Net Income": -168
    },
    "2020-03-31": {
        "Diluted EPS": 0.66,
        "Total Revenue": 694,
        "Gross Profit": 654,
        "Operating Income": 190,
        "EBIT": 372,
        "Net Income": 164
    },
    "2019-12-31": {
        "Diluted EPS": -7.28,
        "Total Revenue": 606,
        "Gross Profit": 550,
        "Operating Income": NaN,
        "EBIT": 159,
        "Net Income": NaN
    },
    "2019-09-30": {
        "Diluted EPS": -0.11,
        "Total Revenue": 622,
        "Gross Profit": 531,
        "Operating Income": 22,
        "EBIT": 161,
        "Net Income": -28
    },
    "2019-06-30": {
        "Diluted EPS": 0.46,
        "Total Revenue": 851,
        "Gross Profit": 742,
        "Operating Income": 214,
        "EBIT": 357,
        "Net Income": 114
    },
    "2019-03-31": {
        "Diluted EPS": 0.01,
        "Total Revenue": 748,
        "Gross Profit": 608,
        "Operating Income": 71,
        "EBIT": 212,
        "Net Income": 1
    },
    "2018-12-31": {
        "Diluted EPS": -7.17,
        "Total Revenue": NaN,
        "Gross Profit": 840,
        "Operating Income": NaN,
        "EBIT": 456,
        "Net Income": NaN
    },
    "2018-09-30": {
        "Diluted EPS": 0.19,
        "Total Revenue": 811,
        "Gross Profit": 687,
        "Operating Income": 134,
        "EBIT": 300,
        "Net Income": 48
    },
    "2018-06-30": {
        "Diluted EPS": -0.32,
        "Total Revenue": 656,
        "Gross Profit": 546,
        "Operating Income": 0,
        "EBIT": 178,
        "Net Income": -80
    },
    "2018-03-31": {
        "Diluted EPS": 0.2,
        "Total Revenue": 743,
        "Gross Profit": 679,
        "Operating Income": 156,
        "EBIT": 327,
        "Net Income": 49
    },
    "2017-12-31": {
        "Diluted EPS": 0.89,
        "Total Revenue": 679,
        "Gross Profit": 620,
        "Operating Income": 205,
        "EBIT": 369,
        "Net Income": 218
    },
    "2017-09-30": {
        "Diluted EPS": -0.52,
        "Total Revenue": 482,
        "Gross Profit": 400,
        "Operating Income": -108,
        "EBIT": 117,
        "Net Income": -128
    },
    "2017-06-30": {
        "Diluted EPS": 0.28,
        "Total Revenue": 673,
        "Gross Profit": 603,
        "Operating Income": 180,
        "EBIT": 333,
        "Net Income": 69
    },
    "2017-03-31": {
        "Diluted EPS": 0.69,
        "Total Revenue": 777,
        "Gross Profit": 715,
        "Operating Income": 311,
        "EBIT": 463,
        "Net Income": 170
    },
    "2016-12-31": {
        "Diluted EPS": -0.61,
        "Total Revenue": 254,
        "Gross Profit": 193,
        "Operating Income": -203,
        "EBIT": -51,
        "Net Income": -161
    },
    "2016-09-30": {
        "Diluted EPS": -0.23,
        "Total Revenue": 413,
        "Gross Profit": 362,
        "Operating Income": 33,
        "EBIT": 166,
        "Net Income": -42
    },
    "2016-06-30": {
        "Diluted EPS": -1.35,
        "Total Revenue": 102,
        "Gross Profit": 54,
        "Operating Income": -304,
        "EBIT": -180,
        "Net Income": -225
    },
    "2016-03-31": {
        "Diluted EPS": -0.56,
        "Total Revenue": 331,
        "Gross Profit": 290,
        "Operating Income": -43,
        "EBIT": 123,
        "Net Income": -94
    },
    "2015-12-31": {
        "Diluted EPS": -1.93,
        "Total Revenue": 411,
        "Gross Profit": 372,
        "Operating Income": -25,
        "EBIT": 193,
        "Net Income": -322
    },
    "2015-09-30": {
        "Diluted EPS": -1.81,
        "Total Revenue": 480,
        "Gross Profit": 443,
        "Operating Income": -357,
        "EBIT": 323,
        "Net Income": -301
    },
    "2015-06-30": {
        "Diluted EPS": -0.71,
        "Total Revenue": 245,
        "Gross Profit": 213,
        "Operating Income": -128,
        "EBIT": 26,
        "Net Income": -119
    },
    "2015-03-31": {
        "Diluted EPS": 0.16,
        "Total Revenue": 463,
        "Gross Profit": 433,
        "Operating Income": 101,
        "EBIT": 250,
        "Net Income": 28
    },
    "2014-12-31": {
        "Diluted EPS": 1.69,
        "Total Revenue": 587,
        "Gross Profit": 531,
        "Operating Income": 218,
        "EBIT": 361,
        "Net Income": 279
    },
    "2014-09-30": {
        "Diluted EPS": 0.86,
        "Total Revenue": 617,
        "Gross Profit": 576,
        "Operating Income": 293,
        "EBIT": 437,
        "Net Income": 144
    },
    "2014-06-30": {
        "Diluted EPS": 1.04,
        "Total Revenue": 766,
        "Gross Profit": 717,
        "Operating Income": 369,
        "EBIT": 554,
        "Net Income": 169
    },
    "2014-03-31": {
        "Diluted EPS": 0.2,
        "Total Revenue": 457,
        "Gross Profit": 408,
        "Operating Income": 107,
        "EBIT": 238,
        "Net Income": 33
    },
    "2013-12-31": {
        "Diluted EPS": 0.17,
        "Total Revenue": 336,
        "Gross Profit": 280,
        "Operating Income": -42,
        "EBIT": 89,
        "Net Income": 29
    },
    "2013-09-30": {
        "Diluted EPS": 0.12,
        "Total Revenue": 442,
        "Gross Profit": 370,
        "Operating Income": 87,
        "EBIT": 227,
        "Net Income": 19
    },
    "2013-06-30": {
        "Diluted EPS": 0.88,
        "Total Revenue": 673,
        "Gross Profit": 644,
        "Operating Income": 318,
        "EBIT": 453,
        "Net Income": 142
    },
    "2013-03-31": {
        "Diluted EPS": -0.47,
        "Total Revenue": 319,
        "Gross Profit": 280,
        "Operating Income": -65,
        "EBIT": 52,
        "Net Income": -76
    },
    "2012-12-31": {
        "Diluted EPS": 0.34,
        "Total Revenue": 458,
        "Gross Profit": 435,
        "Operating Income": 160,
        "EBIT": 325,
        "Net Income": 54
    },
    "2012-09-30": {
        "Diluted EPS": -0.34,
        "Total Revenue": 300,
        "Gross Profit": 280,
        "Operating Income": 1,
        "EBIT": 128,
        "Net Income": -54
    },
    "2012-06-30": {
        "Diluted EPS": 0.34,
        "Total Revenue": 449,
        "Gross Profit": 427,
        "Operating Income": 181,
        "EBIT": 292,
        "Net Income": 55
    },
    "2012-03-31": {
        "Diluted EPS": -0.26,
        "Total Revenue": 251,
        "Gross Profit": 225,
        "Operating Income": -12,
        "EBIT": 90,
        "Net Income": -42
    },
    "2011-12-31": {
        "Diluted EPS": -0.01,
        "Total Revenue": 312,
        "Gross Profit": 275,
        "Operating Income": 60,
        "EBIT": 159,
        "Net Income": -3
    },
    "2011-09-30": {
        "Diluted EPS": 0.21,
        "Total Revenue": 371,
        "Gross Profit": 353,
        "Operating Income": 107,
        "EBIT": 241,
        "Net Income": 34
    },
    "2011-06-30": {
        "Diluted EPS": 0.32,
        "Total Revenue": 335,
        "Gross Profit": 324,
        "Operating Income": 147,
        "EBIT": 247,
        "Net Income": 50
    },
    "2011-03-31": {
        "Diluted EPS": -0.16,
        "Total Revenue": 213,
        "Gross Profit": 185,
        "Operating Income": -12,
        "EBIT": 60,
        "Net Income": -25
    },
    "2010-12-31": {
        "Diluted EPS": -2.01,
        "Total Revenue": 277,
        "Gross Profit": 250,
        "Operating Income": 24,
        "EBIT": 98,
        "Net Income": -318
    },
    "2010-09-30": {
        "Diluted EPS": -0.05,
        "Total Revenue": 195,
        "Gross Profit": 180,
        "Operating Income": 47,
        "EBIT": 123,
        "Net Income": -8
    },
    "2010-06-30": {
        "Diluted EPS": 0.06,
        "Total Revenue": 191,
        "Gross Profit": 177,
        "Operating Income": 60,
        "EBIT": 129,
        "Net Income": 9
    },
    "2010-03-31": {
        "Diluted EPS": 0.48,
        "Total Revenue": 298,
        "Gross Profit": 284,
        "Operating Income": 154,
        "EBIT": 227,
        "Net Income": 78
    },
    "2009-12-31": {
        "Diluted EPS": -0.11,
        "Total Revenue": 159,
        "Gross Profit": 150,
        "Operating Income": 82,
        "EBIT": 82,
        "Net Income": -17
    },
    "2009-09-30": {
        "Diluted EPS": -0.19,
        "Total Revenue": 204,
        "Gross Profit": 193,
        "Operating Income": 10,
        "EBIT": 111,
        "Net Income": -30
    },
    "2009-06-30": {
        "Diluted EPS": -0.26,
        "Total Revenue": 180,
        "Gross Profit": 169,
        "Operating Income": 8,
        "EBIT": 98,
        "Net Income": -40
    },
    "2009-03-31": {
        "Diluted EPS": 0.21,
        "Total Revenue": 276,
        "Gross Profit": 263,
        "Operating Income": 98,
        "EBIT": 183,
        "Net Income": 33
    },
    "2023-09-30": {
        "Tax Effect Of Unusual Items": 4051042.347377,
        "Tax Rate For Calcs": 0.241033,
        "Normalized EBITDA": 166539000.0,
        "Total Unusual Items": 16807000.0,
        "Total Unusual Items Excluding Goodwill": 16807000.0,
        "Net Income From Continuing Operation Net Minority Interest": 49430000.0,
        "Reconciled Depreciation": 87619000.0,
        "Reconciled Cost Of Revenue": 433594000.0,
        "EBITDA": 183346000.0,
        "EBIT": 95727000.0,
        "Net Interest Income": -30599000.0,
        "Interest Expense": 30599000.0,
        "Normalized Income": 36674042.347377,
        "Net Income From Continuing And Discontinued Operation": 49430000.0,
        "Total Expenses": 483413000.0,
        "Diluted Average Shares": 243937000.0,
        "Basic Average Shares": 241338000.0,
        "Diluted EPS": 0.2,
        "Basic EPS": 0.2,
        "Diluted NI Availto Com Stockholders": 48802000.0,
        "Average Dilution Earnings": 4000.0,
        "Net Income Common Stockholders": 48798000.0,
        "Otherunder Preferred Stock Dividend": 632000.0,
        "Net Income": 49430000.0,
        "Net Income Including Noncontrolling Interests": 49430000.0,
        "Net Income Continuous Operations": 49430000.0,
        "Tax Provision": 15698000.0,
        "Pretax Income": 65128000.0,
        "Other Income Expense": 7810000.0,
        "Other Non Operating Income Expenses": -8997000.0,
        "Special Income Charges": -21587000.0,
        "Gain On Sale Of Ppe": -10903000.0,
        "Other Special Charges": NaN,
        "Restructuring And Mergern Acquisition": 10684000.0,
        "Gain On Sale Of Security": 38394000.0,
        "Net Non Operating Interest Income Expense": -30599000.0,
        "Interest Expense Non Operating": 30599000.0,
        "Operating Income": 87917000.0,
        "Operating Expense": 49819000.0,
        "Other Operating Expenses": 6970000.0,
        "Other Taxes": 4756000.0,
        "Selling General And Administration": 38093000.0,
        "General And Administrative Expense": 38093000.0,
        "Other Gand A": 38093000.0,
        "Gross Profit": 137736000.0,
        "Cost Of Revenue": 433594000.0,
        "Total Revenue": 571330000.0,
        "Operating Revenue": 571330000.0
    },
    "2023-12-31": {
        "Tax Effect Of Unusual Items": 51844133.413965,
        "Tax Rate For Calcs": 0.198767,
        "Normalized EBITDA": 247171000.0,
        "Total Unusual Items": 260829000.0,
        "Total Unusual Items Excluding Goodwill": 260829000.0,
        "Net Income From Continuing Operation Net Minority Interest": 310034000.0,
        "Reconciled Depreciation": 90968000.0,
        "Reconciled Cost Of Revenue": 441482000.0,
        "EBITDA": 508000000.0,
        "EBIT": 417032000.0,
        "Net Interest Income": -30086000.0,
        "Interest Expense": 30086000.0,
        "Normalized Income": 101049133.413965,
        "Net Income From Continuing And Discontinued Operation": 310034000.0,
        "Total Expenses": 497048000.0,
        "Diluted Average Shares": NaN,
        "Basic Average Shares": NaN,
        "Diluted EPS": NaN,
        "Basic EPS": NaN,
        "Diluted NI Availto Com Stockholders": 305984000.0,
        "Average Dilution Earnings": 53000.0,
        "Net Income Common Stockholders": 305931000.0,
        "Otherunder Preferred Stock Dividend": 4103000.0,
        "Net Income": 310034000.0,
        "Net Income Including Noncontrolling Interests": 310034000.0,
        "Net Income Continuous Operations": 310034000.0,
        "Tax Provision": 76912000.0,
        "Pretax Income": 386946000.0,
        "Other Income Expense": 263782000.0,
        "Other Non Operating Income Expenses": 2953000.0,
        "Special Income Charges": -30230000.0,
        "Gain On Sale Of Ppe": -1950000.0,
        "Other Special Charges": 1000.0,
        "Restructuring And Mergern Acquisition": 28279000.0,
        "Gain On Sale Of Security": 291059000.0,
        "Net Non Operating Interest Income Expense": -30086000.0,
        "Interest Expense Non Operating": 30086000.0,
        "Operating Income": 153250000.0,
        "Operating Expense": 55566000.0,
        "Other Operating Expenses": 7508000.0,
        "Other Taxes": 4083000.0,
        "Selling General And Administration": 43975000.0,
        "General And Administrative Expense": 43975000.0,
        "Other Gand A": 43975000.0,
        "Gross Profit": 208816000.0,
        "Cost Of Revenue": 441482000.0,
        "Total Revenue": 650298000.0,
        "Operating Revenue": 650298000.0
    },
    "2024-03-31": {
        "Tax Effect Of Unusual Items": 7321392.688188,
        "Tax Rate For Calcs": 0.164978,
        "Normalized EBITDA": 183577000.0,
        "Total Unusual Items": 44378000.0,
        "Total Unusual Items Excluding Goodwill": 44378000.0,
        "Net Income From Continuing Operation Net Minority Interest": 92138000.0,
        "Reconciled Depreciation": 87137000.0,
        "Reconciled Cost Of Revenue": 431776000.0,
        "EBITDA": 227955000.0,
        "EBIT": 140818000.0,
        "Net Interest Income": -30476000.0,
        "Interest Expense": 30476000.0,
        "Normalized Income": 55081392.688188,
        "Net Income From Continuing And Discontinued Operation": 92138000.0,
        "Total Expenses": 485611000.0,
        "Diluted Average Shares": 242406000.0,
        "Basic Average Shares": 240505000.0,
        "Diluted EPS": 0.38,
        "Basic EPS": 0.38,
        "Diluted NI Availto Com Stockholders": 91542000.0,
        "Average Dilution Earnings": 4000.0,
        "Net Income Common Stockholders": 91538000.0,
        "Otherunder Preferred Stock Dividend": 600000.0,
        "Net Income": 92138000.0,
        "Net Income Including Noncontrolling Interests": 92138000.0,
        "Net Income Continuous Operations": 92138000.0,
        "Tax Provision": 18204000.0,
        "Pretax Income": 110342000.0,
        "Other Income Expense": 27658000.0,
        "Other Non Operating Income Expenses": -16720000.0,
        "Special Income Charges": -2220000.0,
        "Gain On Sale Of Ppe": -2284000.0,
        "Other Special Charges": -64000.0,
        "Restructuring And Mergern Acquisition": NaN,
        "Gain On Sale Of Security": 46598000.0,
        "Net Non Operating Interest Income Expense": -30476000.0,
        "Interest Expense Non Operating": 30476000.0,
        "Operating Income": 113160000.0,
        "Operating Expense": 53835000.0,
        "Other Operating Expenses": 4526000.0,
        "Other Taxes": 5368000.0,
        "Selling General And Administration": 43941000.0,
        "General And Administrative Expense": 43941000.0,
        "Other Gand A": 43941000.0,
        "Gross Profit": 166995000.0,
        "Cost Of Revenue": 431776000.0,
        "Total Revenue": 598771000.0,
        "Operating Revenue": 598771000.0
    }
}