{
    "2023-03-31": {
        "Tax Effect Of Unusual Items": NaN,
        "Tax Rate For Calcs": NaN,
        "Normalized EBITDA": NaN,
        "Total Unusual Items": 0.0,
        "Total Unusual Items Excluding Goodwill": 0.0,
        "Net Income From Continuing Operation Net Minority Interest": NaN,
        "Reconciled Depreciation": NaN,
        "Reconciled Cost Of Revenue": NaN,
        "EBITDA": NaN,
        "EBIT": NaN,
        "Net Interest Income": NaN,
        "Interest Expense": NaN,
        "Interest Income": NaN,
        "Normalized Income": NaN,
        "Net Income From Continuing And Discontinued Operation": NaN,
        "Total Expenses": NaN,
        "Total Operating Income As Reported": NaN,
        "Diluted Average Shares": NaN,
        "Basic Average Shares": NaN,
        "Diluted EPS": NaN,
        "Basic EPS": NaN,
        "Diluted NI Availto Com Stockholders": NaN,
        "Net Income Common Stockholders": NaN,
        "Net Income": NaN,
        "Minority Interests": NaN,
        "Net Income Including Noncontrolling Interests": NaN,
        "Net Income Continuous Operations": NaN,
        "Tax Provision": NaN,
        "Pretax Income": NaN,
        "Other Income Expense": NaN,
        "Other Non Operating Income Expenses": NaN,
        "Special Income Charges": 0.0,
        "Gain On Sale Of Ppe": 0.0,
        "Gain On Sale Of Business": NaN,
        "Write Off": NaN,
        "Impairment Of Capital Assets": NaN,
        "Net Non Operating Interest Income Expense": NaN,
        "Interest Expense Non Operating": NaN,
        "Interest Income Non Operating": NaN,
        "Operating Income": NaN,
        "Operating Expense": NaN,
        "Other Operating Expenses": NaN,
        "Gross Profit": NaN,
        "Cost Of Revenue": NaN,
        "Total Revenue": NaN,
        "Operating Revenue": NaN
    },
    "2022-12-31": {
        "Tax Effect Of Unusual Items": NaN,
        "Tax Rate For Calcs": NaN,
        "Normalized EBITDA": NaN,
        "Total Unusual Items": NaN,
        "Total Unusual Items Excluding Goodwill": NaN,
        "Net Income From Continuing Operation Net Minority Interest": NaN,
        "Reconciled Depreciation": NaN,
        "Reconciled Cost Of Revenue": NaN,
        "EBITDA": NaN,
        "EBIT": NaN,
        "Net Interest Income": NaN,
        "Interest Expense": NaN,
        "Interest Income": NaN,
        "Normalized Income": NaN,
        "Net Income From Continuing And Discontinued Operation": NaN,
        "Total Expenses": NaN,
        "Total Operating Income As Reported": NaN,
        "Diluted Average Shares": NaN,
        "Basic Average Shares": NaN,
        "Diluted EPS": NaN,
        "Basic EPS": NaN,
        "Diluted NI Availto Com Stockholders": NaN,
        "Net Income Common Stockholders": NaN,
        "Net Income": NaN,
        "Minority Interests": NaN,
        "Net Income Including Noncontrolling Interests": NaN,
        "Net Income Continuous Operations": NaN,
        "Tax Provision": NaN,
        "Pretax Income": NaN,
        "Other Income Expense": NaN,
        "Other Non Operating Income Expenses": NaN,
        "Special Income Charges": NaN,
        "Gain On Sale Of Ppe": NaN,
        "Gain On Sale Of Business": NaN,
        "Write Off": 900000.0,
        "Impairment Of Capital Assets": NaN,
        "Net Non Operating Interest Income Expense": NaN,
        "Interest Expense Non Operating": NaN,
        "Interest Income Non Operating": NaN,
        "Operating Income": NaN,
        "Operating Expense": NaN,
        "Other Operating Expenses": NaN,
        "Gross Profit": NaN,
        "Cost Of Revenue": NaN,
        "Total Revenue": NaN,
        "Operating Revenue": NaN
    },
    "2022-09-30": {
        "Tax Effect Of Unusual Items": NaN,
        "Tax Rate For Calcs": NaN,
        "Normalized EBITDA": NaN,
        "Total Unusual Items": NaN,
        "Total Unusual Items Excluding Goodwill": NaN,
        "Net Income From Continuing Operation Net Minority Interest": NaN,
        "Reconciled Depreciation": NaN,
        "Reconciled Cost Of Revenue": NaN,
        "EBITDA": NaN,
        "EBIT": NaN,
        "Net Interest Income": NaN,
        "Interest Expense": NaN,
        "Interest Income": NaN,
        "Normalized Income": NaN,
        "Net Income From Continuing And Discontinued Operation": NaN,
        "Total Expenses": NaN,
        "Total Operating Income As Reported": NaN,
        "Diluted Average Shares": NaN,
        "Basic Average Shares": NaN,
        "Diluted EPS": NaN,
        "Basic EPS": NaN,
        "Diluted NI Availto Com Stockholders": NaN,
        "Net Income Common Stockholders": NaN,
        "Net Income": NaN,
        "Minority Interests": NaN,
        "Net Income Including Noncontrolling Interests": NaN,
        "Net Income Continuous Operations": NaN,
        "Tax Provision": NaN,
        "Pretax Income": NaN,
        "Other Income Expense": NaN,
        "Other Non Operating Income Expenses": NaN,
        "Special Income Charges": NaN,
        "Gain On Sale Of Ppe": 0.0,
        "Write Off": 0.0,
        "Impairment Of Capital Assets": 0.0,
        "Net Non Operating Interest Income Expense": NaN,
        "Interest Expense Non Operating": NaN,
        "Interest Income Non Operating": NaN,
        "Operating Income": NaN,
        "Operating Expense": NaN,
        "Other Operating Expenses": NaN,
        "Gross Profit": NaN,
        "Cost Of Revenue": NaN,
        "Total Revenue": NaN,
        "Operating Revenue": NaN
    },
    "2022-06-30": {
        "Tax Effect Of Unusual Items": 0.0,
        "Tax Rate For Calcs": 0.221,
        "Normalized EBITDA": 275600000.0,
        "Total Unusual Items": 0.0,
        "Total Unusual Items Excluding Goodwill": 0.0,
        "Net Income From Continuing Operation Net Minority Interest": 142000000.0,
        "Reconciled Depreciation": 78400000.0,
        "Reconciled Cost Of Revenue": 915900000.0,
        "EBITDA": 275600000.0,
        "EBIT": 197200000.0,
        "Net Interest Income": -12600000.0,
        "Interest Expense": 13400000.0,
        "Interest Income": 800000.0,
        "Normalized Income": 142000000.0,
        "Net Income From Continuing And Discontinued Operation": 142000000.0,
        "Total Expenses": 1154500000.0,
        "Total Operating Income As Reported": 194900000.0,
        "Diluted Average Shares": 67100000.0,
        "Basic Average Shares": 66800000.0,
        "Diluted EPS": 2.12,
        "Basic EPS": 2.13,
        "Diluted NI Availto Com Stockholders": 142000000.0,
        "Net Income Common Stockholders": 142000000.0,
        "Net Income": 142000000.0,
        "Minority Interests": -1200000.0,
        "Net Income Including Noncontrolling Interests": 143200000.0,
        "Net Income Continuous Operations": 143200000.0,
        "Tax Provision": 40600000.0,
        "Pretax Income": 183800000.0,
        "Other Income Expense": 1500000.0,
        "Other Non Operating Income Expenses": 1500000.0,
        "Special Income Charges": 0.0,
        "Write Off": 0.0,
        "Impairment Of Capital Assets": NaN,
        "Net Non Operating Interest Income Expense": -12600000.0,
        "Interest Expense Non Operating": 13400000.0,
        "Interest Income Non Operating": 800000.0,
        "Operating Income": 194900000.0,
        "Operating Expense": 238600000.0,
        "Other Operating Expenses": 238600000.0,
        "Gross Profit": 433500000.0,
        "Cost Of Revenue": 915900000.0,
        "Total Revenue": 1349400000.0,
        "Operating Revenue": 1349400000.0
    },
    "2023-06-30": {
        "Tax Effect Of Unusual Items": 0.0,
        "Tax Rate For Calcs": 0.229,
        "Normalized EBITDA": 296500000.0,
        "Total Unusual Items": NaN,
        "Total Unusual Items Excluding Goodwill": NaN,
        "Net Income From Continuing Operation Net Minority Interest": 32100000.0,
        "Reconciled Depreciation": 137000000.0,
        "Reconciled Cost Of Revenue": 1204800000.0,
        "EBITDA": 296500000.0,
        "EBIT": 159500000.0,
        "Net Interest Income": -111300000.0,
        "Interest Expense": 116400000.0,
        "Interest Income": 5100000.0,
        "Normalized Income": 32100000.0,
        "Net Income From Continuing And Discontinued Operation": 32100000.0,
        "Total Expenses": 1617000000.0,
        "Total Operating Income As Reported": 151600000.0,
        "Diluted Average Shares": 66600000.0,
        "Basic Average Shares": 66300000.0,
        "Diluted EPS": 0.48,
        "Basic EPS": 0.48,
        "Diluted NI Availto Com Stockholders": 32100000.0,
        "Net Income Common Stockholders": 32100000.0,
        "Net Income": 32100000.0,
        "Minority Interests": -1100000.0,
        "Net Income Including Noncontrolling Interests": 33200000.0,
        "Net Income Continuous Operations": 33200000.0,
        "Tax Provision": 9900000.0,
        "Pretax Income": 43100000.0,
        "Other Income Expense": 2800000.0,
        "Other Non Operating Income Expenses": 2800000.0,
        "Special Income Charges": NaN,
        "Gain On Sale Of Ppe": NaN,
        "Gain On Sale Of Business": NaN,
        "Write Off": NaN,
        "Impairment Of Capital Assets": NaN,
        "Net Non Operating Interest Income Expense": -111300000.0,
        "Interest Expense Non Operating": 116400000.0,
        "Interest Income Non Operating": 5100000.0,
        "Operating Income": 151600000.0,
        "Operating Expense": 412200000.0,
        "Other Operating Expenses": 412200000.0,
        "Gross Profit": 563800000.0,
        "Cost Of Revenue": 1204800000.0,
        "Total Revenue": 1768600000.0,
        "Operating Revenue": 1768600000.0
    },
    "2022-03-31": {
        "Diluted EPS": 1.85,
        "Total Revenue": NaN,
        "Gross Profit": 422,
        "Operating Income": 170,
        "EBIT": 249,
        "Net Income": 126
    },
    "2021-12-31": {
        "Diluted EPS": -0.88,
        "Total Revenue": NaN,
        "Gross Profit": 336,
        "Operating Income": 21,
        "EBIT": 138,
        "Net Income": -4
    },
    "2021-09-30": {
        "Diluted EPS": 1.95,
        "Total Revenue": 893,
        "Gross Profit": 268,
        "Operating Income": 121,
        "EBIT": 155,
        "Net Income": 80
    },
    "2021-06-30": {
        "Diluted EPS": 2.06,
        "Total Revenue": 887,
        "Gross Profit": 258,
        "Operating Income": 115,
        "EBIT": 150,
        "Net Income": 84
    },
    "2021-03-31": {
        "Diluted EPS": 1.68,
        "Total Revenue": 814,
        "Gross Profit": 250,
        "Operating Income": 102,
        "EBIT": 138,
        "Net Income": 69
    },
    "2020-12-31": {
        "Diluted EPS": 1.19,
        "Total Revenue": 781,
        "Gross Profit": 211,
        "Operating Income": 72,
        "EBIT": 116,
        "Net Income": 49
    },
    "2020-09-30": {
        "Diluted EPS": 1.6,
        "Total Revenue": 758,
        "Gross Profit": 222,
        "Operating Income": 90,
        "EBIT": 123,
        "Net Income": 65
    },
    "2020-06-30": {
        "Diluted EPS": 0.69,
        "Total Revenue": 634,
        "Gross Profit": 170,
        "Operating Income": 46,
        "EBIT": 80,
        "Net Income": 28
    },
    "2020-03-31": {
        "Diluted EPS": 1.12,
        "Total Revenue": 734,
        "Gross Profit": 203,
        "Operating Income": 70,
        "EBIT": 103,
        "Net Income": 46
    },
    "2019-12-31": {
        "Diluted EPS": 0.93,
        "Total Revenue": 738,
        "Gross Profit": 190,
        "Operating Income": 62,
        "EBIT": 97,
        "Net Income": 37
    },
    "2019-09-30": {
        "Diluted EPS": 1.19,
        "Total Revenue": 772,
        "Gross Profit": 202,
        "Operating Income": 73,
        "EBIT": 107,
        "Net Income": 50
    },
    "2019-06-30": {
        "Diluted EPS": 1.55,
        "Total Revenue": 874,
        "Gross Profit": 234,
        "Operating Income": 96,
        "EBIT": 128,
        "Net Income": 67
    },
    "2019-03-31": {
        "Diluted EPS": 1.99,
        "Total Revenue": 854,
        "Gross Profit": 235,
        "Operating Income": 121,
        "EBIT": 155,
        "Net Income": 86
    },
    "2018-12-31": {
        "Diluted EPS": 1.28,
        "Total Revenue": 882,
        "Gross Profit": 240,
        "Operating Income": 90,
        "EBIT": 126,
        "Net Income": 56
    },
    "2018-09-30": {
        "Diluted EPS": 1.17,
        "Total Revenue": 925,
        "Gross Profit": 243,
        "Operating Income": 69,
        "EBIT": 114,
        "Net Income": 51
    },
    "2018-06-30": {
        "Diluted EPS": 1.5,
        "Total Revenue": 960,
        "Gross Profit": 247,
        "Operating Income": 100,
        "EBIT": 136,
        "Net Income": 66
    },
    "2018-03-31": {
        "Diluted EPS": 1.31,
        "Total Revenue": 879,
        "Gross Profit": 235,
        "Operating Income": 88,
        "EBIT": 123,
        "Net Income": 58
    },
    "2017-12-31": {
        "Diluted EPS": 1.15,
        "Total Revenue": 821,
        "Gross Profit": 218,
        "Operating Income": 79,
        "EBIT": 113,
        "Net Income": 52
    },
    "2017-09-30": {
        "Diluted EPS": 1.39,
        "Total Revenue": 857,
        "Gross Profit": 227,
        "Operating Income": 94,
        "EBIT": 129,
        "Net Income": 62
    },
    "2017-06-30": {
        "Diluted EPS": 1.18,
        "Total Revenue": 869,
        "Gross Profit": 223,
        "Operating Income": 83,
        "EBIT": 118,
        "Net Income": 53
    },
    "2017-03-31": {
        "Diluted EPS": 1.02,
        "Total Revenue": 814,
        "Gross Profit": 216,
        "Operating Income": 75,
        "EBIT": 109,
        "Net Income": 46
    },
    "2016-12-31": {
        "Diluted EPS": 1.01,
        "Total Revenue": 758,
        "Gross Profit": 193,
        "Operating Income": 72,
        "EBIT": 111,
        "Net Income": 46
    },
    "2016-09-30": {
        "Diluted EPS": 1.32,
        "Total Revenue": 810,
        "Gross Profit": 232,
        "Operating Income": 90,
        "EBIT": 127,
        "Net Income": 60
    },
    "2016-06-30": {
        "Diluted EPS": 1.26,
        "Total Revenue": 839,
        "Gross Profit": 223,
        "Operating Income": 91,
        "EBIT": 130,
        "Net Income": 57
    },
    "2016-03-31": {
        "Diluted EPS": 0.93,
        "Total Revenue": 818,
        "Gross Profit": 217,
        "Operating Income": 69,
        "EBIT": 109,
        "Net Income": 42
    },
    "2015-12-31": {
        "Diluted EPS": -0.43,
        "Total Revenue": 774,
        "Gross Profit": 220,
        "Operating Income": -14,
        "EBIT": 105,
        "Net Income": -19
    },
    "2015-09-30": {
        "Diluted EPS": 1.41,
        "Total Revenue": 882,
        "Gross Profit": 241,
        "Operating Income": 100,
        "EBIT": 142,
        "Net Income": 63
    },
    "2015-06-30": {
        "Diluted EPS": 1.39,
        "Total Revenue": 942,
        "Gross Profit": 251,
        "Operating Income": 103,
        "EBIT": 145,
        "Net Income": 63
    },
    "2015-03-31": {
        "Diluted EPS": 0.81,
        "Total Revenue": 912,
        "Gross Profit": 221,
        "Operating Income": 64,
        "EBIT": 100,
        "Net Income": 36
    },
    "2014-12-31": {
        "Diluted EPS": -2.56,
        "Total Revenue": 776,
        "Gross Profit": 188,
        "Operating Income": -111,
        "EBIT": 43,
        "Net Income": -117
    },
    "2014-09-30": {
        "Diluted EPS": 1.05,
        "Total Revenue": 830,
        "Gross Profit": 204,
        "Operating Income": 75,
        "EBIT": 110,
        "Net Income": 48
    },
    "2014-06-30": {
        "Diluted EPS": 1.24,
        "Total Revenue": 850,
        "Gross Profit": 211,
        "Operating Income": 88,
        "EBIT": 124,
        "Net Income": 56
    },
    "2014-03-31": {
        "Diluted EPS": 0.96,
        "Total Revenue": 801,
        "Gross Profit": 194,
        "Operating Income": 70,
        "EBIT": 103,
        "Net Income": 44
    },
    "2013-12-31": {
        "Diluted EPS": -0.74,
        "Total Revenue": 727,
        "Gross Profit": 178,
        "Operating Income": -28,
        "EBIT": 82,
        "Net Income": -33
    },
    "2013-09-30": {
        "Diluted EPS": 1.16,
        "Total Revenue": 768,
        "Gross Profit": 197,
        "Operating Income": 79,
        "EBIT": 111,
        "Net Income": 53
    },
    "2013-06-30": {
        "Diluted EPS": 1.13,
        "Total Revenue": 822,
        "Gross Profit": 209,
        "Operating Income": 81,
        "EBIT": 113,
        "Net Income": 51
    },
    "2013-03-31": {
        "Diluted EPS": 1.09,
        "Total Revenue": 778,
        "Gross Profit": 200,
        "Operating Income": 76,
        "EBIT": 108,
        "Net Income": 50
    },
    "2012-12-31": {
        "Diluted EPS": 0.7,
        "Total Revenue": 716,
        "Gross Profit": 161,
        "Operating Income": 47,
        "EBIT": 78,
        "Net Income": 30
    },
    "2012-09-30": {
        "Diluted EPS": 1.29,
        "Total Revenue": 780,
        "Gross Profit": 193,
        "Operating Income": 83,
        "EBIT": 115,
        "Net Income": 54
    },
    "2012-06-30": {
        "Diluted EPS": 1.49,
        "Total Revenue": 864,
        "Gross Profit": 220,
        "Operating Income": 103,
        "EBIT": 136,
        "Net Income": 63
    },
    "2012-03-31": {
        "Diluted EPS": 1.16,
        "Total Revenue": 808,
        "Gross Profit": 198,
        "Operating Income": 79,
        "EBIT": 110,
        "Net Income": 49
    },
    "2011-12-31": {
        "Diluted EPS": 0.79,
        "Total Revenue": 727,
        "Gross Profit": 171,
        "Operating Income": 59,
        "EBIT": 87,
        "Net Income": 34
    },
    "2011-09-30": {
        "Diluted EPS": 1.13,
        "Total Revenue": 737,
        "Gross Profit": 180,
        "Operating Income": 78,
        "EBIT": 104,
        "Net Income": 46
    },
    "2011-06-30": {
        "Diluted EPS": 0.88,
        "Total Revenue": 682,
        "Gross Profit": 151,
        "Operating Income": 55,
        "EBIT": 77,
        "Net Income": 34
    },
    "2011-03-31": {
        "Diluted EPS": 0.99,
        "Total Revenue": 663,
        "Gross Profit": 165,
        "Operating Income": 64,
        "EBIT": 86,
        "Net Income": 39
    },
    "2010-12-31": {
        "Diluted EPS": 0.65,
        "Total Revenue": 556,
        "Gross Profit": 130,
        "Operating Income": 38,
        "EBIT": 57,
        "Net Income": 25
    },
    "2010-09-30": {
        "Diluted EPS": 1.14,
        "Total Revenue": 591,
        "Gross Profit": 145,
        "Operating Income": 70,
        "EBIT": 88,
        "Net Income": 45
    },
    "2010-06-30": {
        "Diluted EPS": 1.07,
        "Total Revenue": 584,
        "Gross Profit": 144,
        "Operating Income": 67,
        "EBIT": 86,
        "Net Income": 42
    },
    "2010-03-31": {
        "Diluted EPS": 0.98,
        "Total Revenue": 507,
        "Gross Profit": 131,
        "Operating Income": 63,
        "EBIT": 80,
        "Net Income": 38
    },
    "2009-12-31": {
        "Diluted EPS": 0.95,
        "Total Revenue": 463,
        "Gross Profit": 125,
        "Operating Income": 54,
        "EBIT": 72,
        "Net Income": 35
    },
    "2009-09-30": {
        "Diluted EPS": 0.82,
        "Total Revenue": 465,
        "Gross Profit": 114,
        "Operating Income": 48,
        "EBIT": 65,
        "Net Income": 31
    },
    "2009-06-30": {
        "Diluted EPS": 0.47,
        "Total Revenue": 455,
        "Gross Profit": 95,
        "Operating Income": 29,
        "EBIT": 48,
        "Net Income": 16
    },
    "2009-03-31": {
        "Diluted EPS": 0.39,
        "Total Revenue": 443,
        "Gross Profit": 91,
        "Operating Income": 28,
        "EBIT": 43,
        "Net Income": 13
    },
    "2023-09-30": {
        "Tax Effect Of Unusual Items": -36477000.0,
        "Tax Rate For Calcs": 0.21,
        "Normalized EBITDA": 300200000.0,
        "Total Unusual Items": -173700000.0,
        "Total Unusual Items Excluding Goodwill": -173700000.0,
        "Net Income From Continuing Operation Net Minority Interest": -139500000.0,
        "Reconciled Depreciation": 140900000.0,
        "Reconciled Cost Of Revenue": 1107600000.0,
        "EBITDA": 126500000.0,
        "EBIT": -14400000.0,
        "Net Interest Income": -108000000.0,
        "Interest Expense": 111500000.0,
        "Interest Income": 3500000.0,
        "Normalized Income": -2277000.0,
        "Net Income From Continuing And Discontinued Operation": -139500000.0,
        "Total Expenses": 1496500000.0,
        "Total Operating Income As Reported": -20400000.0,
        "Diluted Average Shares": 66300000.0,
        "Basic Average Shares": 66300000.0,
        "Diluted EPS": -2.1,
        "Basic EPS": -2.1,
        "Diluted NI Availto Com Stockholders": -139500000.0,
        "Net Income Common Stockholders": -139500000.0,
        "Net Income": -139500000.0,
        "Minority Interests": -900000.0,
        "Net Income Including Noncontrolling Interests": -138600000.0,
        "Net Income Continuous Operations": -138600000.0,
        "Tax Provision": 12700000.0,
        "Pretax Income": -125900000.0,
        "Other Income Expense": -171200000.0,
        "Other Non Operating Income Expenses": 2500000.0,
        "Special Income Charges": -173700000.0,
        "Gain On Sale Of Ppe": -112700000.0,
        "Gain On Sale Of Business": NaN,
        "Write Off": 3700000.0,
        "Impairment Of Capital Assets": 57300000.0,
        "Net Non Operating Interest Income Expense": -108000000.0,
        "Interest Expense Non Operating": 111500000.0,
        "Interest Income Non Operating": 3500000.0,
        "Operating Income": 153300000.0,
        "Operating Expense": 388900000.0,
        "Other Operating Expenses": 388900000.0,
        "Gross Profit": 542200000.0,
        "Cost Of Revenue": 1107600000.0,
        "Total Revenue": 1649800000.0,
        "Operating Revenue": 1649800000.0
    },
    "2023-12-31": {
        "Tax Effect Of Unusual Items": 5574462.365591,
        "Tax Rate For Calcs": 0.239247,
        "Normalized EBITDA": 297200000.0,
        "Total Unusual Items": 23300000.0,
        "Total Unusual Items Excluding Goodwill": 23300000.0,
        "Net Income From Continuing Operation Net Minority Interest": 55900000.0,
        "Reconciled Depreciation": 138400000.0,
        "Reconciled Cost Of Revenue": 1045000000.0,
        "EBITDA": 320500000.0,
        "EBIT": 182100000.0,
        "Net Interest Income": -104600000.0,
        "Interest Expense": 107700000.0,
        "Interest Income": 3100000.0,
        "Normalized Income": 38174462.365591,
        "Net Income From Continuing And Discontinued Operation": 55900000.0,
        "Total Expenses": 1454500000.0,
        "Total Operating Income As Reported": 177000000.0,
        "Diluted Average Shares": 66700000.0,
        "Basic Average Shares": 66300000.0,
        "Diluted EPS": 0.84,
        "Basic EPS": 0.84,
        "Diluted NI Availto Com Stockholders": 55900000.0,
        "Net Income Common Stockholders": 55900000.0,
        "Net Income": 55900000.0,
        "Minority Interests": -700000.0,
        "Net Income Including Noncontrolling Interests": 56600000.0,
        "Net Income Continuous Operations": 56600000.0,
        "Tax Provision": 17800000.0,
        "Pretax Income": 74400000.0,
        "Other Income Expense": 25300000.0,
        "Other Non Operating Income Expenses": 2000000.0,
        "Special Income Charges": 23300000.0,
        "Gain On Sale Of Ppe": 25000000.0,
        "Gain On Sale Of Business": NaN,
        "Write Off": NaN,
        "Impairment Of Capital Assets": 7800000.0,
        "Net Non Operating Interest Income Expense": -104600000.0,
        "Interest Expense Non Operating": 107700000.0,
        "Interest Income Non Operating": 3100000.0,
        "Operating Income": 153700000.0,
        "Operating Expense": 409500000.0,
        "Other Operating Expenses": 409500000.0,
        "Gross Profit": 563200000.0,
        "Cost Of Revenue": 1045000000.0,
        "Total Revenue": 1608200000.0,
        "Operating Revenue": 1608200000.0
    },
    "2024-03-31": {
        "Tax Effect Of Unusual Items": -7482000.0,
        "Tax Rate For Calcs": 0.348,
        "Normalized EBITDA": 286400000.0,
        "Total Unusual Items": -21500000.0,
        "Total Unusual Items Excluding Goodwill": -21500000.0,
        "Net Income From Continuing Operation Net Minority Interest": 19800000.0,
        "Reconciled Depreciation": 128200000.0,
        "Reconciled Cost Of Revenue": 994600000.0,
        "EBITDA": 264900000.0,
        "EBIT": 136700000.0,
        "Net Interest Income": -102300000.0,
        "Interest Expense": 105400000.0,
        "Interest Income": 3100000.0,
        "Normalized Income": 33818000.0,
        "Net Income From Continuing And Discontinued Operation": 19800000.0,
        "Total Expenses": 1392300000.0,
        "Total Operating Income As Reported": 133900000.0,
        "Diluted Average Shares": 66800000.0,
        "Basic Average Shares": 66400000.0,
        "Diluted EPS": 0.3,
        "Basic EPS": 0.3,
        "Diluted NI Availto Com Stockholders": 19800000.0,
        "Net Income Common Stockholders": 19800000.0,
        "Net Income": 19800000.0,
        "Minority Interests": -600000.0,
        "Net Income Including Noncontrolling Interests": 20400000.0,
        "Net Income Continuous Operations": 20400000.0,
        "Tax Provision": 10900000.0,
        "Pretax Income": 31300000.0,
        "Other Income Expense": -21800000.0,
        "Other Non Operating Income Expenses": -300000.0,
        "Special Income Charges": -21500000.0,
        "Gain On Sale Of Ppe": -21500000.0,
        "Gain On Sale Of Business": NaN,
        "Write Off": NaN,
        "Impairment Of Capital Assets": NaN,
        "Net Non Operating Interest Income Expense": -102300000.0,
        "Interest Expense Non Operating": 105400000.0,
        "Interest Income Non Operating": 3100000.0,
        "Operating Income": 155400000.0,
        "Operating Expense": 397700000.0,
        "Other Operating Expenses": 397700000.0,
        "Gross Profit": 553100000.0,
        "Cost Of Revenue": 994600000.0,
        "Total Revenue": 1547700000.0,
        "Operating Revenue": 1547700000.0
    },
    "2024-06-30": {
        "Tax Effect Of Unusual Items": 6020000.0,
        "Tax Rate For Calcs": 0.35,
        "Normalized EBITDA": 308400000.0,
        "Total Unusual Items": 17200000.0,
        "Total Unusual Items Excluding Goodwill": 17200000.0,
        "Net Income From Continuing Operation Net Minority Interest": 62500000.0,
        "Reconciled Depreciation": 127000000.0,
        "Reconciled Cost Of Revenue": 976600000.0,
        "EBITDA": 325600000.0,
        "EBIT": 198600000.0,
        "Net Interest Income": -96700000.0,
        "Interest Expense": 101700000.0,
        "Interest Income": 5000000.0,
        "Normalized Income": 51320000.0,
        "Net Income From Continuing And Discontinued Operation": 62500000.0,
        "Total Expenses": 1370900000.0,
        "Total Operating Income As Reported": 193900000.0,
        "Diluted Average Shares": 66800000.0,
        "Basic Average Shares": 66500000.0,
        "Diluted EPS": 0.94,
        "Basic EPS": 0.94,
        "Diluted NI Availto Com Stockholders": 62500000.0,
        "Net Income Common Stockholders": 62500000.0,
        "Net Income": 62500000.0,
        "Minority Interests": -500000.0,
        "Net Income Including Noncontrolling Interests": 63000000.0,
        "Net Income Continuous Operations": 63000000.0,
        "Tax Provision": 33900000.0,
        "Pretax Income": 96900000.0,
        "Other Income Expense": 16900000.0,
        "Other Non Operating Income Expenses": -300000.0,
        "Special Income Charges": 17200000.0,
        "Gain On Sale Of Ppe": NaN,
        "Gain On Sale Of Business": 17200000.0,
        "Write Off": NaN,
        "Impairment Of Capital Assets": NaN,
        "Net Non Operating Interest Income Expense": -96700000.0,
        "Interest Expense Non Operating": 101700000.0,
        "Interest Income Non Operating": 5000000.0,
        "Operating Income": 176700000.0,
        "Operating Expense": 394300000.0,
        "Other Operating Expenses": 394300000.0,
        "Gross Profit": 571000000.0,
        "Cost Of Revenue": 976600000.0,
        "Total Revenue": 1547600000.0,
        "Operating Revenue": 1547600000.0
    }
}