{
    "2023-03-31": {
        "Tax Effect Of Unusual Items": 0.0,
        "Tax Rate For Calcs": 0.21,
        "Normalized EBITDA": -16325000.0,
        "Total Unusual Items": NaN,
        "Total Unusual Items Excluding Goodwill": NaN,
        "Net Income From Continuing Operation Net Minority Interest": -7260000.0,
        "Reconciled Depreciation": 5755000.0,
        "Reconciled Cost Of Revenue": 107154000.0,
        "EBITDA": -16325000.0,
        "EBIT": -22080000.0,
        "Net Interest Income": 380000.0,
        "Interest Expense": NaN,
        "Interest Income": 380000.0,
        "Normalized Income": -7260000.0,
        "Net Income From Continuing And Discontinued Operation": -7260000.0,
        "Total Expenses": 184441000.0,
        "Total Operating Income As Reported": -22080000.0,
        "Diluted Average Shares": 65260064.0,
        "Basic Average Shares": 65260064.0,
        "Diluted EPS": -0.11,
        "Basic EPS": -0.11,
        "Diluted NI Availto Com Stockholders": -7260000.0,
        "Net Income Common Stockholders": -7260000.0,
        "Net Income": -7260000.0,
        "Minority Interests": 17240000.0,
        "Net Income Including Noncontrolling Interests": -24500000.0,
        "Net Income Continuous Operations": -24500000.0,
        "Tax Provision": 2800000.0,
        "Pretax Income": -21700000.0,
        "Special Income Charges": NaN,
        "Restructuring And Mergern Acquisition": NaN,
        "Net Non Operating Interest Income Expense": 380000.0,
        "Total Other Finance Cost": -380000.0,
        "Interest Expense Non Operating": NaN,
        "Interest Income Non Operating": 380000.0,
        "Operating Income": -22080000.0,
        "Operating Expense": 77287000.0,
        "Depreciation Amortization Depletion Income Statement": 5755000.0,
        "Depreciation And Amortization In Income Statement": 5755000.0,
        "Selling General And Administration": 71532000.0,
        "Selling And Marketing Expense": 49940000.0,
        "General And Administrative Expense": 21592000.0,
        "Other Gand A": 21592000.0,
        "Gross Profit": 55207000.0,
        "Cost Of Revenue": 107154000.0,
        "Total Revenue": 162361000.0,
        "Operating Revenue": 162361000.0
    },
    "2022-12-31": {
        "Tax Effect Of Unusual Items": NaN,
        "Tax Rate For Calcs": NaN,
        "Normalized EBITDA": NaN,
        "Total Unusual Items": 0.0,
        "Total Unusual Items Excluding Goodwill": 0.0,
        "Net Income From Continuing Operation Net Minority Interest": NaN,
        "Reconciled Depreciation": NaN,
        "Reconciled Cost Of Revenue": NaN,
        "EBITDA": NaN,
        "EBIT": NaN,
        "Net Interest Income": NaN,
        "Interest Expense": -91000.0,
        "Interest Income": NaN,
        "Normalized Income": NaN,
        "Net Income From Continuing And Discontinued Operation": NaN,
        "Total Expenses": NaN,
        "Total Operating Income As Reported": NaN,
        "Diluted Average Shares": NaN,
        "Basic Average Shares": NaN,
        "Diluted EPS": NaN,
        "Basic EPS": NaN,
        "Diluted NI Availto Com Stockholders": NaN,
        "Net Income Common Stockholders": NaN,
        "Net Income": NaN,
        "Minority Interests": NaN,
        "Net Income Including Noncontrolling Interests": NaN,
        "Net Income Continuous Operations": NaN,
        "Tax Provision": NaN,
        "Pretax Income": NaN,
        "Special Income Charges": 0.0,
        "Restructuring And Mergern Acquisition": 0.0,
        "Net Non Operating Interest Income Expense": NaN,
        "Total Other Finance Cost": NaN,
        "Interest Expense Non Operating": -91000.0,
        "Interest Income Non Operating": NaN,
        "Operating Income": NaN,
        "Operating Expense": NaN,
        "Depreciation Amortization Depletion Income Statement": NaN,
        "Depreciation And Amortization In Income Statement": NaN,
        "Selling General And Administration": NaN,
        "Selling And Marketing Expense": NaN,
        "General And Administrative Expense": NaN,
        "Other Gand A": NaN,
        "Gross Profit": NaN,
        "Cost Of Revenue": NaN,
        "Total Revenue": NaN,
        "Operating Revenue": NaN
    },
    "2022-09-30": {
        "Tax Effect Of Unusual Items": NaN,
        "Tax Rate For Calcs": NaN,
        "Normalized EBITDA": NaN,
        "Total Unusual Items": 0.0,
        "Total Unusual Items Excluding Goodwill": 0.0,
        "Net Income From Continuing Operation Net Minority Interest": NaN,
        "Reconciled Depreciation": NaN,
        "Reconciled Cost Of Revenue": NaN,
        "EBITDA": NaN,
        "EBIT": NaN,
        "Net Interest Income": NaN,
        "Interest Expense": 219000.0,
        "Interest Income": NaN,
        "Normalized Income": NaN,
        "Net Income From Continuing And Discontinued Operation": NaN,
        "Total Expenses": NaN,
        "Total Operating Income As Reported": NaN,
        "Diluted Average Shares": NaN,
        "Basic Average Shares": NaN,
        "Diluted EPS": NaN,
        "Basic EPS": NaN,
        "Diluted NI Availto Com Stockholders": NaN,
        "Net Income Common Stockholders": NaN,
        "Net Income": NaN,
        "Minority Interests": NaN,
        "Net Income Including Noncontrolling Interests": NaN,
        "Net Income Continuous Operations": NaN,
        "Tax Provision": NaN,
        "Pretax Income": NaN,
        "Special Income Charges": 0.0,
        "Restructuring And Mergern Acquisition": 0.0,
        "Net Non Operating Interest Income Expense": NaN,
        "Total Other Finance Cost": 219000.0,
        "Interest Expense Non Operating": 219000.0,
        "Interest Income Non Operating": NaN,
        "Operating Income": NaN,
        "Operating Expense": NaN,
        "Depreciation Amortization Depletion Income Statement": NaN,
        "Depreciation And Amortization In Income Statement": NaN,
        "Selling General And Administration": NaN,
        "Selling And Marketing Expense": NaN,
        "General And Administrative Expense": NaN,
        "Other Gand A": NaN,
        "Gross Profit": NaN,
        "Cost Of Revenue": NaN,
        "Total Revenue": NaN,
        "Operating Revenue": NaN
    },
    "2022-06-30": {
        "Tax Effect Of Unusual Items": 0.0,
        "Tax Rate For Calcs": 0.4,
        "Normalized EBITDA": -22498000.0,
        "Total Unusual Items": 0.0,
        "Total Unusual Items Excluding Goodwill": 0.0,
        "Net Income From Continuing Operation Net Minority Interest": -8332000.0,
        "Reconciled Depreciation": 3290000.0,
        "Reconciled Cost Of Revenue": 104882000.0,
        "EBITDA": -22498000.0,
        "EBIT": -25788000.0,
        "Net Interest Income": -223000.0,
        "Interest Expense": 223000.0,
        "Interest Income": NaN,
        "Normalized Income": -8332000.0,
        "Net Income From Continuing And Discontinued Operation": -8332000.0,
        "Total Expenses": 169524000.0,
        "Total Operating Income As Reported": -25788000.0,
        "Diluted Average Shares": 63976146.0,
        "Basic Average Shares": 63976146.0,
        "Diluted EPS": -0.13,
        "Basic EPS": -0.13,
        "Diluted NI Availto Com Stockholders": -8332000.0,
        "Net Income Common Stockholders": -8332000.0,
        "Net Income": -8332000.0,
        "Minority Interests": 20014000.0,
        "Net Income Including Noncontrolling Interests": -28346000.0,
        "Net Income Continuous Operations": -28346000.0,
        "Tax Provision": 2335000.0,
        "Pretax Income": -26011000.0,
        "Special Income Charges": 0.0,
        "Restructuring And Mergern Acquisition": 0.0,
        "Net Non Operating Interest Income Expense": -223000.0,
        "Total Other Finance Cost": NaN,
        "Interest Expense Non Operating": 223000.0,
        "Interest Income Non Operating": NaN,
        "Operating Income": -25788000.0,
        "Operating Expense": 64642000.0,
        "Depreciation Amortization Depletion Income Statement": 3290000.0,
        "Depreciation And Amortization In Income Statement": 3290000.0,
        "Selling General And Administration": 61352000.0,
        "Selling And Marketing Expense": 44742000.0,
        "General And Administrative Expense": 16610000.0,
        "Other Gand A": 16610000.0,
        "Gross Profit": 38854000.0,
        "Cost Of Revenue": 104882000.0,
        "Total Revenue": 143736000.0,
        "Operating Revenue": 143736000.0
    },
    "2022-03-31": {
        "Diluted EPS": -0.24,
        "Total Revenue": 135,
        "Gross Profit": 35,
        "Operating Income": -50,
        "EBIT": -47,
        "Net Income": -15
    },
    "2021-12-31": {
        "Diluted EPS": -0.18,
        "Total Revenue": 131,
        "Gross Profit": 44,
        "Operating Income": -37,
        "EBIT": -35,
        "Net Income": -10
    },
    "2021-09-30": {
        "Diluted EPS": -0.09,
        "Total Revenue": 123,
        "Gross Profit": 42,
        "Operating Income": -18,
        "EBIT": -17,
        "Net Income": -5
    },
    "2021-06-30": {
        "Diluted EPS": -0.06,
        "Total Revenue": 123,
        "Gross Profit": 38,
        "Operating Income": -12,
        "EBIT": -11,
        "Net Income": -4
    },
    "2021-03-31": {
        "Diluted EPS": -0.18,
        "Total Revenue": 112,
        "Gross Profit": 32,
        "Operating Income": -27,
        "EBIT": -27,
        "Net Income": 0
    },
    "2020-12-31": {
        "Diluted EPS": -0.01,
        "Total Revenue": 100,
        "Gross Profit": 28,
        "Operating Income": -43,
        "EBIT": -43,
        "Net Income": -1
    },
    "2020-09-30": {
        "Diluted EPS": 0.0,
        "Total Revenue": 78,
        "Gross Profit": 31,
        "Operating Income": -26,
        "EBIT": -26,
        "Net Income": -26
    },
    "2020-06-30": {
        "Diluted EPS": 0.0,
        "Total Revenue": 65,
        "Gross Profit": 16,
        "Operating Income": -51,
        "EBIT": -50,
        "Net Income": -51
    },
    "2020-03-31": {
        "Diluted EPS": 0.0,
        "Total Revenue": 35,
        "Gross Profit": 13,
        "Operating Income": -13,
        "EBIT": -12,
        "Net Income": -13
    },
    "2019-12-31": {
        "Diluted EPS": 0.0,
        "Total Revenue": NaN,
        "Gross Profit": NaN,
        "Operating Income": NaN,
        "EBIT": NaN,
        "Net Income": NaN
    },
    "2023-06-30": {
        "Tax Effect Of Unusual Items": 0.0,
        "Tax Rate For Calcs": 0.21,
        "Normalized EBITDA": -6314000.0,
        "Total Unusual Items": NaN,
        "Total Unusual Items Excluding Goodwill": NaN,
        "Net Income From Continuing Operation Net Minority Interest": -5139000.0,
        "Reconciled Depreciation": 7988000.0,
        "Reconciled Cost Of Revenue": 109853000.0,
        "EBITDA": -6314000.0,
        "EBIT": -14302000.0,
        "Net Interest Income": 288000.0,
        "Interest Expense": NaN,
        "Interest Income": NaN,
        "Normalized Income": -5139000.0,
        "Net Income From Continuing And Discontinued Operation": -5139000.0,
        "Total Expenses": 179364000.0,
        "Total Operating Income As Reported": -14302000.0,
        "Diluted Average Shares": 67389454.0,
        "Basic Average Shares": 67389454.0,
        "Diluted EPS": -0.08,
        "Basic EPS": -0.08,
        "Diluted NI Availto Com Stockholders": -5139000.0,
        "Net Income Common Stockholders": -5139000.0,
        "Net Income": -5139000.0,
        "Minority Interests": 11595000.0,
        "Net Income Including Noncontrolling Interests": -16734000.0,
        "Net Income Continuous Operations": -16734000.0,
        "Tax Provision": 2720000.0,
        "Pretax Income": -14014000.0,
        "Special Income Charges": NaN,
        "Restructuring And Mergern Acquisition": NaN,
        "Net Non Operating Interest Income Expense": 288000.0,
        "Total Other Finance Cost": -288000.0,
        "Interest Expense Non Operating": NaN,
        "Interest Income Non Operating": NaN,
        "Operating Income": -14302000.0,
        "Operating Expense": 69511000.0,
        "Depreciation Amortization Depletion Income Statement": 7988000.0,
        "Depreciation And Amortization In Income Statement": 7988000.0,
        "Selling General And Administration": 61523000.0,
        "Selling And Marketing Expense": 40965000.0,
        "General And Administrative Expense": 20558000.0,
        "Other Gand A": 20558000.0,
        "Gross Profit": 55209000.0,
        "Cost Of Revenue": 109853000.0,
        "Total Revenue": 165062000.0,
        "Operating Revenue": 165062000.0
    },
    "2023-09-30": {
        "Tax Effect Of Unusual Items": 0.0,
        "Tax Rate For Calcs": 0.21,
        "Normalized EBITDA": -3301000.0,
        "Total Unusual Items": NaN,
        "Total Unusual Items Excluding Goodwill": NaN,
        "Net Income From Continuing Operation Net Minority Interest": -4179000.0,
        "Reconciled Depreciation": 8401000.0,
        "Reconciled Cost Of Revenue": 116159000.0,
        "EBITDA": -3301000.0,
        "EBIT": -11702000.0,
        "Net Interest Income": 762000.0,
        "Interest Expense": NaN,
        "Interest Income": NaN,
        "Normalized Income": -4179000.0,
        "Net Income From Continuing And Discontinued Operation": -4179000.0,
        "Total Expenses": 181589000.0,
        "Total Operating Income As Reported": -11702000.0,
        "Diluted Average Shares": 69698787.0,
        "Basic Average Shares": 69698787.0,
        "Diluted EPS": -0.06,
        "Basic EPS": -0.06,
        "Diluted NI Availto Com Stockholders": -4179000.0,
        "Net Income Common Stockholders": -4179000.0,
        "Net Income": -4179000.0,
        "Minority Interests": 9187000.0,
        "Net Income Including Noncontrolling Interests": -13366000.0,
        "Net Income Continuous Operations": -13366000.0,
        "Tax Provision": 2426000.0,
        "Pretax Income": -10940000.0,
        "Special Income Charges": NaN,
        "Restructuring And Mergern Acquisition": NaN,
        "Net Non Operating Interest Income Expense": 762000.0,
        "Total Other Finance Cost": -762000.0,
        "Interest Expense Non Operating": NaN,
        "Interest Income Non Operating": NaN,
        "Operating Income": -11702000.0,
        "Operating Expense": 65430000.0,
        "Depreciation Amortization Depletion Income Statement": 8401000.0,
        "Depreciation And Amortization In Income Statement": 8401000.0,
        "Selling General And Administration": 57029000.0,
        "Selling And Marketing Expense": 34620000.0,
        "General And Administrative Expense": 22409000.0,
        "Other Gand A": 22409000.0,
        "Gross Profit": 53728000.0,
        "Cost Of Revenue": 116159000.0,
        "Total Revenue": 169887000.0,
        "Operating Revenue": 169887000.0
    },
    "2023-12-31": {
        "Tax Effect Of Unusual Items": 0.0,
        "Tax Rate For Calcs": 0.21,
        "Normalized EBITDA": 4088000.0,
        "Total Unusual Items": NaN,
        "Total Unusual Items Excluding Goodwill": NaN,
        "Net Income From Continuing Operation Net Minority Interest": -1727000.0,
        "Reconciled Depreciation": 7615000.0,
        "Reconciled Cost Of Revenue": 131848000.0,
        "EBITDA": 4088000.0,
        "EBIT": -3527000.0,
        "Net Interest Income": 1335000.0,
        "Interest Expense": NaN,
        "Interest Income": NaN,
        "Normalized Income": -1727000.0,
        "Net Income From Continuing And Discontinued Operation": -1727000.0,
        "Total Expenses": 197378000.0,
        "Total Operating Income As Reported": -3527000.0,
        "Diluted Average Shares": 71601297.0,
        "Basic Average Shares": 71601297.0,
        "Diluted EPS": -0.02,
        "Basic EPS": -0.02,
        "Diluted NI Availto Com Stockholders": -1727000.0,
        "Net Income Common Stockholders": -1727000.0,
        "Net Income": -1727000.0,
        "Minority Interests": 3728000.0,
        "Net Income Including Noncontrolling Interests": -5455000.0,
        "Net Income Continuous Operations": -5455000.0,
        "Tax Provision": 3263000.0,
        "Pretax Income": -2192000.0,
        "Special Income Charges": NaN,
        "Restructuring And Mergern Acquisition": NaN,
        "Net Non Operating Interest Income Expense": 1335000.0,
        "Total Other Finance Cost": -1335000.0,
        "Interest Expense Non Operating": NaN,
        "Interest Income Non Operating": NaN,
        "Operating Income": -3527000.0,
        "Operating Expense": 65530000.0,
        "Depreciation Amortization Depletion Income Statement": 7615000.0,
        "Depreciation And Amortization In Income Statement": 7615000.0,
        "Selling General And Administration": 57915000.0,
        "Selling And Marketing Expense": 35125000.0,
        "General And Administrative Expense": 22790000.0,
        "Other Gand A": 22790000.0,
        "Gross Profit": 62003000.0,
        "Cost Of Revenue": 131848000.0,
        "Total Revenue": 193851000.0,
        "Operating Revenue": 193851000.0
    },
    "2024-03-31": {
        "Tax Effect Of Unusual Items": 0.0,
        "Tax Rate For Calcs": 0.4,
        "Normalized EBITDA": 8633000.0,
        "Total Unusual Items": NaN,
        "Total Unusual Items Excluding Goodwill": NaN,
        "Net Income From Continuing Operation Net Minority Interest": -727000.0,
        "Reconciled Depreciation": 7101000.0,
        "Reconciled Cost Of Revenue": 144523000.0,
        "EBITDA": 8633000.0,
        "EBIT": 1532000.0,
        "Net Interest Income": 1559000.0,
        "Interest Expense": NaN,
        "Interest Income": 1559000.0,
        "Normalized Income": -727000.0,
        "Net Income From Continuing And Discontinued Operation": -727000.0,
        "Total Expenses": 215896000.0,
        "Total Operating Income As Reported": 1532000.0,
        "Diluted Average Shares": 76027427.0,
        "Basic Average Shares": 76027427.0,
        "Diluted EPS": -0.01,
        "Basic EPS": -0.01,
        "Diluted NI Availto Com Stockholders": -727000.0,
        "Net Income Common Stockholders": -727000.0,
        "Net Income": -727000.0,
        "Minority Interests": 1482000.0,
        "Net Income Including Noncontrolling Interests": -2209000.0,
        "Net Income Continuous Operations": -2209000.0,
        "Tax Provision": 5300000.0,
        "Pretax Income": 3091000.0,
        "Special Income Charges": NaN,
        "Restructuring And Mergern Acquisition": NaN,
        "Net Non Operating Interest Income Expense": 1559000.0,
        "Total Other Finance Cost": NaN,
        "Interest Expense Non Operating": NaN,
        "Interest Income Non Operating": 1559000.0,
        "Operating Income": 1532000.0,
        "Operating Expense": 71373000.0,
        "Depreciation Amortization Depletion Income Statement": 7101000.0,
        "Depreciation And Amortization In Income Statement": 7101000.0,
        "Selling General And Administration": 64272000.0,
        "Selling And Marketing Expense": 38404000.0,
        "General And Administrative Expense": 25868000.0,
        "Other Gand A": 25868000.0,
        "Gross Profit": 72905000.0,
        "Cost Of Revenue": 144523000.0,
        "Total Revenue": 217428000.0,
        "Operating Revenue": 217428000.0
    }
}