{
    "2023-03-31": {
        "Tax Effect Of Unusual Items": NaN,
        "Tax Rate For Calcs": NaN,
        "Normalized EBITDA": NaN,
        "Net Income From Continuing Operation Net Minority Interest": NaN,
        "Reconciled Depreciation": NaN,
        "Reconciled Cost Of Revenue": NaN,
        "EBITDA": NaN,
        "EBIT": NaN,
        "Net Interest Income": NaN,
        "Interest Income": 5447000.0,
        "Normalized Income": NaN,
        "Net Income From Continuing And Discontinued Operation": NaN,
        "Total Expenses": NaN,
        "Total Operating Income As Reported": NaN,
        "Diluted Average Shares": NaN,
        "Basic Average Shares": NaN,
        "Diluted EPS": NaN,
        "Basic EPS": NaN,
        "Diluted NI Availto Com Stockholders": NaN,
        "Net Income Common Stockholders": NaN,
        "Net Income": NaN,
        "Net Income Including Noncontrolling Interests": NaN,
        "Net Income Continuous Operations": NaN,
        "Tax Provision": NaN,
        "Pretax Income": NaN,
        "Other Income Expense": NaN,
        "Other Non Operating Income Expenses": NaN,
        "Net Non Operating Interest Income Expense": NaN,
        "Total Other Finance Cost": -5447000.0,
        "Interest Income Non Operating": 5447000.0,
        "Operating Income": NaN,
        "Operating Expense": NaN,
        "Research And Development": NaN,
        "Selling General And Administration": NaN,
        "Selling And Marketing Expense": NaN,
        "General And Administrative Expense": NaN,
        "Other Gand A": NaN,
        "Gross Profit": NaN,
        "Cost Of Revenue": NaN,
        "Total Revenue": NaN,
        "Operating Revenue": NaN
    },
    "2022-12-31": {
        "Tax Effect Of Unusual Items": NaN,
        "Tax Rate For Calcs": NaN,
        "Normalized EBITDA": NaN,
        "Net Income From Continuing Operation Net Minority Interest": NaN,
        "Reconciled Depreciation": NaN,
        "Reconciled Cost Of Revenue": NaN,
        "EBITDA": NaN,
        "EBIT": NaN,
        "Net Interest Income": NaN,
        "Interest Income": NaN,
        "Normalized Income": NaN,
        "Net Income From Continuing And Discontinued Operation": NaN,
        "Total Expenses": NaN,
        "Total Operating Income As Reported": NaN,
        "Diluted Average Shares": NaN,
        "Basic Average Shares": NaN,
        "Diluted EPS": NaN,
        "Basic EPS": NaN,
        "Diluted NI Availto Com Stockholders": NaN,
        "Net Income Common Stockholders": NaN,
        "Net Income": NaN,
        "Net Income Including Noncontrolling Interests": NaN,
        "Net Income Continuous Operations": NaN,
        "Tax Provision": NaN,
        "Pretax Income": NaN,
        "Other Income Expense": NaN,
        "Other Non Operating Income Expenses": NaN,
        "Net Non Operating Interest Income Expense": NaN,
        "Total Other Finance Cost": -5064000.0,
        "Interest Income Non Operating": NaN,
        "Operating Income": NaN,
        "Operating Expense": NaN,
        "Research And Development": NaN,
        "Selling General And Administration": NaN,
        "Selling And Marketing Expense": NaN,
        "General And Administrative Expense": NaN,
        "Other Gand A": NaN,
        "Gross Profit": NaN,
        "Cost Of Revenue": NaN,
        "Total Revenue": NaN,
        "Operating Revenue": NaN
    },
    "2022-09-30": {
        "Tax Effect Of Unusual Items": NaN,
        "Tax Rate For Calcs": NaN,
        "Normalized EBITDA": NaN,
        "Net Income From Continuing Operation Net Minority Interest": NaN,
        "Reconciled Depreciation": NaN,
        "Reconciled Cost Of Revenue": NaN,
        "EBITDA": NaN,
        "EBIT": NaN,
        "Net Interest Income": NaN,
        "Interest Income": 3123000.0,
        "Normalized Income": NaN,
        "Net Income From Continuing And Discontinued Operation": NaN,
        "Total Expenses": NaN,
        "Total Operating Income As Reported": NaN,
        "Diluted Average Shares": NaN,
        "Basic Average Shares": NaN,
        "Diluted EPS": NaN,
        "Basic EPS": NaN,
        "Diluted NI Availto Com Stockholders": NaN,
        "Net Income Common Stockholders": NaN,
        "Net Income": NaN,
        "Net Income Including Noncontrolling Interests": NaN,
        "Net Income Continuous Operations": NaN,
        "Tax Provision": NaN,
        "Pretax Income": NaN,
        "Other Income Expense": NaN,
        "Other Non Operating Income Expenses": NaN,
        "Net Non Operating Interest Income Expense": NaN,
        "Total Other Finance Cost": -3123000.0,
        "Interest Income Non Operating": 3123000.0,
        "Operating Income": NaN,
        "Operating Expense": NaN,
        "Research And Development": NaN,
        "Selling General And Administration": NaN,
        "Selling And Marketing Expense": NaN,
        "General And Administrative Expense": NaN,
        "Other Gand A": NaN,
        "Gross Profit": NaN,
        "Cost Of Revenue": NaN,
        "Total Revenue": NaN,
        "Operating Revenue": NaN
    },
    "2022-06-30": {
        "Tax Effect Of Unusual Items": 0.0,
        "Tax Rate For Calcs": 0.4,
        "Normalized EBITDA": -31838000.0,
        "Net Income From Continuing Operation Net Minority Interest": -33028000.0,
        "Reconciled Depreciation": 949000.0,
        "Reconciled Cost Of Revenue": 29326000.0,
        "EBITDA": -31838000.0,
        "EBIT": -32787000.0,
        "Net Interest Income": 1319000.0,
        "Interest Income": NaN,
        "Normalized Income": -33028000.0,
        "Net Income From Continuing And Discontinued Operation": -33028000.0,
        "Total Expenses": 92719000.0,
        "Total Operating Income As Reported": -32787000.0,
        "Diluted Average Shares": 166365844.0,
        "Basic Average Shares": 166365844.0,
        "Diluted EPS": -0.2,
        "Basic EPS": -0.2,
        "Diluted NI Availto Com Stockholders": -33028000.0,
        "Net Income Common Stockholders": -33028000.0,
        "Net Income": -33028000.0,
        "Net Income Including Noncontrolling Interests": -33028000.0,
        "Net Income Continuous Operations": -33028000.0,
        "Tax Provision": 1516000.0,
        "Pretax Income": -31512000.0,
        "Other Income Expense": -44000.0,
        "Other Non Operating Income Expenses": -44000.0,
        "Net Non Operating Interest Income Expense": 1319000.0,
        "Total Other Finance Cost": -1319000.0,
        "Interest Income Non Operating": NaN,
        "Operating Income": -32787000.0,
        "Operating Expense": 63393000.0,
        "Research And Development": 17947000.0,
        "Selling General And Administration": 45446000.0,
        "Selling And Marketing Expense": 22892000.0,
        "General And Administrative Expense": 22554000.0,
        "Other Gand A": 22554000.0,
        "Gross Profit": 30606000.0,
        "Cost Of Revenue": 29326000.0,
        "Total Revenue": 59932000.0,
        "Operating Revenue": 59932000.0
    },
    "2022-03-31": {
        "Diluted EPS": -0.2,
        "Total Revenue": 59,
        "Gross Profit": 30,
        "Operating Income": -33,
        "EBIT": -30,
        "Net Income": NaN
    },
    "2021-12-31": {
        "Diluted EPS": 2.91,
        "Total Revenue": 70,
        "Gross Profit": 37,
        "Operating Income": -23,
        "EBIT": -21,
        "Net Income": -23
    },
    "2021-09-30": {
        "Diluted EPS": -0.82,
        "Total Revenue": 53,
        "Gross Profit": 24,
        "Operating Income": -28,
        "EBIT": -26,
        "Net Income": -92
    },
    "2021-06-30": {
        "Diluted EPS": -1.41,
        "Total Revenue": 56,
        "Gross Profit": 33,
        "Operating Income": -2,
        "EBIT": 0,
        "Net Income": -20
    },
    "2021-03-31": {
        "Diluted EPS": -3.02,
        "Total Revenue": 51,
        "Gross Profit": 29,
        "Operating Income": -3,
        "EBIT": -2,
        "Net Income": -44
    },
    "2020-12-31": {
        "Diluted EPS": 0.47,
        "Total Revenue": 57,
        "Gross Profit": 33,
        "Operating Income": 7,
        "EBIT": 9,
        "Net Income": 7
    },
    "2020-09-30": {
        "Diluted EPS": -0.76,
        "Total Revenue": 42,
        "Gross Profit": 22,
        "Operating Income": -3,
        "EBIT": -2,
        "Net Income": -11
    },
    "2020-06-30": {
        "Diluted EPS": -0.52,
        "Total Revenue": 38,
        "Gross Profit": 20,
        "Operating Income": -8,
        "EBIT": -7,
        "Net Income": -7
    },
    "2020-03-31": {
        "Diluted EPS": 0.0,
        "Total Revenue": 33,
        "Gross Profit": 17,
        "Operating Income": -4,
        "EBIT": -3,
        "Net Income": NaN
    },
    "2019-12-31": {
        "Diluted EPS": 0.0,
        "Total Revenue": NaN,
        "Gross Profit": NaN,
        "Operating Income": NaN,
        "EBIT": NaN,
        "Net Income": NaN
    },
    "2023-06-30": {
        "Tax Effect Of Unusual Items": NaN,
        "Tax Rate For Calcs": NaN,
        "Normalized EBITDA": NaN,
        "Net Income From Continuing Operation Net Minority Interest": NaN,
        "Reconciled Depreciation": NaN,
        "Reconciled Cost Of Revenue": NaN,
        "EBITDA": NaN,
        "EBIT": NaN,
        "Net Interest Income": NaN,
        "Interest Income": NaN,
        "Normalized Income": NaN,
        "Net Income From Continuing And Discontinued Operation": NaN,
        "Total Expenses": NaN,
        "Total Operating Income As Reported": NaN,
        "Diluted Average Shares": 175618208.0,
        "Basic Average Shares": 175618208.0,
        "Diluted EPS": -0.1,
        "Basic EPS": -0.1,
        "Diluted NI Availto Com Stockholders": NaN,
        "Net Income Common Stockholders": NaN,
        "Net Income": NaN,
        "Net Income Including Noncontrolling Interests": NaN,
        "Net Income Continuous Operations": NaN,
        "Tax Provision": NaN,
        "Pretax Income": NaN,
        "Other Income Expense": NaN,
        "Other Non Operating Income Expenses": NaN,
        "Net Non Operating Interest Income Expense": NaN,
        "Total Other Finance Cost": -5617000.0,
        "Interest Income Non Operating": NaN,
        "Operating Income": NaN,
        "Operating Expense": NaN,
        "Research And Development": NaN,
        "Selling General And Administration": NaN,
        "Selling And Marketing Expense": NaN,
        "General And Administrative Expense": NaN,
        "Other Gand A": NaN,
        "Gross Profit": NaN,
        "Cost Of Revenue": NaN,
        "Total Revenue": NaN,
        "Operating Revenue": NaN
    },
    "2023-09-30": {
        "Tax Effect Of Unusual Items": 0.0,
        "Tax Rate For Calcs": 0.23,
        "Normalized EBITDA": -23935000.0,
        "Net Income From Continuing Operation Net Minority Interest": -20925000.0,
        "Reconciled Depreciation": 1275000.0,
        "Reconciled Cost Of Revenue": 40732000.0,
        "EBITDA": -23935000.0,
        "EBIT": -25210000.0,
        "Net Interest Income": 5717000.0,
        "Interest Income": 5717000.0,
        "Normalized Income": -20925000.0,
        "Net Income From Continuing And Discontinued Operation": -20925000.0,
        "Total Expenses": 97082000.0,
        "Total Operating Income As Reported": -25210000.0,
        "Diluted Average Shares": 178360665.0,
        "Basic Average Shares": 178360665.0,
        "Diluted EPS": -0.12,
        "Basic EPS": -0.12,
        "Diluted NI Availto Com Stockholders": -20925000.0,
        "Net Income Common Stockholders": -20925000.0,
        "Net Income": -20925000.0,
        "Net Income Including Noncontrolling Interests": -20925000.0,
        "Net Income Continuous Operations": -20925000.0,
        "Tax Provision": 1239000.0,
        "Pretax Income": -19686000.0,
        "Other Income Expense": -193000.0,
        "Other Non Operating Income Expenses": -193000.0,
        "Net Non Operating Interest Income Expense": 5717000.0,
        "Total Other Finance Cost": NaN,
        "Interest Income Non Operating": 5717000.0,
        "Operating Income": -25210000.0,
        "Operating Expense": 56350000.0,
        "Research And Development": 17397000.0,
        "Selling General And Administration": 38953000.0,
        "Selling And Marketing Expense": 21758000.0,
        "General And Administrative Expense": 17195000.0,
        "Other Gand A": 17195000.0,
        "Gross Profit": 31140000.0,
        "Cost Of Revenue": 40732000.0,
        "Total Revenue": 71872000.0,
        "Operating Revenue": 71872000.0
    },
    "2023-12-31": {
        "Tax Effect Of Unusual Items": 0.0,
        "Tax Rate For Calcs": 0.23,
        "Normalized EBITDA": -5285000.0,
        "Net Income From Continuing Operation Net Minority Interest": -3265000.0,
        "Reconciled Depreciation": 1279000.0,
        "Reconciled Cost Of Revenue": 35550000.0,
        "EBITDA": -5285000.0,
        "EBIT": -6564000.0,
        "Net Interest Income": 5994000.0,
        "Interest Income": NaN,
        "Normalized Income": -3265000.0,
        "Net Income From Continuing And Discontinued Operation": -3265000.0,
        "Total Expenses": 90629000.0,
        "Total Operating Income As Reported": -6564000.0,
        "Diluted Average Shares": NaN,
        "Basic Average Shares": NaN,
        "Diluted EPS": NaN,
        "Basic EPS": NaN,
        "Diluted NI Availto Com Stockholders": -3265000.0,
        "Net Income Common Stockholders": -3265000.0,
        "Net Income": -3265000.0,
        "Net Income Including Noncontrolling Interests": -3265000.0,
        "Net Income Continuous Operations": -3265000.0,
        "Tax Provision": 2477000.0,
        "Pretax Income": -788000.0,
        "Other Income Expense": -218000.0,
        "Other Non Operating Income Expenses": -218000.0,
        "Net Non Operating Interest Income Expense": 5994000.0,
        "Total Other Finance Cost": NaN,
        "Interest Income Non Operating": NaN,
        "Operating Income": -6564000.0,
        "Operating Expense": 55079000.0,
        "Research And Development": 17122000.0,
        "Selling General And Administration": 37957000.0,
        "Selling And Marketing Expense": 21344000.0,
        "General And Administrative Expense": 16613000.0,
        "Other Gand A": 16613000.0,
        "Gross Profit": 48515000.0,
        "Cost Of Revenue": 35550000.0,
        "Total Revenue": 84065000.0,
        "Operating Revenue": 84065000.0
    },
    "2024-03-31": {
        "Tax Effect Of Unusual Items": 0.0,
        "Tax Rate For Calcs": 0.23,
        "Normalized EBITDA": -14648000.0,
        "Net Income From Continuing Operation Net Minority Interest": -11630000.0,
        "Reconciled Depreciation": 1265000.0,
        "Reconciled Cost Of Revenue": 34288000.0,
        "EBITDA": -14648000.0,
        "EBIT": -15913000.0,
        "Net Interest Income": 5741000.0,
        "Interest Income": NaN,
        "Normalized Income": -11630000.0,
        "Net Income From Continuing And Discontinued Operation": -11630000.0,
        "Total Expenses": 92321000.0,
        "Total Operating Income As Reported": -15913000.0,
        "Diluted Average Shares": 177060316.0,
        "Basic Average Shares": 177060316.0,
        "Diluted EPS": -0.07,
        "Basic EPS": -0.07,
        "Diluted NI Availto Com Stockholders": -11630000.0,
        "Net Income Common Stockholders": -11630000.0,
        "Net Income": -11630000.0,
        "Net Income Including Noncontrolling Interests": -11630000.0,
        "Net Income Continuous Operations": -11630000.0,
        "Tax Provision": 1298000.0,
        "Pretax Income": -10332000.0,
        "Other Income Expense": -160000.0,
        "Other Non Operating Income Expenses": -160000.0,
        "Net Non Operating Interest Income Expense": 5741000.0,
        "Total Other Finance Cost": -5741000.0,
        "Interest Income Non Operating": NaN,
        "Operating Income": -15913000.0,
        "Operating Expense": 58033000.0,
        "Research And Development": 17772000.0,
        "Selling General And Administration": 40261000.0,
        "Selling And Marketing Expense": 23214000.0,
        "General And Administrative Expense": 17047000.0,
        "Other Gand A": 17047000.0,
        "Gross Profit": 42120000.0,
        "Cost Of Revenue": 34288000.0,
        "Total Revenue": 76408000.0,
        "Operating Revenue": 76408000.0
    },
    "2024-06-30": {
        "Tax Effect Of Unusual Items": 0.0,
        "Tax Rate For Calcs": 0.23,
        "Normalized EBITDA": -12940000.0,
        "Net Income From Continuing Operation Net Minority Interest": -9509000.0,
        "Reconciled Depreciation": 1255000.0,
        "Reconciled Cost Of Revenue": 37728000.0,
        "EBITDA": -12940000.0,
        "EBIT": -14195000.0,
        "Net Interest Income": 5398000.0,
        "Interest Income": NaN,
        "Normalized Income": -9509000.0,
        "Net Income From Continuing And Discontinued Operation": -9509000.0,
        "Total Expenses": 92925000.0,
        "Total Operating Income As Reported": -14195000.0,
        "Diluted Average Shares": 173687773.0,
        "Basic Average Shares": 173687773.0,
        "Diluted EPS": -0.05,
        "Basic EPS": -0.05,
        "Diluted NI Availto Com Stockholders": -9509000.0,
        "Net Income Common Stockholders": -9509000.0,
        "Net Income": -9509000.0,
        "Net Income Including Noncontrolling Interests": -9509000.0,
        "Net Income Continuous Operations": -9509000.0,
        "Tax Provision": 1049000.0,
        "Pretax Income": -8460000.0,
        "Other Income Expense": 337000.0,
        "Other Non Operating Income Expenses": 337000.0,
        "Net Non Operating Interest Income Expense": 5398000.0,
        "Total Other Finance Cost": -5398000.0,
        "Interest Income Non Operating": NaN,
        "Operating Income": -14195000.0,
        "Operating Expense": 55197000.0,
        "Research And Development": 17079000.0,
        "Selling General And Administration": 38118000.0,
        "Selling And Marketing Expense": 22468000.0,
        "General And Administrative Expense": 15650000.0,
        "Other Gand A": 15650000.0,
        "Gross Profit": 41002000.0,
        "Cost Of Revenue": 37728000.0,
        "Total Revenue": 78730000.0,
        "Operating Revenue": 78730000.0
    },
    "2024-09-30": {
        "Tax Effect Of Unusual Items": 0.0,
        "Tax Rate For Calcs": 0.23,
        "Normalized EBITDA": -13141000.0,
        "Net Income From Continuing Operation Net Minority Interest": -9699000.0,
        "Reconciled Depreciation": 1189000.0,
        "Reconciled Cost Of Revenue": 39893000.0,
        "EBITDA": -13141000.0,
        "EBIT": -14330000.0,
        "Net Interest Income": 5050000.0,
        "Interest Income": 5050000.0,
        "Normalized Income": -9699000.0,
        "Net Income From Continuing And Discontinued Operation": -9699000.0,
        "Total Expenses": 93179000.0,
        "Total Operating Income As Reported": -14330000.0,
        "Diluted Average Shares": 168649496.0,
        "Basic Average Shares": 168649496.0,
        "Diluted EPS": -0.06,
        "Basic EPS": -0.06,
        "Diluted NI Availto Com Stockholders": -9699000.0,
        "Net Income Common Stockholders": -9699000.0,
        "Net Income": -9699000.0,
        "Net Income Including Noncontrolling Interests": -9699000.0,
        "Net Income Continuous Operations": -9699000.0,
        "Tax Provision": 639000.0,
        "Pretax Income": -9060000.0,
        "Other Income Expense": 220000.0,
        "Other Non Operating Income Expenses": 220000.0,
        "Net Non Operating Interest Income Expense": 5050000.0,
        "Total Other Finance Cost": NaN,
        "Interest Income Non Operating": 5050000.0,
        "Operating Income": -14330000.0,
        "Operating Expense": 53286000.0,
        "Research And Development": 16671000.0,
        "Selling General And Administration": 36615000.0,
        "Selling And Marketing Expense": 20999000.0,
        "General And Administrative Expense": 15616000.0,
        "Other Gand A": 15616000.0,
        "Gross Profit": 38956000.0,
        "Cost Of Revenue": 39893000.0,
        "Total Revenue": 78849000.0,
        "Operating Revenue": 78849000.0
    }
}