{
    "2023-03-31": {
        "Tax Effect Of Unusual Items": -240831.239948,
        "Tax Rate For Calcs": 0.148055,
        "Normalized EBITDA": 14336146.0,
        "Total Unusual Items": -1626633.0,
        "Total Unusual Items Excluding Goodwill": -1626633.0,
        "Net Income From Continuing Operation Net Minority Interest": 2332852.0,
        "Reconciled Depreciation": 5782752.0,
        "Reconciled Cost Of Revenue": 12320668.0,
        "EBIT": 6926761.0,
        "Net Interest Income": -4176399.0,
        "Interest Expense": 4176399.0,
        "Interest Income": NaN,
        "Normalized Income": 3718653.760052,
        "Net Income From Continuing And Discontinued Operation": 2332852.0,
        "Total Expenses": 26239958.0,
        "Total Operating Income As Reported": 8570678.0,
        "Diluted Average Shares": 65046639.0,
        "Basic Average Shares": 64412872.0,
        "Diluted EPS": 0.04,
        "Basic EPS": 0.04,
        "Diluted NI Availto Com Stockholders": 2332852.0,
        "Average Dilution Earnings": NaN,
        "Net Income Common Stockholders": 2332852.0,
        "Otherunder Preferred Stock Dividend": 0.0,
        "Net Income": 2332852.0,
        "Minority Interests": -10305.0,
        "Net Income Including Noncontrolling Interests": 2343157.0,
        "Net Income Continuous Operations": 2343157.0,
        "Tax Provision": 407205.0,
        "Pretax Income": 2750362.0,
        "Other Income Expense": -1643917.0,
        "Other Non Operating Income Expenses": -17284.0,
        "Special Income Charges": 0.0,
        "Other Special Charges": 0.0,
        "Gain On Sale Of Security": -1626633.0,
        "Net Non Operating Interest Income Expense": -4176399.0,
        "Interest Expense Non Operating": 4176399.0,
        "Interest Income Non Operating": NaN,
        "Operating Income": 8570678.0,
        "Operating Expense": 13919290.0,
        "Depreciation Amortization Depletion Income Statement": 5782752.0,
        "Depreciation And Amortization In Income Statement": 5782752.0,
        "Amortization": NaN,
        "Amortization Of Intangibles Income Statement": NaN,
        "Depreciation Income Statement": NaN,
        "Selling General And Administration": 8136538.0,
        "General And Administrative Expense": 8136538.0,
        "Other Gand A": 8136538.0,
        "Gross Profit": 22489968.0,
        "Cost Of Revenue": 12320668.0,
        "Total Revenue": 34810636.0,
        "Operating Revenue": 34810636.0
    },
    "2022-12-31": {
        "Tax Effect Of Unusual Items": -414656.0,
        "Tax Rate For Calcs": 0.4,
        "Normalized EBITDA": 10145402.0,
        "Total Unusual Items": -1036640.0,
        "Total Unusual Items Excluding Goodwill": -1036640.0,
        "Net Income From Continuing Operation Net Minority Interest": -4406623.0,
        "Reconciled Depreciation": 5546301.0,
        "Reconciled Cost Of Revenue": 11750296.0,
        "EBIT": 3562461.0,
        "Net Interest Income": -4098867.0,
        "Interest Expense": 4098910.0,
        "Interest Income": 43.0,
        "Normalized Income": -3784639.0,
        "Net Income From Continuing And Discontinued Operation": -4406623.0,
        "Total Expenses": 25332355.0,
        "Total Operating Income As Reported": 4599058.0,
        "Diluted Average Shares": 64379536.0,
        "Basic Average Shares": 64379536.0,
        "Diluted EPS": -0.07,
        "Basic EPS": -0.07,
        "Diluted NI Availto Com Stockholders": -4406623.0,
        "Average Dilution Earnings": 0.0,
        "Net Income Common Stockholders": -4406623.0,
        "Otherunder Preferred Stock Dividend": 0.0,
        "Net Income": -4406623.0,
        "Minority Interests": -340190.0,
        "Net Income Including Noncontrolling Interests": -4066433.0,
        "Net Income Continuous Operations": -4066433.0,
        "Tax Provision": 3529984.0,
        "Pretax Income": -536449.0,
        "Other Income Expense": -1036640.0,
        "Other Non Operating Income Expenses": NaN,
        "Special Income Charges": -914040.0,
        "Other Special Charges": 914040.0,
        "Gain On Sale Of Security": -122600.0,
        "Net Non Operating Interest Income Expense": -4098867.0,
        "Interest Expense Non Operating": 4098910.0,
        "Interest Income Non Operating": 43.0,
        "Operating Income": 4599058.0,
        "Operating Expense": 13582059.0,
        "Depreciation Amortization Depletion Income Statement": 5546301.0,
        "Depreciation And Amortization In Income Statement": 5546301.0,
        "Amortization": NaN,
        "Amortization Of Intangibles Income Statement": NaN,
        "Depreciation Income Statement": NaN,
        "Selling General And Administration": 8035758.0,
        "General And Administrative Expense": 8035758.0,
        "Other Gand A": 8035758.0,
        "Gross Profit": 18181117.0,
        "Cost Of Revenue": 11750296.0,
        "Total Revenue": 29931413.0,
        "Operating Revenue": 29931413.0
    },
    "2022-09-30": {
        "Tax Effect Of Unusual Items": 847879.578,
        "Tax Rate For Calcs": 0.273,
        "Normalized EBITDA": 11951830.0,
        "Total Unusual Items": 3105786.0,
        "Total Unusual Items Excluding Goodwill": 3105786.0,
        "Net Income From Continuing Operation Net Minority Interest": 4536933.0,
        "Reconciled Depreciation": 5384341.0,
        "Reconciled Cost Of Revenue": 13940035.0,
        "EBIT": 9673275.0,
        "Net Interest Income": -3504784.0,
        "Interest Expense": 3504818.0,
        "Interest Income": 34.0,
        "Normalized Income": 2279026.578,
        "Net Income From Continuing And Discontinued Operation": 4536933.0,
        "Total Expenses": 26698256.0,
        "Total Operating Income As Reported": 6567455.0,
        "Diluted Average Shares": 64789384.0,
        "Basic Average Shares": 64349375.0,
        "Diluted EPS": 0.07,
        "Basic EPS": 0.07,
        "Diluted NI Availto Com Stockholders": 4536933.0,
        "Average Dilution Earnings": 0.0,
        "Net Income Common Stockholders": 4536933.0,
        "Otherunder Preferred Stock Dividend": 0.0,
        "Net Income": 4536933.0,
        "Minority Interests": 50845.0,
        "Net Income Including Noncontrolling Interests": 4486088.0,
        "Net Income Continuous Operations": 4486088.0,
        "Tax Provision": 1682369.0,
        "Pretax Income": 6168457.0,
        "Other Income Expense": 3105786.0,
        "Other Non Operating Income Expenses": NaN,
        "Special Income Charges": NaN,
        "Other Special Charges": NaN,
        "Gain On Sale Of Security": 3105786.0,
        "Net Non Operating Interest Income Expense": -3504784.0,
        "Interest Expense Non Operating": 3504818.0,
        "Interest Income Non Operating": 34.0,
        "Operating Income": 6567455.0,
        "Operating Expense": 12758221.0,
        "Depreciation Amortization Depletion Income Statement": 5384341.0,
        "Depreciation And Amortization In Income Statement": 5384341.0,
        "Amortization": NaN,
        "Amortization Of Intangibles Income Statement": NaN,
        "Depreciation Income Statement": NaN,
        "Selling General And Administration": 7373880.0,
        "General And Administrative Expense": 7373880.0,
        "Other Gand A": 7373880.0,
        "Gross Profit": 19325676.0,
        "Cost Of Revenue": 13940035.0,
        "Total Revenue": 33265711.0,
        "Operating Revenue": 32957060.0
    },
    "2022-06-30": {
        "Tax Effect Of Unusual Items": 404320.88,
        "Tax Rate For Calcs": 0.241,
        "Normalized EBITDA": 6682042.0,
        "Total Unusual Items": 1677680.0,
        "Total Unusual Items Excluding Goodwill": 1677680.0,
        "Net Income From Continuing Operation Net Minority Interest": 76039.0,
        "Reconciled Depreciation": 5361503.0,
        "Reconciled Cost Of Revenue": 9975131.0,
        "EBIT": 2998219.0,
        "Net Interest Income": -2976047.0,
        "Interest Expense": 2976060.0,
        "Interest Income": 13.0,
        "Normalized Income": -1197320.12,
        "Net Income From Continuing And Discontinued Operation": 76039.0,
        "Total Expenses": 22958244.0,
        "Total Operating Income As Reported": 1320526.0,
        "Diluted Average Shares": 64781739.0,
        "Basic Average Shares": 64223531.0,
        "Diluted EPS": 0.001174,
        "Basic EPS": 0.001184,
        "Diluted NI Availto Com Stockholders": 76039.0,
        "Average Dilution Earnings": NaN,
        "Net Income Common Stockholders": 76039.0,
        "Otherunder Preferred Stock Dividend": NaN,
        "Net Income": 76039.0,
        "Minority Interests": 59218.0,
        "Net Income Including Noncontrolling Interests": 16821.0,
        "Net Income Continuous Operations": 16821.0,
        "Tax Provision": 5338.0,
        "Pretax Income": 22159.0,
        "Other Income Expense": 1677680.0,
        "Other Non Operating Income Expenses": NaN,
        "Special Income Charges": NaN,
        "Other Special Charges": NaN,
        "Gain On Sale Of Security": 1677680.0,
        "Net Non Operating Interest Income Expense": -2976047.0,
        "Interest Expense Non Operating": 2976060.0,
        "Interest Income Non Operating": 13.0,
        "Operating Income": 1320526.0,
        "Operating Expense": 12983113.0,
        "Depreciation Amortization Depletion Income Statement": 5361503.0,
        "Depreciation And Amortization In Income Statement": 5361503.0,
        "Amortization": 5315265.0,
        "Amortization Of Intangibles Income Statement": 5315265.0,
        "Depreciation Income Statement": 46238.0,
        "Selling General And Administration": 7621610.0,
        "General And Administrative Expense": 7621610.0,
        "Other Gand A": 7621610.0,
        "Gross Profit": 14303639.0,
        "Cost Of Revenue": 9975131.0,
        "Total Revenue": 24278770.0,
        "Operating Revenue": 24017418.0
    },
    "2023-06-30": {
        "Tax Effect Of Unusual Items": 499249.025,
        "Tax Rate For Calcs": 0.275,
        "Normalized EBITDA": 9200551.0,
        "Total Unusual Items": 1815451.0,
        "Total Unusual Items Excluding Goodwill": 1815451.0,
        "Net Income From Continuing Operation Net Minority Interest": 277333.0,
        "Reconciled Depreciation": 6055568.0,
        "Reconciled Cost Of Revenue": 13471597.0,
        "EBIT": 4960434.0,
        "Net Interest Income": -4733533.0,
        "Interest Expense": 4733533.0,
        "Interest Income": NaN,
        "Normalized Income": -1038868.975,
        "Net Income From Continuing And Discontinued Operation": 277333.0,
        "Total Expenses": 28691665.0,
        "Total Operating Income As Reported": 3144921.0,
        "Diluted Average Shares": 64998544.0,
        "Basic Average Shares": 64572432.0,
        "Diluted EPS": 0.004267,
        "Basic EPS": 0.004295,
        "Diluted NI Availto Com Stockholders": 277333.0,
        "Average Dilution Earnings": NaN,
        "Net Income Common Stockholders": 277333.0,
        "Otherunder Preferred Stock Dividend": NaN,
        "Net Income": 277333.0,
        "Minority Interests": 112780.0,
        "Net Income Including Noncontrolling Interests": 164553.0,
        "Net Income Continuous Operations": 164553.0,
        "Tax Provision": 62348.0,
        "Pretax Income": 226901.0,
        "Other Income Expense": 1815513.0,
        "Other Non Operating Income Expenses": 62.0,
        "Special Income Charges": NaN,
        "Other Special Charges": NaN,
        "Gain On Sale Of Security": 1815451.0,
        "Net Non Operating Interest Income Expense": -4733533.0,
        "Interest Expense Non Operating": 4733533.0,
        "Interest Income Non Operating": NaN,
        "Operating Income": 3144921.0,
        "Operating Expense": 15220068.0,
        "Depreciation Amortization Depletion Income Statement": 6055568.0,
        "Depreciation And Amortization In Income Statement": 6055568.0,
        "Amortization": NaN,
        "Amortization Of Intangibles Income Statement": NaN,
        "Depreciation Income Statement": NaN,
        "Selling General And Administration": 9164500.0,
        "General And Administrative Expense": 9164500.0,
        "Other Gand A": 9164500.0,
        "Gross Profit": 18364989.0,
        "Cost Of Revenue": 13471597.0,
        "Total Revenue": 31836586.0,
        "Operating Revenue": 31175952.0
    },
    "2022-03-31": {
        "Diluted EPS": 0.17,
        "Total Revenue": 35,
        "Gross Profit": 22,
        "Operating Income": 9,
        "EBIT": 14,
        "Net Income": 9
    },
    "2021-12-31": {
        "Diluted EPS": 0.02,
        "Total Revenue": 26,
        "Gross Profit": 14,
        "Operating Income": 3,
        "EBIT": 8,
        "Net Income": 1
    },
    "2021-09-30": {
        "Diluted EPS": 0.08,
        "Total Revenue": 30,
        "Gross Profit": 18,
        "Operating Income": 8,
        "EBIT": 13,
        "Net Income": 4
    },
    "2021-06-30": {
        "Diluted EPS": -0.05,
        "Total Revenue": 17,
        "Gross Profit": 9,
        "Operating Income": 0,
        "EBIT": 4,
        "Net Income": -1
    },
    "2021-03-31": {
        "Diluted EPS": -0.07,
        "Total Revenue": NaN,
        "Gross Profit": NaN,
        "Operating Income": 0,
        "EBIT": 3,
        "Net Income": 0
    },
    "2020-12-31": {
        "Diluted EPS": 0.05,
        "Total Revenue": 22,
        "Gross Profit": 12,
        "Operating Income": 5,
        "EBIT": 8,
        "Net Income": 1
    },
    "2020-09-30": {
        "Diluted EPS": 0.06,
        "Total Revenue": 21,
        "Gross Profit": 13,
        "Operating Income": 5,
        "EBIT": 5,
        "Net Income": 3
    },
    "2020-06-30": {
        "Diluted EPS": 0.0,
        "Total Revenue": NaN,
        "Gross Profit": NaN,
        "Operating Income": NaN,
        "EBIT": NaN,
        "Net Income": NaN
    },
    "2020-03-31": {
        "Diluted EPS": 0.0,
        "Total Revenue": NaN,
        "Gross Profit": NaN,
        "Operating Income": 0,
        "EBIT": NaN,
        "Net Income": 0
    },
    "2019-12-31": {
        "Diluted EPS": 0.0,
        "Total Revenue": NaN,
        "Gross Profit": NaN,
        "Operating Income": NaN,
        "EBIT": NaN,
        "Net Income": NaN
    }
}