{
    "2022-06-30": {
        "Tax Effect Of Unusual Items": 0.0,
        "Tax Rate For Calcs": 0.000875,
        "Normalized EBITDA": 18315000.0,
        "Net Income From Continuing Operation Net Minority Interest": 13706000.0,
        "Reconciled Depreciation": 3517000.0,
        "Reconciled Cost Of Revenue": 63832000.0,
        "EBITDA": 18315000.0,
        "EBIT": 14798000.0,
        "Net Interest Income": 936000.0,
        "Interest Expense": 1080000.0,
        "Interest Income": 2016000.0,
        "Normalized Income": 13706000.0,
        "Net Income From Continuing And Discontinued Operation": 13706000.0,
        "Total Expenses": 77925000.0,
        "Total Operating Income As Reported": 10809000.0,
        "Diluted Average Shares": 3265837.0,
        "Basic Average Shares": 3265837.0,
        "Diluted EPS": 4.2,
        "Basic EPS": 4.2,
        "Diluted NI Availto Com Stockholders": 13706000.0,
        "Net Income Common Stockholders": 13706000.0,
        "Net Income": 13706000.0,
        "Minority Interests": 0.0,
        "Net Income Including Noncontrolling Interests": 13706000.0,
        "Net Income Continuous Operations": 13706000.0,
        "Tax Provision": 12000.0,
        "Pretax Income": 13718000.0,
        "Other Income Expense": 1973000.0,
        "Other Non Operating Income Expenses": 1973000.0,
        "Net Non Operating Interest Income Expense": 936000.0,
        "Interest Expense Non Operating": 1080000.0,
        "Interest Income Non Operating": 2016000.0,
        "Operating Income": 10809000.0,
        "Operating Expense": 14093000.0,
        "Selling General And Administration": 14093000.0,
        "Selling And Marketing Expense": 5237000.0,
        "General And Administrative Expense": 8856000.0,
        "Other Gand A": 8856000.0,
        "Gross Profit": 24902000.0,
        "Cost Of Revenue": 63832000.0,
        "Total Revenue": 88734000.0,
        "Operating Revenue": 88734000.0
    },
    "2022-12-31": {
        "Diluted EPS": 0.0,
        "Total Revenue": NaN,
        "Gross Profit": NaN,
        "Operating Income": NaN,
        "Net Income": NaN
    },
    "2022-03-31": {
        "Diluted EPS": 0.83,
        "Total Revenue": 16,
        "Gross Profit": 5,
        "Operating Income": 3,
        "EBIT": 3,
        "Net Income": 3
    },
    "2021-06-30": {
        "Diluted EPS": 0.94,
        "Total Revenue": 16,
        "Gross Profit": 6,
        "Operating Income": 16,
        "EBIT": 16,
        "Net Income": 3
    },
    "2021-03-31": {
        "Diluted EPS": 1.47,
        "Total Revenue": 16,
        "Gross Profit": 6,
        "Operating Income": 5,
        "EBIT": 5,
        "Net Income": 5
    },
    "2020-09-30": {
        "Diluted EPS": 0.61,
        "Total Revenue": 12,
        "Gross Profit": 5,
        "Operating Income": 2,
        "EBIT": 7,
        "Net Income": 2
    },
    "2020-06-30": {
        "Diluted EPS": 0.61,
        "Total Revenue": 12,
        "Gross Profit": 5,
        "Operating Income": 12,
        "EBIT": 13,
        "Net Income": 2
    },
    "2020-03-31": {
        "Diluted EPS": 0.56,
        "Total Revenue": 12,
        "Gross Profit": 4,
        "Operating Income": 2,
        "EBIT": 2,
        "Net Income": 2
    },
    "2019-09-30": {
        "Diluted EPS": 0.15,
        "Total Revenue": 11,
        "Gross Profit": 3,
        "Operating Income": 1,
        "EBIT": 6,
        "Net Income": 0
    },
    "2019-06-30": {
        "Diluted EPS": 0.04,
        "Total Revenue": 13,
        "Gross Profit": 3,
        "Operating Income": 13,
        "EBIT": 15,
        "Net Income": 0
    },
    "2019-03-31": {
        "Diluted EPS": -0.15,
        "Total Revenue": 12,
        "Gross Profit": 2,
        "Operating Income": 0,
        "EBIT": 0,
        "Net Income": -1
    },
    "2018-09-30": {
        "Diluted EPS": -0.08,
        "Total Revenue": 13,
        "Gross Profit": 2,
        "Operating Income": 0,
        "EBIT": 5,
        "Net Income": 0
    },
    "2018-06-30": {
        "Diluted EPS": -0.4,
        "Total Revenue": 12,
        "Gross Profit": 1,
        "Operating Income": 12,
        "EBIT": 14,
        "Net Income": -1
    },
    "2018-03-31": {
        "Diluted EPS": -0.4,
        "Total Revenue": 12,
        "Gross Profit": 2,
        "Operating Income": -1,
        "EBIT": -1,
        "Net Income": -1
    },
    "2017-09-30": {
        "Diluted EPS": -0.56,
        "Total Revenue": 11,
        "Gross Profit": 1,
        "Operating Income": -1,
        "EBIT": 3,
        "Net Income": -2
    },
    "2017-06-30": {
        "Diluted EPS": -0.53,
        "Total Revenue": 10,
        "Gross Profit": 1,
        "Operating Income": 10,
        "EBIT": 12,
        "Net Income": -2
    },
    "2017-03-31": {
        "Diluted EPS": -0.54,
        "Total Revenue": 10,
        "Gross Profit": 1,
        "Operating Income": -1,
        "EBIT": -1,
        "Net Income": -2
    },
    "2016-09-30": {
        "Diluted EPS": -0.6,
        "Total Revenue": 9,
        "Gross Profit": 0,
        "Operating Income": -2,
        "EBIT": 3,
        "Net Income": -2
    },
    "2016-06-30": {
        "Diluted EPS": -0.48,
        "Total Revenue": 9,
        "Gross Profit": 1,
        "Operating Income": -1,
        "EBIT": 0,
        "Net Income": -2
    },
    "2016-03-31": {
        "Diluted EPS": -0.56,
        "Total Revenue": 10,
        "Gross Profit": 1,
        "Operating Income": -1,
        "EBIT": -7,
        "Net Income": -2
    },
    "2015-12-31": {
        "Diluted EPS": 0.0,
        "Total Revenue": NaN,
        "Gross Profit": NaN,
        "Operating Income": NaN,
        "EBIT": NaN,
        "Net Income": NaN
    },
    "2015-09-30": {
        "Diluted EPS": -0.6,
        "Total Revenue": 10,
        "Gross Profit": 1,
        "Operating Income": -2,
        "EBIT": 4,
        "Net Income": -2
    },
    "2015-06-30": {
        "Diluted EPS": -0.72,
        "Total Revenue": 11,
        "Gross Profit": 0,
        "Operating Income": -2,
        "EBIT": 0,
        "Net Income": -2
    },
    "2015-03-31": {
        "Diluted EPS": -0.76,
        "Total Revenue": 9,
        "Gross Profit": -1,
        "Operating Income": -3,
        "EBIT": -9,
        "Net Income": -2
    },
    "2014-12-31": {
        "Diluted EPS": 0.0,
        "Total Revenue": NaN,
        "Gross Profit": NaN,
        "Operating Income": NaN,
        "EBIT": NaN,
        "Net Income": NaN
    },
    "2014-09-30": {
        "Diluted EPS": -0.88,
        "Total Revenue": 11,
        "Gross Profit": -1,
        "Operating Income": -2,
        "EBIT": 3,
        "Net Income": -3
    },
    "2014-06-30": {
        "Diluted EPS": -1.12,
        "Total Revenue": 11,
        "Gross Profit": -2,
        "Operating Income": -3,
        "EBIT": -1,
        "Net Income": -4
    },
    "2014-03-31": {
        "Diluted EPS": -0.64,
        "Total Revenue": 11,
        "Gross Profit": 0,
        "Operating Income": -2,
        "EBIT": -8,
        "Net Income": -2
    },
    "2013-12-31": {
        "Diluted EPS": 0.0,
        "Total Revenue": NaN,
        "Gross Profit": NaN,
        "Operating Income": NaN,
        "EBIT": NaN,
        "Net Income": NaN
    },
    "2013-09-30": {
        "Diluted EPS": -1.16,
        "Total Revenue": 12,
        "Gross Profit": -2,
        "Operating Income": -3,
        "EBIT": 3,
        "Net Income": -4
    },
    "2013-06-30": {
        "Diluted EPS": -0.92,
        "Total Revenue": 13,
        "Gross Profit": 0,
        "Operating Income": -3,
        "EBIT": -1,
        "Net Income": -3
    },
    "2013-03-31": {
        "Diluted EPS": -0.88,
        "Total Revenue": 12,
        "Gross Profit": 0,
        "Operating Income": -2,
        "EBIT": -8,
        "Net Income": -3
    },
    "2012-12-31": {
        "Diluted EPS": 0.0,
        "Total Revenue": NaN,
        "Gross Profit": NaN,
        "Operating Income": NaN,
        "EBIT": NaN,
        "Net Income": NaN
    },
    "2012-09-30": {
        "Diluted EPS": -0.72,
        "Total Revenue": 14,
        "Gross Profit": 0,
        "Operating Income": -2,
        "EBIT": 4,
        "Net Income": -2
    },
    "2012-06-30": {
        "Diluted EPS": -0.56,
        "Total Revenue": 15,
        "Gross Profit": 0,
        "Operating Income": -2,
        "EBIT": 0,
        "Net Income": -2
    },
    "2012-03-31": {
        "Diluted EPS": -0.72,
        "Total Revenue": 14,
        "Gross Profit": 0,
        "Operating Income": -2,
        "EBIT": -7,
        "Net Income": -2
    },
    "2011-12-31": {
        "Diluted EPS": 0.0,
        "Total Revenue": NaN,
        "Gross Profit": NaN,
        "Operating Income": NaN,
        "EBIT": NaN,
        "Net Income": NaN
    },
    "2011-09-30": {
        "Diluted EPS": -0.24,
        "Total Revenue": 18,
        "Gross Profit": 2,
        "Operating Income": -1,
        "EBIT": 4,
        "Net Income": -1
    },
    "2011-06-30": {
        "Diluted EPS": 0.28,
        "Total Revenue": 21,
        "Gross Profit": 3,
        "Operating Income": 2,
        "EBIT": 3,
        "Net Income": 1
    },
    "2011-03-31": {
        "Diluted EPS": 1.12,
        "Total Revenue": 27,
        "Gross Profit": 7,
        "Operating Income": 4,
        "EBIT": 0,
        "Net Income": 4
    },
    "2010-12-31": {
        "Diluted EPS": 1.16,
        "Total Revenue": 26,
        "Gross Profit": 8,
        "Operating Income": 5,
        "EBIT": 6,
        "Net Income": 4
    },
    "2010-09-30": {
        "Diluted EPS": 0.68,
        "Total Revenue": 19,
        "Gross Profit": 6,
        "Operating Income": 3,
        "EBIT": 7,
        "Net Income": 2
    },
    "2010-06-30": {
        "Diluted EPS": -0.12,
        "Total Revenue": 16,
        "Gross Profit": 3,
        "Operating Income": 0,
        "EBIT": 2,
        "Net Income": 0
    },
    "2010-03-31": {
        "Diluted EPS": 0.0,
        "Total Revenue": 13,
        "Gross Profit": 2,
        "Operating Income": 0,
        "EBIT": -4,
        "Net Income": 0
    },
    "2009-12-31": {
        "Diluted EPS": 0.04,
        "Total Revenue": 12,
        "Gross Profit": 1,
        "Operating Income": 0,
        "EBIT": 1,
        "Net Income": 0
    },
    "2009-09-30": {
        "Diluted EPS": 0.08,
        "Total Revenue": 13,
        "Gross Profit": 1,
        "Operating Income": 0,
        "EBIT": 4,
        "Net Income": 0
    },
    "2009-06-30": {
        "Diluted EPS": -0.32,
        "Total Revenue": 11,
        "Gross Profit": 1,
        "Operating Income": 0,
        "EBIT": 1,
        "Net Income": -1
    },
    "2009-03-31": {
        "Diluted EPS": -0.64,
        "Total Revenue": 11,
        "Gross Profit": 0,
        "Operating Income": -2,
        "EBIT": -5,
        "Net Income": -2
    }
}