{
    "2023-03-31": {
        "Tax Effect Of Unusual Items": NaN,
        "Tax Rate For Calcs": NaN,
        "Normalized EBITDA": NaN,
        "Total Unusual Items": NaN,
        "Total Unusual Items Excluding Goodwill": NaN,
        "Net Income From Continuing Operation Net Minority Interest": NaN,
        "Reconciled Depreciation": NaN,
        "Reconciled Cost Of Revenue": NaN,
        "EBITDA": NaN,
        "EBIT": NaN,
        "Net Interest Income": NaN,
        "Interest Expense": NaN,
        "Normalized Income": NaN,
        "Net Income From Continuing And Discontinued Operation": NaN,
        "Total Expenses": NaN,
        "Total Operating Income As Reported": NaN,
        "Diluted Average Shares": NaN,
        "Basic Average Shares": NaN,
        "Diluted EPS": NaN,
        "Basic EPS": NaN,
        "Diluted NI Availto Com Stockholders": NaN,
        "Net Income Common Stockholders": NaN,
        "Otherunder Preferred Stock Dividend": NaN,
        "Net Income": NaN,
        "Minority Interests": NaN,
        "Net Income Including Noncontrolling Interests": NaN,
        "Net Income Continuous Operations": NaN,
        "Tax Provision": NaN,
        "Pretax Income": NaN,
        "Other Income Expense": NaN,
        "Other Non Operating Income Expenses": NaN,
        "Special Income Charges": NaN,
        "Impairment Of Capital Assets": NaN,
        "Net Non Operating Interest Income Expense": NaN,
        "Interest Expense Non Operating": NaN,
        "Operating Income": NaN,
        "Operating Expense": NaN,
        "Depreciation Amortization Depletion Income Statement": 1341000.0,
        "Depreciation And Amortization In Income Statement": 1341000.0,
        "Amortization": 1341000.0,
        "Amortization Of Intangibles Income Statement": 1341000.0,
        "Research And Development": NaN,
        "Selling General And Administration": NaN,
        "Selling And Marketing Expense": NaN,
        "General And Administrative Expense": NaN,
        "Other Gand A": NaN,
        "Gross Profit": NaN,
        "Cost Of Revenue": NaN,
        "Total Revenue": NaN,
        "Operating Revenue": NaN
    },
    "2022-12-31": {
        "Tax Effect Of Unusual Items": NaN,
        "Tax Rate For Calcs": NaN,
        "Normalized EBITDA": NaN,
        "Total Unusual Items": NaN,
        "Total Unusual Items Excluding Goodwill": NaN,
        "Net Income From Continuing Operation Net Minority Interest": NaN,
        "Reconciled Depreciation": NaN,
        "Reconciled Cost Of Revenue": NaN,
        "EBITDA": NaN,
        "EBIT": NaN,
        "Net Interest Income": NaN,
        "Interest Expense": NaN,
        "Normalized Income": NaN,
        "Net Income From Continuing And Discontinued Operation": NaN,
        "Total Expenses": NaN,
        "Total Operating Income As Reported": NaN,
        "Diluted Average Shares": NaN,
        "Basic Average Shares": NaN,
        "Diluted EPS": NaN,
        "Basic EPS": NaN,
        "Diluted NI Availto Com Stockholders": NaN,
        "Net Income Common Stockholders": NaN,
        "Otherunder Preferred Stock Dividend": NaN,
        "Net Income": NaN,
        "Minority Interests": NaN,
        "Net Income Including Noncontrolling Interests": NaN,
        "Net Income Continuous Operations": NaN,
        "Tax Provision": NaN,
        "Pretax Income": NaN,
        "Other Income Expense": NaN,
        "Other Non Operating Income Expenses": NaN,
        "Special Income Charges": NaN,
        "Impairment Of Capital Assets": NaN,
        "Net Non Operating Interest Income Expense": NaN,
        "Interest Expense Non Operating": NaN,
        "Operating Income": NaN,
        "Operating Expense": NaN,
        "Depreciation Amortization Depletion Income Statement": 1341000.0,
        "Depreciation And Amortization In Income Statement": 1341000.0,
        "Amortization": 1341000.0,
        "Amortization Of Intangibles Income Statement": 1341000.0,
        "Research And Development": NaN,
        "Selling General And Administration": NaN,
        "Selling And Marketing Expense": NaN,
        "General And Administrative Expense": NaN,
        "Other Gand A": NaN,
        "Gross Profit": NaN,
        "Cost Of Revenue": NaN,
        "Total Revenue": NaN,
        "Operating Revenue": NaN
    },
    "2022-09-30": {
        "Tax Effect Of Unusual Items": NaN,
        "Tax Rate For Calcs": NaN,
        "Normalized EBITDA": NaN,
        "Total Unusual Items": 0.0,
        "Total Unusual Items Excluding Goodwill": 0.0,
        "Net Income From Continuing Operation Net Minority Interest": NaN,
        "Reconciled Depreciation": NaN,
        "Reconciled Cost Of Revenue": NaN,
        "EBITDA": NaN,
        "EBIT": NaN,
        "Net Interest Income": NaN,
        "Interest Expense": NaN,
        "Normalized Income": NaN,
        "Net Income From Continuing And Discontinued Operation": NaN,
        "Total Expenses": NaN,
        "Total Operating Income As Reported": NaN,
        "Diluted Average Shares": NaN,
        "Basic Average Shares": NaN,
        "Diluted EPS": NaN,
        "Basic EPS": NaN,
        "Diluted NI Availto Com Stockholders": NaN,
        "Net Income Common Stockholders": NaN,
        "Otherunder Preferred Stock Dividend": NaN,
        "Net Income": NaN,
        "Minority Interests": NaN,
        "Net Income Including Noncontrolling Interests": NaN,
        "Net Income Continuous Operations": NaN,
        "Tax Provision": NaN,
        "Pretax Income": NaN,
        "Other Income Expense": NaN,
        "Other Non Operating Income Expenses": NaN,
        "Special Income Charges": 0.0,
        "Impairment Of Capital Assets": 0.0,
        "Net Non Operating Interest Income Expense": NaN,
        "Interest Expense Non Operating": NaN,
        "Operating Income": NaN,
        "Operating Expense": NaN,
        "Depreciation Amortization Depletion Income Statement": 1341000.0,
        "Depreciation And Amortization In Income Statement": 1341000.0,
        "Amortization": 1341000.0,
        "Amortization Of Intangibles Income Statement": 1341000.0,
        "Research And Development": NaN,
        "Selling General And Administration": NaN,
        "Selling And Marketing Expense": NaN,
        "General And Administrative Expense": NaN,
        "Other Gand A": NaN,
        "Gross Profit": NaN,
        "Cost Of Revenue": NaN,
        "Total Revenue": NaN,
        "Operating Revenue": NaN
    },
    "2022-06-30": {
        "Tax Effect Of Unusual Items": 0.0,
        "Tax Rate For Calcs": 0.4,
        "Normalized EBITDA": 3692000.0,
        "Net Income From Continuing Operation Net Minority Interest": -12426000.0,
        "Reconciled Depreciation": 107126000.0,
        "Reconciled Cost Of Revenue": 389248000.0,
        "EBITDA": 3692000.0,
        "EBIT": -103434000.0,
        "Net Interest Income": -103045000.0,
        "Interest Expense": 103045000.0,
        "Normalized Income": -12426000.0,
        "Net Income From Continuing And Discontinued Operation": -12426000.0,
        "Total Expenses": 739887000.0,
        "Total Operating Income As Reported": -155307000.0,
        "Diluted Average Shares": 211128000.0,
        "Basic Average Shares": 211128000.0,
        "Diluted EPS": -0.06,
        "Basic EPS": -0.06,
        "Diluted NI Availto Com Stockholders": -12426000.0,
        "Net Income Common Stockholders": -12426000.0,
        "Otherunder Preferred Stock Dividend": NaN,
        "Net Income": -12426000.0,
        "Minority Interests": 197330000.0,
        "Net Income Including Noncontrolling Interests": -209756000.0,
        "Net Income Continuous Operations": -209756000.0,
        "Tax Provision": 3277000.0,
        "Pretax Income": -206479000.0,
        "Other Income Expense": 51873000.0,
        "Other Non Operating Income Expenses": 51873000.0,
        "Net Non Operating Interest Income Expense": -103045000.0,
        "Interest Expense Non Operating": 103045000.0,
        "Operating Income": -155307000.0,
        "Operating Expense": 244854000.0,
        "Depreciation Amortization Depletion Income Statement": 1341000.0,
        "Depreciation And Amortization In Income Statement": 1341000.0,
        "Amortization": 1341000.0,
        "Amortization Of Intangibles Income Statement": 1341000.0,
        "Research And Development": 6139000.0,
        "Selling General And Administration": 237374000.0,
        "Selling And Marketing Expense": 187428000.0,
        "General And Administrative Expense": 49946000.0,
        "Other Gand A": 49946000.0,
        "Gross Profit": 89547000.0,
        "Cost Of Revenue": 495033000.0,
        "Total Revenue": 584580000.0,
        "Operating Revenue": 584580000.0
    },
    "2023-06-30": {
        "Tax Effect Of Unusual Items": 0.0,
        "Tax Rate For Calcs": 0.21,
        "Normalized EBITDA": -38086000.0,
        "Total Unusual Items": NaN,
        "Total Unusual Items Excluding Goodwill": NaN,
        "Net Income From Continuing Operation Net Minority Interest": 55474000.0,
        "Reconciled Depreciation": 126784000.0,
        "Reconciled Cost Of Revenue": 539225000.0,
        "EBITDA": -38086000.0,
        "EBIT": -164870000.0,
        "Net Interest Income": -157177000.0,
        "Interest Expense": 157177000.0,
        "Normalized Income": 55474000.0,
        "Net Income From Continuing And Discontinued Operation": 55474000.0,
        "Total Expenses": 796134000.0,
        "Total Operating Income As Reported": -205941000.0,
        "Diluted Average Shares": 221849000.0,
        "Basic Average Shares": 216017000.0,
        "Diluted EPS": 0.25,
        "Basic EPS": 0.26,
        "Diluted NI Availto Com Stockholders": 56008000.0,
        "Net Income Common Stockholders": 56008000.0,
        "Otherunder Preferred Stock Dividend": -534000.0,
        "Net Income": 55474000.0,
        "Minority Interests": 396198000.0,
        "Net Income Including Noncontrolling Interests": -340724000.0,
        "Net Income Continuous Operations": -340724000.0,
        "Tax Provision": 18677000.0,
        "Pretax Income": -322047000.0,
        "Other Income Expense": 41071000.0,
        "Other Non Operating Income Expenses": 41071000.0,
        "Special Income Charges": NaN,
        "Impairment Of Capital Assets": NaN,
        "Net Non Operating Interest Income Expense": -157177000.0,
        "Interest Expense Non Operating": 157177000.0,
        "Operating Income": -205941000.0,
        "Operating Expense": 256909000.0,
        "Depreciation Amortization Depletion Income Statement": 1110000.0,
        "Depreciation And Amortization In Income Statement": 1110000.0,
        "Amortization": 1110000.0,
        "Amortization Of Intangibles Income Statement": 1110000.0,
        "Research And Development": 4557000.0,
        "Selling General And Administration": 252352000.0,
        "Selling And Marketing Expense": 194876000.0,
        "General And Administrative Expense": 57476000.0,
        "Other Gand A": 57476000.0,
        "Gross Profit": 50968000.0,
        "Cost Of Revenue": 539225000.0,
        "Total Revenue": 590193000.0,
        "Operating Revenue": 590193000.0
    },
    "2022-03-31": {
        "Diluted EPS": -0.42,
        "Total Revenue": 496,
        "Gross Profit": 44,
        "Operating Income": -181,
        "EBIT": -75,
        "Net Income": -88
    },
    "2021-12-31": {
        "Diluted EPS": -0.18,
        "Total Revenue": 435,
        "Gross Profit": 40,
        "Operating Income": -208,
        "EBIT": -106,
        "Net Income": -39
    },
    "2021-09-30": {
        "Diluted EPS": 0.11,
        "Total Revenue": 439,
        "Gross Profit": 92,
        "Operating Income": -138,
        "EBIT": -39,
        "Net Income": 24
    },
    "2021-06-30": {
        "Diluted EPS": -0.2,
        "Total Revenue": 401,
        "Gross Profit": 72,
        "Operating Income": -142,
        "EBIT": -47,
        "Net Income": -41
    },
    "2021-03-31": {
        "Diluted EPS": -0.12,
        "Total Revenue": 335,
        "Gross Profit": 40,
        "Operating Income": -179,
        "EBIT": -87,
        "Net Income": -24
    },
    "2020-12-31": {
        "Diluted EPS": -1.18,
        "Total Revenue": 320,
        "Gross Profit": 47,
        "Operating Income": -256,
        "EBIT": -170,
        "Net Income": -169
    },
    "2020-09-30": {
        "Diluted EPS": 0.28,
        "Total Revenue": 210,
        "Gross Profit": 57,
        "Operating Income": -62,
        "EBIT": -9,
        "Net Income": 37
    },
    "2020-06-30": {
        "Diluted EPS": -0.11,
        "Total Revenue": 181,
        "Gross Profit": 34,
        "Operating Income": -83,
        "EBIT": -31,
        "Net Income": -14
    },
    "2020-03-31": {
        "Diluted EPS": -0.23,
        "Total Revenue": 211,
        "Gross Profit": 41,
        "Operating Income": -63,
        "EBIT": -12,
        "Net Income": -28
    },
    "2019-12-31": {
        "Diluted EPS": 0.11,
        "Total Revenue": 244,
        "Gross Profit": 62,
        "Operating Income": -48,
        "EBIT": 0,
        "Net Income": 13
    },
    "2019-09-30": {
        "Diluted EPS": 0.23,
        "Total Revenue": 216,
        "Gross Profit": 56,
        "Operating Income": -60,
        "EBIT": -11,
        "Net Income": 29
    },
    "2019-06-30": {
        "Diluted EPS": -0.01,
        "Total Revenue": 205,
        "Gross Profit": 48,
        "Operating Income": -63,
        "EBIT": -17,
        "Net Income": -1
    },
    "2019-03-31": {
        "Diluted EPS": -0.12,
        "Total Revenue": 195,
        "Gross Profit": 47,
        "Operating Income": -44,
        "EBIT": -1,
        "Net Income": -14
    },
    "2018-12-31": {
        "Diluted EPS": -0.06,
        "Total Revenue": 240,
        "Gross Profit": 86,
        "Operating Income": -7,
        "EBIT": 36,
        "Net Income": -6
    },
    "2018-09-30": {
        "Diluted EPS": -0.02,
        "Total Revenue": 205,
        "Gross Profit": 66,
        "Operating Income": -24,
        "EBIT": 16,
        "Net Income": -3
    },
    "2018-06-30": {
        "Diluted EPS": 0.06,
        "Total Revenue": 171,
        "Gross Profit": 49,
        "Operating Income": -35,
        "EBIT": 3,
        "Net Income": 7
    },
    "2018-03-31": {
        "Diluted EPS": 0.25,
        "Total Revenue": 144,
        "Gross Profit": 25,
        "Operating Income": -57,
        "EBIT": -21,
        "Net Income": 28
    },
    "2017-12-31": {
        "Diluted EPS": 0.64,
        "Total Revenue": 152,
        "Gross Profit": 27,
        "Operating Income": -47,
        "EBIT": -12,
        "Net Income": 69
    },
    "2017-09-30": {
        "Diluted EPS": 0.26,
        "Total Revenue": 145,
        "Gross Profit": 28,
        "Operating Income": -45,
        "EBIT": -13,
        "Net Income": 28
    },
    "2017-06-30": {
        "Diluted EPS": 0.17,
        "Total Revenue": 131,
        "Gross Profit": 24,
        "Operating Income": -41,
        "EBIT": -9,
        "Net Income": 18
    },
    "2017-03-31": {
        "Diluted EPS": 0.09,
        "Total Revenue": 105,
        "Gross Profit": 13,
        "Operating Income": -49,
        "EBIT": -19,
        "Net Income": 10
    },
    "2016-12-31": {
        "Diluted EPS": 0.12,
        "Total Revenue": 144,
        "Gross Profit": 44,
        "Operating Income": -26,
        "EBIT": -1,
        "Net Income": 12
    },
    "2016-09-30": {
        "Diluted EPS": 0.16,
        "Total Revenue": 112,
        "Gross Profit": 14,
        "Operating Income": -51,
        "EBIT": -24,
        "Net Income": 17
    },
    "2016-06-30": {
        "Diluted EPS": 0.31,
        "Total Revenue": 123,
        "Gross Profit": 22,
        "Operating Income": -48,
        "EBIT": -23,
        "Net Income": 33
    },
    "2016-03-31": {
        "Diluted EPS": 0.13,
        "Total Revenue": 99,
        "Gross Profit": 3,
        "Operating Income": -67,
        "EBIT": -45,
        "Net Income": 13
    },
    "2015-12-31": {
        "Diluted EPS": 0.19,
        "Total Revenue": 100,
        "Gross Profit": 3,
        "Operating Income": -65,
        "EBIT": -45,
        "Net Income": -7
    },
    "2015-09-30": {
        "Diluted EPS": -0.41,
        "Total Revenue": 83,
        "Gross Profit": 7,
        "Operating Income": -63,
        "EBIT": -44,
        "Net Income": -28
    },
    "2015-06-30": {
        "Diluted EPS": 0.0,
        "Total Revenue": 73,
        "Gross Profit": 11,
        "Operating Income": -46,
        "EBIT": -29,
        "Net Income": 0
    },
    "2015-03-31": {
        "Diluted EPS": -0.74,
        "Total Revenue": 50,
        "Gross Profit": 3,
        "Operating Income": -45,
        "EBIT": -30,
        "Net Income": -18
    },
    "2014-12-31": {
        "Diluted EPS": 0.0,
        "Total Revenue": NaN,
        "Gross Profit": NaN,
        "Operating Income": NaN,
        "EBIT": NaN,
        "Net Income": NaN
    },
    "2014-09-30": {
        "Diluted EPS": -0.64,
        "Total Revenue": 56,
        "Gross Profit": 7,
        "Operating Income": -37,
        "EBIT": -24,
        "Net Income": -15
    },
    "2014-06-30": {
        "Diluted EPS": -0.72,
        "Total Revenue": 52,
        "Gross Profit": 9,
        "Operating Income": -31,
        "EBIT": -31,
        "Net Income": -17
    },
    "2013-12-31": {
        "Diluted EPS": 0.0,
        "Total Revenue": NaN,
        "Gross Profit": NaN,
        "Operating Income": NaN,
        "EBIT": NaN,
        "Net Income": NaN
    },
    "2023-09-30": {
        "Tax Effect Of Unusual Items": -243180000.0,
        "Tax Rate For Calcs": 0.21,
        "Normalized EBITDA": 26952000.0,
        "Total Unusual Items": -1158000000.0,
        "Total Unusual Items Excluding Goodwill": -1158000000.0,
        "Net Income From Continuing Operation Net Minority Interest": -1069459000.0,
        "Reconciled Depreciation": 138756000.0,
        "Reconciled Cost Of Revenue": 384062000.0,
        "EBITDA": -1131048000.0,
        "EBIT": -1269804000.0,
        "Net Interest Income": -171288000.0,
        "Interest Expense": 171288000.0,
        "Normalized Income": -154639000.0,
        "Net Income From Continuing And Discontinued Operation": -1069459000.0,
        "Total Expenses": 752658000.0,
        "Total Operating Income As Reported": -1347477000.0,
        "Diluted Average Shares": 217344000.0,
        "Basic Average Shares": 217344000.0,
        "Diluted EPS": -4.92,
        "Basic EPS": -4.92,
        "Diluted NI Availto Com Stockholders": -1069459000.0,
        "Net Income Common Stockholders": -1069459000.0,
        "Otherunder Preferred Stock Dividend": NaN,
        "Net Income": -1069459000.0,
        "Minority Interests": 401479000.0,
        "Net Income Including Noncontrolling Interests": -1470938000.0,
        "Net Income Continuous Operations": -1470938000.0,
        "Tax Provision": 29846000.0,
        "Pretax Income": -1441092000.0,
        "Other Income Expense": -1080327000.0,
        "Other Non Operating Income Expenses": 77673000.0,
        "Special Income Charges": -1158000000.0,
        "Impairment Of Capital Assets": 1158000000.0,
        "Net Non Operating Interest Income Expense": -171288000.0,
        "Interest Expense Non Operating": 171288000.0,
        "Operating Income": -189477000.0,
        "Operating Expense": 234642000.0,
        "Depreciation Amortization Depletion Income Statement": 4802000.0,
        "Depreciation And Amortization In Income Statement": 4802000.0,
        "Amortization": 4802000.0,
        "Amortization Of Intangibles Income Statement": 4802000.0,
        "Research And Development": 5039000.0,
        "Selling General And Administration": 224801000.0,
        "Selling And Marketing Expense": 176349000.0,
        "General And Administrative Expense": 48452000.0,
        "Other Gand A": 48452000.0,
        "Gross Profit": 45165000.0,
        "Cost Of Revenue": 518016000.0,
        "Total Revenue": 563181000.0,
        "Operating Revenue": 563181000.0
    },
    "2023-12-31": {
        "Tax Effect Of Unusual Items": 0.0,
        "Tax Rate For Calcs": 0.00297,
        "Normalized EBITDA": -212151000.0,
        "Total Unusual Items": 0.0,
        "Total Unusual Items Excluding Goodwill": 0.0,
        "Net Income From Continuing Operation Net Minority Interest": -350124000.0,
        "Reconciled Depreciation": 143024000.0,
        "Reconciled Cost Of Revenue": 482588000.0,
        "EBITDA": -212151000.0,
        "EBIT": -355175000.0,
        "Net Interest Income": -181826000.0,
        "Interest Expense": 181826000.0,
        "Normalized Income": -350124000.0,
        "Net Income From Continuing And Discontinued Operation": -350124000.0,
        "Total Expenses": 714121000.0,
        "Total Operating Income As Reported": -197531000.0,
        "Diluted Average Shares": 218461000.0,
        "Basic Average Shares": 218461000.0,
        "Diluted EPS": -1.6,
        "Basic EPS": -1.6,
        "Diluted NI Availto Com Stockholders": -350124000.0,
        "Net Income Common Stockholders": -350124000.0,
        "Otherunder Preferred Stock Dividend": NaN,
        "Net Income": -350124000.0,
        "Minority Interests": 185282000.0,
        "Net Income Including Noncontrolling Interests": -535406000.0,
        "Net Income Continuous Operations": -535406000.0,
        "Tax Provision": -1595000.0,
        "Pretax Income": -537001000.0,
        "Other Income Expense": -157644000.0,
        "Other Non Operating Income Expenses": -157644000.0,
        "Special Income Charges": 0.0,
        "Impairment Of Capital Assets": 0.0,
        "Net Non Operating Interest Income Expense": -181826000.0,
        "Interest Expense Non Operating": 181826000.0,
        "Operating Income": -197531000.0,
        "Operating Expense": 231533000.0,
        "Depreciation Amortization Depletion Income Statement": NaN,
        "Depreciation And Amortization In Income Statement": NaN,
        "Amortization": NaN,
        "Amortization Of Intangibles Income Statement": NaN,
        "Research And Development": 7663000.0,
        "Selling General And Administration": 231123000.0,
        "Selling And Marketing Expense": 166760000.0,
        "General And Administrative Expense": 64363000.0,
        "Other Gand A": 64363000.0,
        "Gross Profit": 34002000.0,
        "Cost Of Revenue": 482588000.0,
        "Total Revenue": 516590000.0,
        "Operating Revenue": 516590000.0
    },
    "2024-03-31": {
        "Tax Effect Of Unusual Items": 0.0,
        "Tax Rate For Calcs": 0.008,
        "Normalized EBITDA": 57328000.0,
        "Total Unusual Items": NaN,
        "Total Unusual Items Excluding Goodwill": NaN,
        "Net Income From Continuing Operation Net Minority Interest": -87818000.0,
        "Reconciled Depreciation": 150520000.0,
        "Reconciled Cost Of Revenue": 425693000.0,
        "EBITDA": 57328000.0,
        "EBIT": -93192000.0,
        "Net Interest Income": -192159000.0,
        "Interest Expense": 192159000.0,
        "Normalized Income": -87818000.0,
        "Net Income From Continuing And Discontinued Operation": -87818000.0,
        "Total Expenses": 641310000.0,
        "Total Operating Income As Reported": -183122000.0,
        "Diluted Average Shares": 219882000.0,
        "Basic Average Shares": 219882000.0,
        "Diluted EPS": -0.4,
        "Basic EPS": -0.4,
        "Diluted NI Availto Com Stockholders": -87818000.0,
        "Net Income Common Stockholders": -87818000.0,
        "Otherunder Preferred Stock Dividend": NaN,
        "Net Income": -87818000.0,
        "Minority Interests": 195332000.0,
        "Net Income Including Noncontrolling Interests": -283150000.0,
        "Net Income Continuous Operations": -283150000.0,
        "Tax Provision": -2201000.0,
        "Pretax Income": -285351000.0,
        "Other Income Expense": 89930000.0,
        "Other Non Operating Income Expenses": 89930000.0,
        "Special Income Charges": NaN,
        "Impairment Of Capital Assets": NaN,
        "Net Non Operating Interest Income Expense": -192159000.0,
        "Interest Expense Non Operating": 192159000.0,
        "Operating Income": -183122000.0,
        "Operating Expense": 215617000.0,
        "Depreciation Amortization Depletion Income Statement": NaN,
        "Depreciation And Amortization In Income Statement": NaN,
        "Amortization": NaN,
        "Amortization Of Intangibles Income Statement": NaN,
        "Research And Development": 12087000.0,
        "Selling General And Administration": 203530000.0,
        "Selling And Marketing Expense": 152264000.0,
        "General And Administrative Expense": 51266000.0,
        "Other Gand A": 51266000.0,
        "Gross Profit": 32495000.0,
        "Cost Of Revenue": 425693000.0,
        "Total Revenue": 458188000.0,
        "Operating Revenue": 458188000.0
    },
    "2024-06-30": {
        "Tax Effect Of Unusual Items": 0.0,
        "Tax Rate For Calcs": 0.04,
        "Normalized EBITDA": 88815000.0,
        "Total Unusual Items": NaN,
        "Total Unusual Items Excluding Goodwill": NaN,
        "Net Income From Continuing Operation Net Minority Interest": 139074000.0,
        "Reconciled Depreciation": 152485000.0,
        "Reconciled Cost Of Revenue": 428785000.0,
        "EBITDA": 88815000.0,
        "EBIT": -63670000.0,
        "Net Interest Income": -207207000.0,
        "Interest Expense": 207207000.0,
        "Normalized Income": 139074000.0,
        "Net Income From Continuing And Discontinued Operation": 139074000.0,
        "Total Expenses": 651914000.0,
        "Total Operating Income As Reported": -128048000.0,
        "Diluted Average Shares": 255107000.0,
        "Basic Average Shares": 222474000.0,
        "Diluted EPS": 0.55,
        "Basic EPS": 0.63,
        "Diluted NI Availto Com Stockholders": 139957000.0,
        "Net Income Common Stockholders": 139957000.0,
        "Otherunder Preferred Stock Dividend": -883000.0,
        "Net Income": 139074000.0,
        "Minority Interests": 399002000.0,
        "Net Income Including Noncontrolling Interests": -259928000.0,
        "Net Income Continuous Operations": -259928000.0,
        "Tax Provision": -10949000.0,
        "Pretax Income": -270877000.0,
        "Other Income Expense": 64378000.0,
        "Other Non Operating Income Expenses": 64378000.0,
        "Special Income Charges": NaN,
        "Impairment Of Capital Assets": NaN,
        "Net Non Operating Interest Income Expense": -207207000.0,
        "Interest Expense Non Operating": 207207000.0,
        "Operating Income": -128048000.0,
        "Operating Expense": 223129000.0,
        "Depreciation Amortization Depletion Income Statement": NaN,
        "Depreciation And Amortization In Income Statement": NaN,
        "Amortization": NaN,
        "Amortization Of Intangibles Income Statement": NaN,
        "Research And Development": 10243000.0,
        "Selling General And Administration": 212886000.0,
        "Selling And Marketing Expense": 151657000.0,
        "General And Administrative Expense": 61229000.0,
        "Other Gand A": 61229000.0,
        "Gross Profit": 95081000.0,
        "Cost Of Revenue": 428785000.0,
        "Total Revenue": 523866000.0,
        "Operating Revenue": 523866000.0
    }
}