{
    "2023-06-30": {
        "Tax Effect Of Unusual Items": 60515.0,
        "Tax Rate For Calcs": 0.245,
        "Normalized EBITDA": 197026000.0,
        "Total Unusual Items": 247000.0,
        "Total Unusual Items Excluding Goodwill": 247000.0,
        "Net Income From Continuing Operation Net Minority Interest": 98275000.0,
        "Reconciled Depreciation": 54661000.0,
        "Reconciled Cost Of Revenue": 1549088000.0,
        "EBITDA": 197273000.0,
        "EBIT": 142612000.0,
        "Net Interest Income": -12238000.0,
        "Interest Expense": NaN,
        "Normalized Income": 98088515.0,
        "Net Income From Continuing And Discontinued Operation": 98275000.0,
        "Total Expenses": 1860440000.0,
        "Rent Expense Supplemental": 61514000.0,
        "Total Operating Income As Reported": 142859000.0,
        "Diluted Average Shares": 84156000.0,
        "Basic Average Shares": 81690000.0,
        "Diluted EPS": 1.166667,
        "Basic EPS": 1.2,
        "Diluted NI Availto Com Stockholders": 98275000.0,
        "Net Income Common Stockholders": 98275000.0,
        "Net Income": 98275000.0,
        "Minority Interests": -249000.0,
        "Net Income Including Noncontrolling Interests": 98524000.0,
        "Net Income Continuous Operations": 98524000.0,
        "Tax Provision": 32001000.0,
        "Pretax Income": 130525000.0,
        "Other Income Expense": 151000.0,
        "Other Non Operating Income Expenses": -96000.0,
        "Special Income Charges": 247000.0,
        "Gain On Sale Of Ppe": 247000.0,
        "Net Non Operating Interest Income Expense": -12238000.0,
        "Total Other Finance Cost": 12238000.0,
        "Interest Expense Non Operating": NaN,
        "Operating Income": 142612000.0,
        "Operating Expense": 271236000.0,
        "Depreciation Amortization Depletion Income Statement": 14545000.0,
        "Depreciation And Amortization In Income Statement": 14545000.0,
        "Selling General And Administration": 256691000.0,
        "Gross Profit": 413848000.0,
        "Cost Of Revenue": 1589204000.0,
        "Total Revenue": 2003052000.0,
        "Operating Revenue": 1996662000.0
    },
    "2023-03-31": {
        "Tax Effect Of Unusual Items": 30702.0,
        "Tax Rate For Calcs": 0.238,
        "Normalized EBITDA": 183890000.0,
        "Total Unusual Items": 129000.0,
        "Total Unusual Items Excluding Goodwill": 129000.0,
        "Net Income From Continuing Operation Net Minority Interest": 90455000.0,
        "Reconciled Depreciation": 53896000.0,
        "Reconciled Cost Of Revenue": 1473416000.0,
        "EBITDA": 184019000.0,
        "EBIT": 130123000.0,
        "Net Interest Income": -10983000.0,
        "Interest Expense": 10983000.0,
        "Normalized Income": 90356702.0,
        "Net Income From Continuing And Discontinued Operation": 90455000.0,
        "Total Expenses": 1784120000.0,
        "Rent Expense Supplemental": 60478000.0,
        "Total Operating Income As Reported": 127776000.0,
        "Diluted Average Shares": 84846000.0,
        "Basic Average Shares": 82150500.0,
        "Diluted EPS": 1.066667,
        "Basic EPS": 1.1,
        "Diluted NI Availto Com Stockholders": 90455000.0,
        "Net Income Common Stockholders": 90455000.0,
        "Net Income": 90455000.0,
        "Minority Interests": -335000.0,
        "Net Income Including Noncontrolling Interests": 90790000.0,
        "Net Income Continuous Operations": 90790000.0,
        "Tax Provision": 28350000.0,
        "Pretax Income": 119140000.0,
        "Other Income Expense": 2476000.0,
        "Other Non Operating Income Expenses": 2347000.0,
        "Special Income Charges": 129000.0,
        "Gain On Sale Of Ppe": 129000.0,
        "Net Non Operating Interest Income Expense": -10983000.0,
        "Total Other Finance Cost": NaN,
        "Interest Expense Non Operating": 10983000.0,
        "Operating Income": 127647000.0,
        "Operating Expense": 271122000.0,
        "Depreciation Amortization Depletion Income Statement": 14314000.0,
        "Depreciation And Amortization In Income Statement": 14314000.0,
        "Selling General And Administration": 256808000.0,
        "Gross Profit": 398769000.0,
        "Cost Of Revenue": 1512998000.0,
        "Total Revenue": 1911767000.0,
        "Operating Revenue": 1903188000.0
    },
    "2022-12-31": {
        "Tax Effect Of Unusual Items": 5138.045038,
        "Tax Rate For Calcs": 0.233548,
        "Normalized EBITDA": 189999000.0,
        "Total Unusual Items": 22000.0,
        "Total Unusual Items Excluding Goodwill": 22000.0,
        "Net Income From Continuing Operation Net Minority Interest": 98326000.0,
        "Reconciled Depreciation": 52672000.0,
        "Reconciled Cost Of Revenue": 1458284000.0,
        "EBITDA": 190021000.0,
        "EBIT": 137349000.0,
        "Net Interest Income": -8462000.0,
        "Interest Expense": 9101000.0,
        "Normalized Income": 98309138.045038,
        "Net Income From Continuing And Discontinued Operation": 98326000.0,
        "Total Expenses": 1746409000.0,
        "Rent Expense Supplemental": 59426000.0,
        "Total Operating Income As Reported": 136554000.0,
        "Diluted Average Shares": 84781500.0,
        "Basic Average Shares": 82207500.0,
        "Diluted EPS": 1.16,
        "Basic EPS": 1.193333,
        "Diluted NI Availto Com Stockholders": 98326000.0,
        "Net Income Common Stockholders": 98326000.0,
        "Net Income": 98326000.0,
        "Minority Interests": 30000.0,
        "Net Income Including Noncontrolling Interests": 98296000.0,
        "Net Income Continuous Operations": 98296000.0,
        "Tax Provision": 29952000.0,
        "Pretax Income": 128248000.0,
        "Other Income Expense": 178000.0,
        "Other Non Operating Income Expenses": 156000.0,
        "Special Income Charges": 22000.0,
        "Gain On Sale Of Ppe": 22000.0,
        "Net Non Operating Interest Income Expense": -8462000.0,
        "Total Other Finance Cost": NaN,
        "Interest Expense Non Operating": 9101000.0,
        "Operating Income": 136532000.0,
        "Operating Expense": 249573000.0,
        "Depreciation Amortization Depletion Income Statement": 14120000.0,
        "Depreciation And Amortization In Income Statement": 14120000.0,
        "Selling General And Administration": 235453000.0,
        "Gross Profit": 386105000.0,
        "Cost Of Revenue": 1496836000.0,
        "Total Revenue": 1882941000.0,
        "Operating Revenue": 1875461000.0
    },
    "2022-09-30": {
        "Tax Effect Of Unusual Items": 547618.406099,
        "Tax Rate For Calcs": 0.247903,
        "Normalized EBITDA": 138574000.0,
        "Total Unusual Items": 2209000.0,
        "Total Unusual Items Excluding Goodwill": 2209000.0,
        "Net Income From Continuing Operation Net Minority Interest": 90376000.0,
        "Reconciled Depreciation": 13961000.0,
        "Reconciled Cost Of Revenue": 1482888000.0,
        "EBITDA": 140783000.0,
        "EBIT": 126822000.0,
        "Net Interest Income": -6275000.0,
        "Interest Expense": 6275000.0,
        "Normalized Income": 88714618.406099,
        "Net Income From Continuing And Discontinued Operation": 90376000.0,
        "Total Expenses": 1739458000.0,
        "Rent Expense Supplemental": 58482000.0,
        "Total Operating Income As Reported": 127037000.0,
        "Diluted Average Shares": 85313000.0,
        "Basic Average Shares": 82848000.0,
        "Diluted EPS": 1.06,
        "Basic EPS": 1.09,
        "Diluted NI Availto Com Stockholders": 90376000.0,
        "Net Income Common Stockholders": 90376000.0,
        "Net Income": 90376000.0,
        "Minority Interests": -287000.0,
        "Net Income Including Noncontrolling Interests": 90663000.0,
        "Net Income Continuous Operations": 90663000.0,
        "Tax Provision": 29884000.0,
        "Pretax Income": 120547000.0,
        "Other Income Expense": 1994000.0,
        "Other Non Operating Income Expenses": -215000.0,
        "Special Income Charges": 2209000.0,
        "Gain On Sale Of Ppe": 2209000.0,
        "Net Non Operating Interest Income Expense": -6275000.0,
        "Total Other Finance Cost": 6275000.0,
        "Interest Expense Non Operating": 6275000.0,
        "Operating Income": 124828000.0,
        "Operating Expense": 256570000.0,
        "Depreciation Amortization Depletion Income Statement": 13961000.0,
        "Depreciation And Amortization In Income Statement": 13961000.0,
        "Selling General And Administration": 242609000.0,
        "Gross Profit": 381398000.0,
        "Cost Of Revenue": 1482888000.0,
        "Total Revenue": 1864286000.0,
        "Operating Revenue": 1857658000.0
    },
    "2022-06-30": {
        "Tax Effect Of Unusual Items": 9263.703027,
        "Tax Rate For Calcs": 0.210539,
        "Normalized EBITDA": 148845000.0,
        "Total Unusual Items": 44000.0,
        "Total Unusual Items Excluding Goodwill": 44000.0,
        "Net Income From Continuing Operation Net Minority Interest": 110227000.0,
        "Reconciled Depreciation": 13910000.0,
        "Reconciled Cost Of Revenue": 1417025000.0,
        "EBITDA": 148889000.0,
        "EBIT": 134979000.0,
        "Net Interest Income": -3168000.0,
        "Interest Expense": NaN,
        "Normalized Income": 110192263.703027,
        "Net Income From Continuing And Discontinued Operation": 110227000.0,
        "Total Expenses": 1656262000.0,
        "Rent Expense Supplemental": 55335000.0,
        "Total Operating Income As Reported": 135023000.0,
        "Diluted Average Shares": 85965000.0,
        "Basic Average Shares": 83460000.0,
        "Diluted EPS": 1.28,
        "Basic EPS": 1.32,
        "Diluted NI Availto Com Stockholders": 110227000.0,
        "Net Income Common Stockholders": 110227000.0,
        "Net Income": 110227000.0,
        "Minority Interests": -446000.0,
        "Net Income Including Noncontrolling Interests": 110673000.0,
        "Net Income Continuous Operations": 110673000.0,
        "Tax Provision": 29515000.0,
        "Pretax Income": 140188000.0,
        "Other Income Expense": 8377000.0,
        "Other Non Operating Income Expenses": 8333000.0,
        "Special Income Charges": 44000.0,
        "Gain On Sale Of Ppe": 44000.0,
        "Net Non Operating Interest Income Expense": -3168000.0,
        "Total Other Finance Cost": 3168000.0,
        "Interest Expense Non Operating": NaN,
        "Operating Income": 134979000.0,
        "Operating Expense": 239237000.0,
        "Depreciation Amortization Depletion Income Statement": 13910000.0,
        "Depreciation And Amortization In Income Statement": 13910000.0,
        "Selling General And Administration": 225327000.0,
        "Gross Profit": 374216000.0,
        "Cost Of Revenue": 1417025000.0,
        "Total Revenue": 1791241000.0,
        "Operating Revenue": 1784846000.0
    },
    "2022-03-31": {
        "Diluted EPS": 1.6,
        "Total Revenue": NaN,
        "Gross Profit": 345,
        "Operating Income": 107,
        "EBIT": 153,
        "Net Income": 92
    },
    "2021-12-31": {
        "Diluted EPS": 1.18,
        "Total Revenue": NaN,
        "Gross Profit": 294,
        "Operating Income": 90,
        "EBIT": 133,
        "Net Income": 69
    },
    "2021-09-30": {
        "Diluted EPS": 1.2,
        "Total Revenue": NaN,
        "Gross Profit": 282,
        "Operating Income": 90,
        "EBIT": 132,
        "Net Income": 69
    },
    "2021-06-30": {
        "Diluted EPS": 1.0,
        "Total Revenue": NaN,
        "Gross Profit": 271,
        "Operating Income": 73,
        "EBIT": 115,
        "Net Income": 58
    },
    "2021-03-31": {
        "Diluted EPS": 0.79,
        "Total Revenue": NaN,
        "Gross Profit": 245,
        "Operating Income": 56,
        "EBIT": 99,
        "Net Income": 45
    },
    "2020-12-31": {
        "Diluted EPS": 0.73,
        "Total Revenue": NaN,
        "Gross Profit": 236,
        "Operating Income": 54,
        "EBIT": 97,
        "Net Income": 41
    },
    "2020-09-30": {
        "Diluted EPS": 0.6,
        "Total Revenue": NaN,
        "Gross Profit": 212,
        "Operating Income": 43,
        "EBIT": 87,
        "Net Income": 34
    },
    "2020-06-30": {
        "Diluted EPS": 0.3,
        "Total Revenue": NaN,
        "Gross Profit": 192,
        "Operating Income": 23,
        "EBIT": 68,
        "Net Income": 17
    },
    "2020-03-31": {
        "Diluted EPS": 0.41,
        "Total Revenue": NaN,
        "Gross Profit": 235,
        "Operating Income": 35,
        "EBIT": 80,
        "Net Income": 23
    },
    "2019-12-31": {
        "Diluted EPS": 0.42,
        "Total Revenue": NaN,
        "Gross Profit": 234,
        "Operating Income": 39,
        "EBIT": 85,
        "Net Income": 24
    },
    "2019-09-30": {
        "Diluted EPS": 0.7,
        "Total Revenue": NaN,
        "Gross Profit": 265,
        "Operating Income": 58,
        "EBIT": 103,
        "Net Income": 39
    },
    "2019-06-30": {
        "Diluted EPS": 0.73,
        "Total Revenue": NaN,
        "Gross Profit": 270,
        "Operating Income": 62,
        "EBIT": 105,
        "Net Income": 42
    },
    "2019-03-31": {
        "Diluted EPS": 0.65,
        "Total Revenue": NaN,
        "Gross Profit": 257,
        "Operating Income": 57,
        "EBIT": 99,
        "Net Income": 37
    },
    "2018-12-31": {
        "Diluted EPS": 0.79,
        "Total Revenue": NaN,
        "Gross Profit": 259,
        "Operating Income": 68,
        "EBIT": 111,
        "Net Income": 47
    },
    "2018-09-30": {
        "Diluted EPS": 0.69,
        "Total Revenue": NaN,
        "Gross Profit": 249,
        "Operating Income": 59,
        "EBIT": 100,
        "Net Income": 42
    },
    "2018-06-30": {
        "Diluted EPS": 0.48,
        "Total Revenue": NaN,
        "Gross Profit": 243,
        "Operating Income": 43,
        "EBIT": 93,
        "Net Income": 29
    },
    "2018-03-31": {
        "Diluted EPS": 0.34,
        "Total Revenue": NaN,
        "Gross Profit": 227,
        "Operating Income": 32,
        "EBIT": 83,
        "Net Income": 21
    },
    "2017-12-31": {
        "Diluted EPS": 1.72,
        "Total Revenue": NaN,
        "Gross Profit": 213,
        "Operating Income": 38,
        "EBIT": 79,
        "Net Income": 106
    },
    "2017-09-30": {
        "Diluted EPS": 0.48,
        "Total Revenue": NaN,
        "Gross Profit": 220,
        "Operating Income": 48,
        "EBIT": 88,
        "Net Income": 30
    },
    "2017-06-30": {
        "Diluted EPS": 0.36,
        "Total Revenue": NaN,
        "Gross Profit": 209,
        "Operating Income": 37,
        "EBIT": 76,
        "Net Income": 22
    },
    "2017-03-31": {
        "Diluted EPS": 0.24,
        "Total Revenue": NaN,
        "Gross Profit": 188,
        "Operating Income": 25,
        "EBIT": 64,
        "Net Income": 14
    },
    "2016-12-31": {
        "Diluted EPS": 0.2,
        "Total Revenue": NaN,
        "Gross Profit": 173,
        "Operating Income": 23,
        "EBIT": 63,
        "Net Income": 12
    },
    "2016-09-30": {
        "Diluted EPS": 0.25,
        "Total Revenue": NaN,
        "Gross Profit": 181,
        "Operating Income": 28,
        "EBIT": 67,
        "Net Income": 15
    },
    "2016-06-30": {
        "Diluted EPS": 0.18,
        "Total Revenue": NaN,
        "Gross Profit": 180,
        "Operating Income": 22,
        "EBIT": 61,
        "Net Income": 11
    },
    "2016-03-31": {
        "Diluted EPS": 0.04,
        "Total Revenue": NaN,
        "Gross Profit": 183,
        "Operating Income": 8,
        "EBIT": 47,
        "Net Income": 2
    },
    "2015-12-31": {
        "Diluted EPS": 0.16,
        "Total Revenue": NaN,
        "Gross Profit": 176,
        "Operating Income": 19,
        "EBIT": 58,
        "Net Income": 10
    },
    "2015-09-30": {
        "Diluted EPS": 0.32,
        "Total Revenue": NaN,
        "Gross Profit": 208,
        "Operating Income": 36,
        "EBIT": 73,
        "Net Income": 20
    },
    "2015-06-30": {
        "Diluted EPS": 0.32,
        "Total Revenue": NaN,
        "Gross Profit": 208,
        "Operating Income": 36,
        "EBIT": 71,
        "Net Income": 20
    },
    "2015-03-31": {
        "Diluted EPS": 0.27,
        "Total Revenue": NaN,
        "Gross Profit": 194,
        "Operating Income": 30,
        "EBIT": 64,
        "Net Income": 17
    },
    "2014-12-31": {
        "Diluted EPS": 0.4,
        "Total Revenue": NaN,
        "Gross Profit": 198,
        "Operating Income": 43,
        "EBIT": 79,
        "Net Income": 25
    },
    "2014-09-30": {
        "Diluted EPS": 0.38,
        "Total Revenue": NaN,
        "Gross Profit": 199,
        "Operating Income": 41,
        "EBIT": 72,
        "Net Income": 23
    },
    "2014-06-30": {
        "Diluted EPS": 0.33,
        "Total Revenue": NaN,
        "Gross Profit": 193,
        "Operating Income": 35,
        "EBIT": 65,
        "Net Income": 20
    },
    "2014-03-31": {
        "Diluted EPS": 0.2,
        "Total Revenue": 959,
        "Gross Profit": 166,
        "Operating Income": 23,
        "EBIT": 52,
        "Net Income": 12
    },
    "2013-12-31": {
        "Diluted EPS": 0.25,
        "Total Revenue": 925,
        "Gross Profit": 150,
        "Operating Income": 27,
        "EBIT": 53,
        "Net Income": 15
    },
    "2013-09-30": {
        "Diluted EPS": 0.25,
        "Total Revenue": 913,
        "Gross Profit": 150,
        "Operating Income": 28,
        "EBIT": 51,
        "Net Income": 15
    },
    "2013-06-30": {
        "Diluted EPS": 0.09,
        "Total Revenue": 790,
        "Gross Profit": 138,
        "Operating Income": 12,
        "EBIT": 34,
        "Net Income": 6
    },
    "2013-03-31": {
        "Diluted EPS": 0.23,
        "Total Revenue": 757,
        "Gross Profit": 134,
        "Operating Income": 25,
        "EBIT": 46,
        "Net Income": 14
    },
    "2012-12-31": {
        "Diluted EPS": 0.23,
        "Total Revenue": 732,
        "Gross Profit": 118,
        "Operating Income": 25,
        "EBIT": 45,
        "Net Income": 14
    },
    "2012-09-30": {
        "Diluted EPS": 0.25,
        "Total Revenue": 745,
        "Gross Profit": 125,
        "Operating Income": 28,
        "EBIT": 47,
        "Net Income": 15
    },
    "2012-06-30": {
        "Diluted EPS": 0.29,
        "Total Revenue": 836,
        "Gross Profit": 130,
        "Operating Income": 32,
        "EBIT": 50,
        "Net Income": 17
    },
    "2012-03-31": {
        "Diluted EPS": 0.27,
        "Total Revenue": 777,
        "Gross Profit": 128,
        "Operating Income": 29,
        "EBIT": 46,
        "Net Income": 16
    },
    "2011-12-31": {
        "Diluted EPS": 0.33,
        "Total Revenue": 776,
        "Gross Profit": 122,
        "Operating Income": 34,
        "EBIT": 50,
        "Net Income": 19
    },
    "2011-09-30": {
        "Diluted EPS": 0.27,
        "Total Revenue": 696,
        "Gross Profit": 114,
        "Operating Income": 28,
        "EBIT": 43,
        "Net Income": 16
    },
    "2011-06-30": {
        "Diluted EPS": 0.21,
        "Total Revenue": 662,
        "Gross Profit": 106,
        "Operating Income": 22,
        "EBIT": 35,
        "Net Income": 13
    },
    "2011-03-31": {
        "Diluted EPS": 0.13,
        "Total Revenue": 446,
        "Gross Profit": 82,
        "Operating Income": 13,
        "EBIT": 25,
        "Net Income": 7
    },
    "2010-12-31": {
        "Diluted EPS": 0.16,
        "Total Revenue": 463,
        "Gross Profit": 79,
        "Operating Income": 13,
        "EBIT": 26,
        "Net Income": 9
    },
    "2010-09-30": {
        "Diluted EPS": 0.25,
        "Total Revenue": 406,
        "Gross Profit": 78,
        "Operating Income": 14,
        "EBIT": 26,
        "Net Income": 14
    },
    "2010-06-30": {
        "Diluted EPS": 0.1,
        "Total Revenue": 330,
        "Gross Profit": 69,
        "Operating Income": 10,
        "EBIT": 21,
        "Net Income": 6
    },
    "2010-03-31": {
        "Diluted EPS": 0.04,
        "Total Revenue": 299,
        "Gross Profit": 58,
        "Operating Income": 4,
        "EBIT": 15,
        "Net Income": 2
    },
    "2009-12-31": {
        "Diluted EPS": 0.03,
        "Total Revenue": 275,
        "Gross Profit": 48,
        "Operating Income": 4,
        "EBIT": 14,
        "Net Income": 2
    },
    "2009-09-30": {
        "Diluted EPS": 0.05,
        "Total Revenue": 294,
        "Gross Profit": 55,
        "Operating Income": 1,
        "EBIT": 11,
        "Net Income": 3
    },
    "2009-06-30": {
        "Diluted EPS": -0.03,
        "Total Revenue": 303,
        "Gross Profit": 51,
        "Operating Income": -3,
        "EBIT": 8,
        "Net Income": -2
    },
    "2009-03-31": {
        "Diluted EPS": 0.05,
        "Total Revenue": 329,
        "Gross Profit": 62,
        "Operating Income": 6,
        "EBIT": 16,
        "Net Income": 3
    },
    "2023-09-30": {
        "Tax Effect Of Unusual Items": 55000.0,
        "Tax Rate For Calcs": 0.25,
        "Normalized EBITDA": 178122000.0,
        "Total Unusual Items": 220000.0,
        "Total Unusual Items Excluding Goodwill": 220000.0,
        "Net Income From Continuing Operation Net Minority Interest": 80278000.0,
        "Reconciled Depreciation": 56588000.0,
        "Reconciled Cost Of Revenue": 1545619000.0,
        "EBITDA": 178342000.0,
        "EBIT": 121754000.0,
        "Net Interest Income": -14194000.0,
        "Interest Expense": 14194000.0,
        "Normalized Income": 80113000.0,
        "Net Income From Continuing And Discontinued Operation": 80278000.0,
        "Total Expenses": 1859339000.0,
        "Rent Expense Supplemental": 62106000.0,
        "Total Operating Income As Reported": 121621000.0,
        "Diluted Average Shares": 83987000.0,
        "Basic Average Shares": 81229000.0,
        "Diluted EPS": 0.96,
        "Basic EPS": 0.99,
        "Diluted NI Availto Com Stockholders": 80278000.0,
        "Net Income Common Stockholders": 80278000.0,
        "Net Income": 80278000.0,
        "Minority Interests": -356000.0,
        "Net Income Including Noncontrolling Interests": 80634000.0,
        "Net Income Continuous Operations": 80634000.0,
        "Tax Provision": 26926000.0,
        "Pretax Income": 107560000.0,
        "Other Income Expense": 353000.0,
        "Other Non Operating Income Expenses": 133000.0,
        "Special Income Charges": 220000.0,
        "Gain On Sale Of Ppe": 220000.0,
        "Net Non Operating Interest Income Expense": -14194000.0,
        "Total Other Finance Cost": NaN,
        "Interest Expense Non Operating": 14194000.0,
        "Operating Income": 121401000.0,
        "Operating Expense": 273004000.0,
        "Depreciation Amortization Depletion Income Statement": 15872000.0,
        "Depreciation And Amortization In Income Statement": 15872000.0,
        "Selling General And Administration": 257132000.0,
        "Gross Profit": 394405000.0,
        "Cost Of Revenue": 1586335000.0,
        "Total Revenue": 1980740000.0,
        "Operating Revenue": 1975173000.0
    },
    "2023-12-31": {
        "Tax Effect Of Unusual Items": 62961.0153,
        "Tax Rate For Calcs": 0.254903,
        "Normalized EBITDA": 176864000.0,
        "Total Unusual Items": 247000.0,
        "Total Unusual Items Excluding Goodwill": 247000.0,
        "Net Income From Continuing Operation Net Minority Interest": 78047000.0,
        "Reconciled Depreciation": 55996000.0,
        "Reconciled Cost Of Revenue": 1602500000.0,
        "EBITDA": 177111000.0,
        "EBIT": 121115000.0,
        "Net Interest Income": -15502000.0,
        "Interest Expense": 16279000.0,
        "Normalized Income": 77862961.0153,
        "Net Income From Continuing And Discontinued Operation": 78047000.0,
        "Total Expenses": 1909587000.0,
        "Rent Expense Supplemental": 63837000.0,
        "Total Operating Income As Reported": 120125000.0,
        "Diluted Average Shares": 82143000.0,
        "Basic Average Shares": 79453000.0,
        "Diluted EPS": 0.95,
        "Basic EPS": 0.98,
        "Diluted NI Availto Com Stockholders": 78047000.0,
        "Net Income Common Stockholders": 78047000.0,
        "Net Income": 78047000.0,
        "Minority Interests": -66000.0,
        "Net Income Including Noncontrolling Interests": 78113000.0,
        "Net Income Continuous Operations": 78113000.0,
        "Tax Provision": 26723000.0,
        "Pretax Income": 104836000.0,
        "Other Income Expense": 460000.0,
        "Other Non Operating Income Expenses": 213000.0,
        "Special Income Charges": 247000.0,
        "Gain On Sale Of Ppe": 247000.0,
        "Net Non Operating Interest Income Expense": -15502000.0,
        "Total Other Finance Cost": NaN,
        "Interest Expense Non Operating": 16279000.0,
        "Operating Income": 119878000.0,
        "Operating Expense": 266190000.0,
        "Depreciation Amortization Depletion Income Statement": 15099000.0,
        "Depreciation And Amortization In Income Statement": 15099000.0,
        "Selling General And Administration": 251091000.0,
        "Gross Profit": 386068000.0,
        "Cost Of Revenue": 1643397000.0,
        "Total Revenue": 2029465000.0,
        "Operating Revenue": 2023138000.0
    }
}