{
    "2023-03-31": {
        "Tax Effect Of Unusual Items": 270800.0,
        "Tax Rate For Calcs": 0.4,
        "Normalized EBITDA": -4763000.0,
        "Total Unusual Items": 677000.0,
        "Total Unusual Items Excluding Goodwill": 677000.0,
        "Net Income From Continuing Operation Net Minority Interest": -11612000.0,
        "Reconciled Depreciation": 93000.0,
        "Reconciled Cost Of Revenue": 2299000.0,
        "EBIT": -4179000.0,
        "Net Interest Income": -7375000.0,
        "Interest Expense": 7375000.0,
        "Normalized Income": -12018200.0,
        "Net Income From Continuing And Discontinued Operation": -11612000.0,
        "Total Expenses": 19123000.0,
        "Total Operating Income As Reported": -10291000.0,
        "Diluted Average Shares": 99321304.0,
        "Basic Average Shares": 99321304.0,
        "Diluted EPS": -0.12,
        "Basic EPS": -0.12,
        "Diluted NI Availto Com Stockholders": -11612000.0,
        "Net Income Common Stockholders": -11612000.0,
        "Net Income": -11612000.0,
        "Net Income Including Noncontrolling Interests": -11612000.0,
        "Net Income Discontinuous Operations": NaN,
        "Net Income Continuous Operations": -11612000.0,
        "Tax Provision": 58000.0,
        "Pretax Income": -11554000.0,
        "Other Income Expense": 6112000.0,
        "Other Non Operating Income Expenses": 5435000.0,
        "Special Income Charges": NaN,
        "Gain On Sale Of Ppe": NaN,
        "Impairment Of Capital Assets": NaN,
        "Gain On Sale Of Security": 677000.0,
        "Net Non Operating Interest Income Expense": -7375000.0,
        "Interest Expense Non Operating": 7375000.0,
        "Operating Income": -10291000.0,
        "Operating Expense": 16824000.0,
        "Research And Development": 626000.0,
        "Selling General And Administration": 16198000.0,
        "Gross Profit": 6533000.0,
        "Cost Of Revenue": 2299000.0,
        "Total Revenue": 8832000.0,
        "Operating Revenue": 8832000.0
    },
    "2022-12-31": {
        "Tax Effect Of Unusual Items": -97047.677919,
        "Tax Rate For Calcs": 0.015319,
        "Normalized EBITDA": -10354000.0,
        "Total Unusual Items": -6335000.0,
        "Total Unusual Items Excluding Goodwill": -6335000.0,
        "Net Income From Continuing Operation Net Minority Interest": -18319000.0,
        "Reconciled Depreciation": 100000.0,
        "Reconciled Cost Of Revenue": 2560000.0,
        "EBIT": -16689000.0,
        "Net Interest Income": -1915000.0,
        "Interest Expense": 1915000.0,
        "Normalized Income": -12081047.677919,
        "Net Income From Continuing And Discontinued Operation": -18319000.0,
        "Total Expenses": 21045000.0,
        "Total Operating Income As Reported": -24548000.0,
        "Diluted Average Shares": 99260308.0,
        "Basic Average Shares": 99260308.0,
        "Diluted EPS": -0.18,
        "Basic EPS": -0.18,
        "Diluted NI Availto Com Stockholders": -18319000.0,
        "Net Income Common Stockholders": -18319000.0,
        "Net Income": -18319000.0,
        "Net Income Including Noncontrolling Interests": -18319000.0,
        "Net Income Discontinuous Operations": 0.0,
        "Net Income Continuous Operations": -18319000.0,
        "Tax Provision": -285000.0,
        "Pretax Income": -18604000.0,
        "Other Income Expense": -5451000.0,
        "Other Non Operating Income Expenses": 884000.0,
        "Special Income Charges": -13310000.0,
        "Gain On Sale Of Ppe": 0.0,
        "Impairment Of Capital Assets": 13310000.0,
        "Gain On Sale Of Security": 6975000.0,
        "Net Non Operating Interest Income Expense": -1915000.0,
        "Interest Expense Non Operating": 1915000.0,
        "Operating Income": -11238000.0,
        "Operating Expense": 18485000.0,
        "Research And Development": 884000.0,
        "Selling General And Administration": 17601000.0,
        "Gross Profit": 7247000.0,
        "Cost Of Revenue": 2560000.0,
        "Total Revenue": 9807000.0,
        "Operating Revenue": 9807000.0
    },
    "2022-09-30": {
        "Tax Effect Of Unusual Items": -1861200.0,
        "Tax Rate For Calcs": 0.4,
        "Normalized EBITDA": -13564000.0,
        "Total Unusual Items": -4653000.0,
        "Total Unusual Items Excluding Goodwill": -4653000.0,
        "Net Income From Continuing Operation Net Minority Interest": -14446000.0,
        "Reconciled Depreciation": 95000.0,
        "Reconciled Cost Of Revenue": 2525000.0,
        "EBIT": -18312000.0,
        "Net Interest Income": 3929000.0,
        "Interest Expense": -3929000.0,
        "Normalized Income": -11654200.0,
        "Net Income From Continuing And Discontinued Operation": -14446000.0,
        "Total Expenses": 23944000.0,
        "Total Operating Income As Reported": -13922000.0,
        "Diluted Average Shares": 92756483.0,
        "Basic Average Shares": 92756483.0,
        "Diluted EPS": -0.16,
        "Basic EPS": -0.16,
        "Diluted NI Availto Com Stockholders": -14446000.0,
        "Net Income Common Stockholders": -14446000.0,
        "Net Income": -14446000.0,
        "Net Income Including Noncontrolling Interests": -14446000.0,
        "Net Income Discontinuous Operations": 0.0,
        "Net Income Continuous Operations": -14446000.0,
        "Tax Provision": 63000.0,
        "Pretax Income": -14383000.0,
        "Other Income Expense": -4390000.0,
        "Other Non Operating Income Expenses": 263000.0,
        "Special Income Charges": 0.0,
        "Gain On Sale Of Ppe": 0.0,
        "Impairment Of Capital Assets": 0.0,
        "Gain On Sale Of Security": -4653000.0,
        "Net Non Operating Interest Income Expense": 3929000.0,
        "Interest Expense Non Operating": -3929000.0,
        "Operating Income": -13922000.0,
        "Operating Expense": 21419000.0,
        "Research And Development": 1044000.0,
        "Selling General And Administration": 20375000.0,
        "Gross Profit": 7497000.0,
        "Cost Of Revenue": 2525000.0,
        "Total Revenue": 10022000.0,
        "Operating Revenue": 10022000.0
    },
    "2022-06-30": {
        "Tax Effect Of Unusual Items": 1382000.0,
        "Tax Rate For Calcs": 0.4,
        "Normalized EBITDA": -14955000.0,
        "Total Unusual Items": 3455000.0,
        "Total Unusual Items Excluding Goodwill": 3455000.0,
        "Net Income From Continuing Operation Net Minority Interest": -12106000.0,
        "Reconciled Depreciation": 91000.0,
        "Reconciled Cost Of Revenue": 2227000.0,
        "EBIT": -11591000.0,
        "Net Interest Income": -238000.0,
        "Interest Expense": 238000.0,
        "Normalized Income": -14179000.0,
        "Net Income From Continuing And Discontinued Operation": -12106000.0,
        "Total Expenses": 23572000.0,
        "Total Operating Income As Reported": -15124000.0,
        "Diluted Average Shares": 83580906.0,
        "Basic Average Shares": 83580906.0,
        "Diluted EPS": -0.14,
        "Basic EPS": -0.14,
        "Diluted NI Availto Com Stockholders": -12106000.0,
        "Net Income Common Stockholders": -12106000.0,
        "Net Income": -12106000.0,
        "Net Income Including Noncontrolling Interests": -12106000.0,
        "Net Income Discontinuous Operations": 0.0,
        "Net Income Continuous Operations": -12106000.0,
        "Tax Provision": 277000.0,
        "Pretax Income": -11829000.0,
        "Other Income Expense": 3533000.0,
        "Other Non Operating Income Expenses": 78000.0,
        "Special Income Charges": 0.0,
        "Gain On Sale Of Ppe": 0.0,
        "Impairment Of Capital Assets": 0.0,
        "Gain On Sale Of Security": 3455000.0,
        "Net Non Operating Interest Income Expense": -238000.0,
        "Interest Expense Non Operating": 238000.0,
        "Operating Income": -15124000.0,
        "Operating Expense": 21345000.0,
        "Research And Development": 1176000.0,
        "Selling General And Administration": 20169000.0,
        "Gross Profit": 6221000.0,
        "Cost Of Revenue": 2227000.0,
        "Total Revenue": 8448000.0,
        "Operating Revenue": 8448000.0
    },
    "2022-03-31": {
        "Diluted EPS": -0.08,
        "Total Revenue": 21,
        "Gross Profit": 19,
        "Operating Income": -5,
        "EBIT": -4,
        "Net Income": -7
    },
    "2021-12-31": {
        "Diluted EPS": -0.24,
        "Total Revenue": 3,
        "Gross Profit": 2,
        "Operating Income": -23,
        "EBIT": -21,
        "Net Income": -20
    },
    "2021-09-30": {
        "Diluted EPS": -0.28,
        "Total Revenue": 2,
        "Gross Profit": 1,
        "Operating Income": -25,
        "EBIT": -25,
        "Net Income": -18
    },
    "2021-06-30": {
        "Diluted EPS": -0.28,
        "Total Revenue": 12,
        "Gross Profit": 11,
        "Operating Income": -20,
        "EBIT": -9,
        "Net Income": -18
    },
    "2021-03-31": {
        "Diluted EPS": -0.15,
        "Total Revenue": 1,
        "Gross Profit": 0,
        "Operating Income": -13,
        "EBIT": -9,
        "Net Income": -10
    },
    "2020-12-31": {
        "Diluted EPS": -0.88,
        "Total Revenue": 1,
        "Gross Profit": 0,
        "Operating Income": -52,
        "EBIT": 3,
        "Net Income": -55
    },
    "2020-09-30": {
        "Diluted EPS": -0.14,
        "Total Revenue": 26,
        "Gross Profit": 25,
        "Operating Income": 1,
        "EBIT": 41,
        "Net Income": -9
    },
    "2020-06-30": {
        "Diluted EPS": -0.22,
        "Total Revenue": 0,
        "Gross Profit": 0,
        "Operating Income": -17,
        "EBIT": -22,
        "Net Income": -13
    },
    "2020-03-31": {
        "Diluted EPS": -0.05,
        "Total Revenue": 49,
        "Gross Profit": 28,
        "Operating Income": 1,
        "EBIT": 7,
        "Net Income": -3
    },
    "2019-12-31": {
        "Diluted EPS": -0.51,
        "Total Revenue": 60,
        "Gross Profit": 37,
        "Operating Income": -22,
        "EBIT": 14,
        "Net Income": -27
    },
    "2019-09-30": {
        "Diluted EPS": -2.15,
        "Total Revenue": 65,
        "Gross Profit": 38,
        "Operating Income": -123,
        "EBIT": 20,
        "Net Income": -113
    },
    "2019-06-30": {
        "Diluted EPS": -2.38,
        "Total Revenue": 58,
        "Gross Profit": 25,
        "Operating Income": -132,
        "EBIT": 12,
        "Net Income": -125
    },
    "2019-03-31": {
        "Diluted EPS": -0.13,
        "Total Revenue": 57,
        "Gross Profit": 28,
        "Operating Income": -3,
        "EBIT": 14,
        "Net Income": -7
    },
    "2018-12-31": {
        "Diluted EPS": -2.37,
        "Total Revenue": 66,
        "Gross Profit": 26,
        "Operating Income": -107,
        "EBIT": 11,
        "Net Income": -107
    },
    "2018-09-30": {
        "Diluted EPS": -0.08,
        "Total Revenue": 66,
        "Gross Profit": 33,
        "Operating Income": -3,
        "EBIT": 24,
        "Net Income": -4
    },
    "2018-06-30": {
        "Diluted EPS": 0.14,
        "Total Revenue": 72,
        "Gross Profit": 38,
        "Operating Income": 13,
        "EBIT": 33,
        "Net Income": 6
    },
    "2018-03-31": {
        "Diluted EPS": -0.11,
        "Total Revenue": 60,
        "Gross Profit": 26,
        "Operating Income": -1,
        "EBIT": 20,
        "Net Income": -5
    },
    "2017-12-31": {
        "Diluted EPS": 0.0,
        "Total Revenue": NaN,
        "Gross Profit": NaN,
        "Operating Income": NaN,
        "EBIT": NaN,
        "Net Income": NaN
    },
    "2017-09-30": {
        "Diluted EPS": -12.27,
        "Total Revenue": 54,
        "Gross Profit": 32,
        "Operating Income": -18,
        "EBIT": -18,
        "Net Income": -12
    },
    "2016-12-31": {
        "Diluted EPS": 0.0,
        "Total Revenue": NaN,
        "Gross Profit": NaN,
        "Operating Income": NaN,
        "EBIT": NaN,
        "Net Income": NaN
    },
    "2023-06-30": {
        "Tax Effect Of Unusual Items": -61650.487459,
        "Tax Rate For Calcs": 0.004708,
        "Normalized EBITDA": -7656000.0,
        "Total Unusual Items": -13095000.0,
        "Total Unusual Items Excluding Goodwill": -13095000.0,
        "Net Income From Continuing Operation Net Minority Interest": -23889000.0,
        "Reconciled Depreciation": 94000.0,
        "Reconciled Cost Of Revenue": 1946000.0,
        "EBIT": -20845000.0,
        "Net Interest Income": -3157000.0,
        "Interest Expense": 3157000.0,
        "Normalized Income": -10855650.487459,
        "Net Income From Continuing And Discontinued Operation": -23889000.0,
        "Total Expenses": 16379000.0,
        "Total Operating Income As Reported": -22021000.0,
        "Diluted Average Shares": 99370291.0,
        "Basic Average Shares": 99370291.0,
        "Diluted EPS": -0.24,
        "Basic EPS": -0.24,
        "Diluted NI Availto Com Stockholders": -23889000.0,
        "Net Income Common Stockholders": -23889000.0,
        "Net Income": -23889000.0,
        "Net Income Including Noncontrolling Interests": -23889000.0,
        "Net Income Discontinuous Operations": NaN,
        "Net Income Continuous Operations": -23889000.0,
        "Tax Provision": -113000.0,
        "Pretax Income": -24002000.0,
        "Other Income Expense": -12724000.0,
        "Other Non Operating Income Expenses": 371000.0,
        "Special Income Charges": -13900000.0,
        "Gain On Sale Of Ppe": NaN,
        "Impairment Of Capital Assets": 13900000.0,
        "Gain On Sale Of Security": 805000.0,
        "Net Non Operating Interest Income Expense": -3157000.0,
        "Interest Expense Non Operating": 3157000.0,
        "Operating Income": -8121000.0,
        "Operating Expense": 14433000.0,
        "Research And Development": 547000.0,
        "Selling General And Administration": 13886000.0,
        "Gross Profit": 6312000.0,
        "Cost Of Revenue": 1946000.0,
        "Total Revenue": 8258000.0,
        "Operating Revenue": 8258000.0
    }
}