{
    "2023-03-31": {
        "Tax Effect Of Unusual Items": NaN,
        "Tax Rate For Calcs": NaN,
        "Normalized EBITDA": NaN,
        "Total Unusual Items": NaN,
        "Total Unusual Items Excluding Goodwill": NaN,
        "Net Income From Continuing Operation Net Minority Interest": NaN,
        "Reconciled Depreciation": NaN,
        "Reconciled Cost Of Revenue": NaN,
        "EBITDA": NaN,
        "EBIT": NaN,
        "Net Interest Income": NaN,
        "Interest Expense": NaN,
        "Normalized Income": NaN,
        "Net Income From Continuing And Discontinued Operation": NaN,
        "Total Expenses": NaN,
        "Total Operating Income As Reported": NaN,
        "Diluted Average Shares": NaN,
        "Basic Average Shares": NaN,
        "Diluted EPS": NaN,
        "Basic EPS": NaN,
        "Diluted NI Availto Com Stockholders": NaN,
        "Net Income Common Stockholders": NaN,
        "Net Income": NaN,
        "Net Income Including Noncontrolling Interests": NaN,
        "Net Income Continuous Operations": NaN,
        "Tax Provision": NaN,
        "Pretax Income": NaN,
        "Other Income Expense": NaN,
        "Other Non Operating Income Expenses": NaN,
        "Special Income Charges": NaN,
        "Other Special Charges": NaN,
        "Write Off": NaN,
        "Impairment Of Capital Assets": NaN,
        "Gain On Sale Of Security": 100000.0,
        "Net Non Operating Interest Income Expense": NaN,
        "Interest Expense Non Operating": NaN,
        "Operating Income": NaN,
        "Operating Expense": NaN,
        "Selling General And Administration": NaN,
        "Gross Profit": NaN,
        "Cost Of Revenue": NaN,
        "Total Revenue": NaN,
        "Operating Revenue": NaN
    },
    "2022-12-31": {
        "Tax Effect Of Unusual Items": NaN,
        "Tax Rate For Calcs": NaN,
        "Normalized EBITDA": NaN,
        "Total Unusual Items": NaN,
        "Total Unusual Items Excluding Goodwill": NaN,
        "Net Income From Continuing Operation Net Minority Interest": NaN,
        "Reconciled Depreciation": NaN,
        "Reconciled Cost Of Revenue": NaN,
        "EBITDA": NaN,
        "EBIT": NaN,
        "Net Interest Income": NaN,
        "Interest Expense": NaN,
        "Normalized Income": NaN,
        "Net Income From Continuing And Discontinued Operation": NaN,
        "Total Expenses": NaN,
        "Total Operating Income As Reported": NaN,
        "Diluted Average Shares": NaN,
        "Basic Average Shares": NaN,
        "Diluted EPS": NaN,
        "Basic EPS": NaN,
        "Diluted NI Availto Com Stockholders": NaN,
        "Net Income Common Stockholders": NaN,
        "Net Income": NaN,
        "Net Income Including Noncontrolling Interests": NaN,
        "Net Income Continuous Operations": NaN,
        "Tax Provision": NaN,
        "Pretax Income": NaN,
        "Other Income Expense": NaN,
        "Other Non Operating Income Expenses": NaN,
        "Special Income Charges": NaN,
        "Gain On Sale Of Ppe": 0.0,
        "Other Special Charges": NaN,
        "Write Off": NaN,
        "Impairment Of Capital Assets": NaN,
        "Gain On Sale Of Security": 200000.0,
        "Net Non Operating Interest Income Expense": NaN,
        "Interest Expense Non Operating": NaN,
        "Operating Income": NaN,
        "Operating Expense": NaN,
        "Selling General And Administration": NaN,
        "Gross Profit": NaN,
        "Cost Of Revenue": NaN,
        "Total Revenue": NaN,
        "Operating Revenue": NaN
    },
    "2022-09-30": {
        "Tax Effect Of Unusual Items": NaN,
        "Tax Rate For Calcs": NaN,
        "Normalized EBITDA": NaN,
        "Total Unusual Items": NaN,
        "Total Unusual Items Excluding Goodwill": NaN,
        "Net Income From Continuing Operation Net Minority Interest": NaN,
        "Reconciled Depreciation": NaN,
        "Reconciled Cost Of Revenue": NaN,
        "EBITDA": NaN,
        "EBIT": NaN,
        "Net Interest Income": NaN,
        "Interest Expense": NaN,
        "Normalized Income": NaN,
        "Net Income From Continuing And Discontinued Operation": NaN,
        "Total Expenses": NaN,
        "Total Operating Income As Reported": NaN,
        "Diluted Average Shares": NaN,
        "Basic Average Shares": NaN,
        "Diluted EPS": NaN,
        "Basic EPS": NaN,
        "Diluted NI Availto Com Stockholders": NaN,
        "Net Income Common Stockholders": NaN,
        "Net Income": NaN,
        "Net Income Including Noncontrolling Interests": NaN,
        "Net Income Continuous Operations": NaN,
        "Tax Provision": NaN,
        "Pretax Income": NaN,
        "Other Income Expense": NaN,
        "Other Non Operating Income Expenses": NaN,
        "Special Income Charges": NaN,
        "Gain On Sale Of Ppe": 0.0,
        "Other Special Charges": NaN,
        "Write Off": NaN,
        "Impairment Of Capital Assets": NaN,
        "Gain On Sale Of Security": NaN,
        "Net Non Operating Interest Income Expense": NaN,
        "Interest Expense Non Operating": NaN,
        "Operating Income": NaN,
        "Operating Expense": NaN,
        "Selling General And Administration": NaN,
        "Gross Profit": NaN,
        "Cost Of Revenue": NaN,
        "Total Revenue": NaN,
        "Operating Revenue": NaN
    },
    "2022-06-30": {
        "Tax Effect Of Unusual Items": -46000.0,
        "Tax Rate For Calcs": 0.23,
        "Normalized EBITDA": 110600000.0,
        "Total Unusual Items": -200000.0,
        "Total Unusual Items Excluding Goodwill": -200000.0,
        "Net Income From Continuing Operation Net Minority Interest": -40600000.0,
        "Reconciled Depreciation": 112500000.0,
        "Reconciled Cost Of Revenue": 548200000.0,
        "EBITDA": 110400000.0,
        "EBIT": -2100000.0,
        "Net Interest Income": -50500000.0,
        "Interest Expense": 50500000.0,
        "Normalized Income": -40446000.0,
        "Net Income From Continuing And Discontinued Operation": -40600000.0,
        "Total Expenses": 768200000.0,
        "Total Operating Income As Reported": 4000000.0,
        "Diluted Average Shares": 209500000.0,
        "Basic Average Shares": 209500000.0,
        "Diluted EPS": -0.19,
        "Basic EPS": -0.19,
        "Diluted NI Availto Com Stockholders": -40600000.0,
        "Net Income Common Stockholders": -40600000.0,
        "Net Income": -40600000.0,
        "Net Income Including Noncontrolling Interests": -40600000.0,
        "Net Income Continuous Operations": -40600000.0,
        "Tax Provision": -12000000.0,
        "Pretax Income": -52600000.0,
        "Other Income Expense": -6100000.0,
        "Other Non Operating Income Expenses": -5900000.0,
        "Special Income Charges": 0.0,
        "Gain On Sale Of Ppe": 0.0,
        "Other Special Charges": NaN,
        "Impairment Of Capital Assets": NaN,
        "Gain On Sale Of Security": -200000.0,
        "Net Non Operating Interest Income Expense": -50500000.0,
        "Interest Expense Non Operating": 50500000.0,
        "Operating Income": 4000000.0,
        "Operating Expense": 220000000.0,
        "Selling General And Administration": 220000000.0,
        "Gross Profit": 224000000.0,
        "Cost Of Revenue": 548200000.0,
        "Total Revenue": 772200000.0,
        "Operating Revenue": 772200000.0
    },
    "2022-03-31": {
        "Diluted EPS": -0.18,
        "Total Revenue": 776,
        "Gross Profit": 226,
        "Operating Income": 21,
        "EBIT": 139,
        "Net Income": -39
    },
    "2021-12-31": {
        "Diluted EPS": -0.39,
        "Total Revenue": 777,
        "Gross Profit": 234,
        "Operating Income": -27,
        "EBIT": 146,
        "Net Income": -83
    },
    "2021-09-30": {
        "Diluted EPS": -0.17,
        "Total Revenue": 763,
        "Gross Profit": 232,
        "Operating Income": -3,
        "EBIT": 119,
        "Net Income": -35
    },
    "2021-06-30": {
        "Diluted EPS": -0.18,
        "Total Revenue": 744,
        "Gross Profit": 236,
        "Operating Income": 3,
        "EBIT": 133,
        "Net Income": -37
    },
    "2021-03-31": {
        "Diluted EPS": -0.31,
        "Total Revenue": 726,
        "Gross Profit": 235,
        "Operating Income": 24,
        "EBIT": 151,
        "Net Income": -64
    },
    "2020-12-31": {
        "Diluted EPS": -0.34,
        "Total Revenue": 716,
        "Gross Profit": 247,
        "Operating Income": -5,
        "EBIT": 130,
        "Net Income": -64
    },
    "2020-09-30": {
        "Diluted EPS": -0.54,
        "Total Revenue": 682,
        "Gross Profit": 246,
        "Operating Income": -15,
        "EBIT": 122,
        "Net Income": -101
    },
    "2020-06-30": {
        "Diluted EPS": -0.2,
        "Total Revenue": 657,
        "Gross Profit": 242,
        "Operating Income": 23,
        "EBIT": 163,
        "Net Income": -33
    },
    "2020-03-31": {
        "Diluted EPS": -0.29,
        "Total Revenue": 653,
        "Gross Profit": 249,
        "Operating Income": 22,
        "EBIT": 165,
        "Net Income": -48
    },
    "2019-12-31": {
        "Diluted EPS": 0.0,
        "Total Revenue": NaN,
        "Gross Profit": NaN,
        "Operating Income": NaN,
        "EBIT": NaN,
        "Net Income": NaN
    },
    "2019-09-30": {
        "Diluted EPS": -0.37,
        "Total Revenue": 602,
        "Gross Profit": 254,
        "Operating Income": 32,
        "EBIT": 167,
        "Net Income": -61
    },
    "2019-06-30": {
        "Diluted EPS": 0.38,
        "Total Revenue": 602,
        "Gross Profit": 252,
        "Operating Income": 26,
        "EBIT": 26,
        "Net Income": 63
    },
    "2018-12-31": {
        "Diluted EPS": 0.0,
        "Total Revenue": NaN,
        "Gross Profit": NaN,
        "Operating Income": NaN,
        "EBIT": NaN,
        "Net Income": NaN
    },
    "2023-06-30": {
        "Tax Effect Of Unusual Items": 19950000.0,
        "Tax Rate For Calcs": 0.21,
        "Normalized EBITDA": 61500000.0,
        "Total Unusual Items": 95000000.0,
        "Total Unusual Items Excluding Goodwill": 95000000.0,
        "Net Income From Continuing Operation Net Minority Interest": -27200000.0,
        "Reconciled Depreciation": 125100000.0,
        "Reconciled Cost Of Revenue": 593200000.0,
        "EBITDA": 156500000.0,
        "EBIT": 31400000.0,
        "Net Interest Income": -57300000.0,
        "Interest Expense": 57300000.0,
        "Normalized Income": -102250000.0,
        "Net Income From Continuing And Discontinued Operation": -27200000.0,
        "Total Expenses": 810100000.0,
        "Total Operating Income As Reported": -63800000.0,
        "Diluted Average Shares": 215100000.0,
        "Basic Average Shares": 215100000.0,
        "Diluted EPS": -0.13,
        "Basic EPS": -0.13,
        "Diluted NI Availto Com Stockholders": -27200000.0,
        "Net Income Common Stockholders": -27200000.0,
        "Net Income": -27200000.0,
        "Net Income Including Noncontrolling Interests": -27200000.0,
        "Net Income Continuous Operations": -27200000.0,
        "Tax Provision": 1300000.0,
        "Pretax Income": -25900000.0,
        "Other Income Expense": 95200000.0,
        "Other Non Operating Income Expenses": 200000.0,
        "Special Income Charges": 94900000.0,
        "Other Special Charges": -94900000.0,
        "Write Off": 0.0,
        "Impairment Of Capital Assets": 0.0,
        "Gain On Sale Of Security": 100000.0,
        "Net Non Operating Interest Income Expense": -57300000.0,
        "Interest Expense Non Operating": 57300000.0,
        "Operating Income": -63800000.0,
        "Operating Expense": 216900000.0,
        "Selling General And Administration": 216900000.0,
        "Gross Profit": 153100000.0,
        "Cost Of Revenue": 593200000.0,
        "Total Revenue": 746300000.0,
        "Operating Revenue": 746300000.0
    },
    "2023-09-30": {
        "Tax Effect Of Unusual Items": -6982800.0,
        "Tax Rate For Calcs": 0.044,
        "Normalized EBITDA": 77600000.0,
        "Total Unusual Items": -158700000.0,
        "Total Unusual Items Excluding Goodwill": -158700000.0,
        "Net Income From Continuing Operation Net Minority Interest": -226600000.0,
        "Reconciled Depreciation": 105500000.0,
        "Reconciled Cost Of Revenue": 580400000.0,
        "EBITDA": -81100000.0,
        "EBIT": -186600000.0,
        "Net Interest Income": -56500000.0,
        "Interest Expense": 56500000.0,
        "Normalized Income": -74882800.0,
        "Net Income From Continuing And Discontinued Operation": -226600000.0,
        "Total Expenses": 757700000.0,
        "Total Operating Income As Reported": -239400000.0,
        "Diluted Average Shares": 216000000.0,
        "Basic Average Shares": 216000000.0,
        "Diluted EPS": -1.05,
        "Basic EPS": -1.05,
        "Diluted NI Availto Com Stockholders": -226600000.0,
        "Net Income Common Stockholders": -226600000.0,
        "Net Income": -226600000.0,
        "Net Income Including Noncontrolling Interests": -226600000.0,
        "Net Income Continuous Operations": -226600000.0,
        "Tax Provision": -16500000.0,
        "Pretax Income": -243100000.0,
        "Other Income Expense": -161300000.0,
        "Other Non Operating Income Expenses": -2600000.0,
        "Special Income Charges": -158700000.0,
        "Other Special Charges": -55400000.0,
        "Write Off": 48400000.0,
        "Impairment Of Capital Assets": 165700000.0,
        "Gain On Sale Of Security": NaN,
        "Net Non Operating Interest Income Expense": -56500000.0,
        "Interest Expense Non Operating": 56500000.0,
        "Operating Income": -25300000.0,
        "Operating Expense": 177300000.0,
        "Selling General And Administration": 177300000.0,
        "Gross Profit": 152000000.0,
        "Cost Of Revenue": 580400000.0,
        "Total Revenue": 732400000.0,
        "Operating Revenue": 732400000.0
    },
    "2023-12-31": {
        "Tax Effect Of Unusual Items": 26473333.333333,
        "Tax Rate For Calcs": 0.253333,
        "Normalized EBITDA": 86400000.0,
        "Total Unusual Items": 104500000.0,
        "Total Unusual Items Excluding Goodwill": 104500000.0,
        "Net Income From Continuing Operation Net Minority Interest": 28000000.0,
        "Reconciled Depreciation": 102500000.0,
        "Reconciled Cost Of Revenue": 565600000.0,
        "EBITDA": 190900000.0,
        "EBIT": 88400000.0,
        "Net Interest Income": -50900000.0,
        "Interest Expense": 50900000.0,
        "Normalized Income": -50026666.666667,
        "Net Income From Continuing And Discontinued Operation": 28000000.0,
        "Total Expenses": 731100000.0,
        "Total Operating Income As Reported": -15200000.0,
        "Diluted Average Shares": 216600000.0,
        "Basic Average Shares": 216600000.0,
        "Diluted EPS": 0.13,
        "Basic EPS": 0.13,
        "Diluted NI Availto Com Stockholders": 28000000.0,
        "Net Income Common Stockholders": 28000000.0,
        "Net Income": 28000000.0,
        "Net Income Including Noncontrolling Interests": 28000000.0,
        "Net Income Continuous Operations": 28000000.0,
        "Tax Provision": 9500000.0,
        "Pretax Income": 37500000.0,
        "Other Income Expense": 99800000.0,
        "Other Non Operating Income Expenses": -4700000.0,
        "Special Income Charges": 104400000.0,
        "Other Special Charges": -108200000.0,
        "Write Off": 3800000.0,
        "Impairment Of Capital Assets": 0.0,
        "Gain On Sale Of Security": 100000.0,
        "Net Non Operating Interest Income Expense": -50900000.0,
        "Interest Expense Non Operating": 50900000.0,
        "Operating Income": -11400000.0,
        "Operating Expense": 165500000.0,
        "Selling General And Administration": 165500000.0,
        "Gross Profit": 154100000.0,
        "Cost Of Revenue": 565600000.0,
        "Total Revenue": 719700000.0,
        "Operating Revenue": 719700000.0
    },
    "2024-03-31": {
        "Tax Effect Of Unusual Items": -9118800.0,
        "Tax Rate For Calcs": 0.017,
        "Normalized EBITDA": 25400000.0,
        "Total Unusual Items": -536400000.0,
        "Total Unusual Items Excluding Goodwill": -536400000.0,
        "Net Income From Continuing Operation Net Minority Interest": -640600000.0,
        "Reconciled Depreciation": 90600000.0,
        "Reconciled Cost Of Revenue": 558000000.0,
        "EBITDA": -511000000.0,
        "EBIT": -601600000.0,
        "Net Interest Income": -43700000.0,
        "Interest Expense": 43700000.0,
        "Normalized Income": -113318800.0,
        "Net Income From Continuing And Discontinued Operation": -640600000.0,
        "Total Expenses": 750400000.0,
        "Total Operating Income As Reported": -652800000.0,
        "Diluted Average Shares": 219800000.0,
        "Basic Average Shares": 219800000.0,
        "Diluted EPS": -2.91,
        "Basic EPS": -2.91,
        "Diluted NI Availto Com Stockholders": -640600000.0,
        "Net Income Common Stockholders": -640600000.0,
        "Net Income": -640600000.0,
        "Net Income Including Noncontrolling Interests": -640600000.0,
        "Net Income Continuous Operations": -640600000.0,
        "Tax Provision": -4700000.0,
        "Pretax Income": -645300000.0,
        "Other Income Expense": -542000000.0,
        "Other Non Operating Income Expenses": -5600000.0,
        "Special Income Charges": -536500000.0,
        "Other Special Charges": -56700000.0,
        "Write Off": 20000000.0,
        "Impairment Of Capital Assets": 573200000.0,
        "Gain On Sale Of Security": 100000.0,
        "Net Non Operating Interest Income Expense": -43700000.0,
        "Interest Expense Non Operating": 43700000.0,
        "Operating Income": -59600000.0,
        "Operating Expense": 192400000.0,
        "Selling General And Administration": 192400000.0,
        "Gross Profit": 132800000.0,
        "Cost Of Revenue": 558000000.0,
        "Total Revenue": 690800000.0,
        "Operating Revenue": 690800000.0
    },
    "2024-06-30": {
        "Tax Effect Of Unusual Items": 15225000.0,
        "Tax Rate For Calcs": 0.21,
        "Normalized EBITDA": 33600000.0,
        "Total Unusual Items": 72500000.0,
        "Total Unusual Items Excluding Goodwill": 72500000.0,
        "Net Income From Continuing Operation Net Minority Interest": 25000000.0,
        "Reconciled Depreciation": 92600000.0,
        "Reconciled Cost Of Revenue": 553500000.0,
        "EBITDA": 106100000.0,
        "EBIT": 13500000.0,
        "Net Interest Income": -18400000.0,
        "Interest Expense": 18400000.0,
        "Normalized Income": -32275000.0,
        "Net Income From Continuing And Discontinued Operation": 25000000.0,
        "Total Expenses": 738700000.0,
        "Total Operating Income As Reported": -53800000.0,
        "Diluted Average Shares": 229600000.0,
        "Basic Average Shares": 224500000.0,
        "Diluted EPS": 0.11,
        "Basic EPS": 0.11,
        "Diluted NI Availto Com Stockholders": 25000000.0,
        "Net Income Common Stockholders": 25000000.0,
        "Net Income": 25000000.0,
        "Net Income Including Noncontrolling Interests": 25000000.0,
        "Net Income Continuous Operations": 25000000.0,
        "Tax Provision": -29900000.0,
        "Pretax Income": -4900000.0,
        "Other Income Expense": 67300000.0,
        "Other Non Operating Income Expenses": -5200000.0,
        "Special Income Charges": 72500000.0,
        "Other Special Charges": -72500000.0,
        "Write Off": 0.0,
        "Impairment Of Capital Assets": 0.0,
        "Gain On Sale Of Security": NaN,
        "Net Non Operating Interest Income Expense": -18400000.0,
        "Interest Expense Non Operating": 18400000.0,
        "Operating Income": -53800000.0,
        "Operating Expense": 185200000.0,
        "Selling General And Administration": 185200000.0,
        "Gross Profit": 131400000.0,
        "Cost Of Revenue": 553500000.0,
        "Total Revenue": 684900000.0,
        "Operating Revenue": 684900000.0
    }
}