{
    "2023-03-31": {
        "Tax Effect Of Unusual Items": NaN,
        "Tax Rate For Calcs": NaN,
        "Normalized EBITDA": NaN,
        "Total Unusual Items": NaN,
        "Total Unusual Items Excluding Goodwill": NaN,
        "Net Income From Continuing Operation Net Minority Interest": NaN,
        "Reconciled Depreciation": NaN,
        "Reconciled Cost Of Revenue": NaN,
        "EBITDA": NaN,
        "EBIT": NaN,
        "Net Interest Income": NaN,
        "Interest Expense": NaN,
        "Interest Income": 306000.0,
        "Normalized Income": NaN,
        "Net Income From Continuing And Discontinued Operation": NaN,
        "Total Expenses": NaN,
        "Total Operating Income As Reported": NaN,
        "Diluted Average Shares": NaN,
        "Basic Average Shares": NaN,
        "Diluted EPS": NaN,
        "Basic EPS": NaN,
        "Diluted NI Availto Com Stockholders": NaN,
        "Net Income Common Stockholders": NaN,
        "Net Income": NaN,
        "Net Income Including Noncontrolling Interests": NaN,
        "Net Income Discontinuous Operations": 0.0,
        "Net Income Continuous Operations": NaN,
        "Earnings From Equity Interest Net Of Tax": NaN,
        "Tax Provision": NaN,
        "Pretax Income": NaN,
        "Other Income Expense": NaN,
        "Other Non Operating Income Expenses": NaN,
        "Special Income Charges": NaN,
        "Other Special Charges": NaN,
        "Restructuring And Mergern Acquisition": NaN,
        "Gain On Sale Of Security": NaN,
        "Net Non Operating Interest Income Expense": NaN,
        "Interest Expense Non Operating": NaN,
        "Interest Income Non Operating": 306000.0,
        "Operating Income": NaN,
        "Operating Expense": NaN,
        "Other Operating Expenses": NaN,
        "Selling General And Administration": NaN,
        "General And Administrative Expense": NaN,
        "Other Gand A": NaN,
        "Salaries And Wages": 1734000.0,
        "Gross Profit": NaN,
        "Cost Of Revenue": NaN,
        "Total Revenue": NaN,
        "Operating Revenue": NaN
    },
    "2022-12-31": {
        "Tax Effect Of Unusual Items": NaN,
        "Tax Rate For Calcs": NaN,
        "Normalized EBITDA": NaN,
        "Total Unusual Items": NaN,
        "Total Unusual Items Excluding Goodwill": NaN,
        "Net Income From Continuing Operation Net Minority Interest": NaN,
        "Reconciled Depreciation": NaN,
        "Reconciled Cost Of Revenue": NaN,
        "EBITDA": NaN,
        "EBIT": NaN,
        "Net Interest Income": NaN,
        "Interest Expense": NaN,
        "Interest Income": -823000.0,
        "Normalized Income": NaN,
        "Net Income From Continuing And Discontinued Operation": NaN,
        "Total Expenses": NaN,
        "Total Operating Income As Reported": NaN,
        "Diluted Average Shares": NaN,
        "Basic Average Shares": NaN,
        "Diluted EPS": NaN,
        "Basic EPS": NaN,
        "Diluted NI Availto Com Stockholders": NaN,
        "Net Income Common Stockholders": NaN,
        "Net Income": NaN,
        "Net Income Including Noncontrolling Interests": NaN,
        "Net Income Discontinuous Operations": NaN,
        "Net Income Continuous Operations": NaN,
        "Earnings From Equity Interest Net Of Tax": NaN,
        "Tax Provision": NaN,
        "Pretax Income": NaN,
        "Other Income Expense": NaN,
        "Other Non Operating Income Expenses": NaN,
        "Special Income Charges": -3610000.0,
        "Other Special Charges": -132000.0,
        "Restructuring And Mergern Acquisition": NaN,
        "Gain On Sale Of Security": NaN,
        "Net Non Operating Interest Income Expense": NaN,
        "Interest Expense Non Operating": NaN,
        "Interest Income Non Operating": -823000.0,
        "Operating Income": NaN,
        "Operating Expense": NaN,
        "Other Operating Expenses": NaN,
        "Selling General And Administration": NaN,
        "General And Administrative Expense": NaN,
        "Other Gand A": NaN,
        "Salaries And Wages": NaN,
        "Gross Profit": NaN,
        "Cost Of Revenue": NaN,
        "Total Revenue": NaN,
        "Operating Revenue": NaN
    },
    "2022-09-30": {
        "Tax Effect Of Unusual Items": NaN,
        "Tax Rate For Calcs": NaN,
        "Normalized EBITDA": NaN,
        "Total Unusual Items": NaN,
        "Total Unusual Items Excluding Goodwill": NaN,
        "Net Income From Continuing Operation Net Minority Interest": NaN,
        "Reconciled Depreciation": NaN,
        "Reconciled Cost Of Revenue": NaN,
        "EBITDA": NaN,
        "EBIT": NaN,
        "Net Interest Income": NaN,
        "Interest Expense": NaN,
        "Interest Income": 4071000.0,
        "Normalized Income": NaN,
        "Net Income From Continuing And Discontinued Operation": NaN,
        "Total Expenses": NaN,
        "Total Operating Income As Reported": NaN,
        "Diluted Average Shares": NaN,
        "Basic Average Shares": NaN,
        "Diluted EPS": NaN,
        "Basic EPS": NaN,
        "Diluted NI Availto Com Stockholders": NaN,
        "Net Income Common Stockholders": NaN,
        "Net Income": NaN,
        "Net Income Including Noncontrolling Interests": NaN,
        "Net Income Discontinuous Operations": NaN,
        "Net Income Continuous Operations": NaN,
        "Earnings From Equity Interest Net Of Tax": NaN,
        "Tax Provision": NaN,
        "Pretax Income": NaN,
        "Other Income Expense": NaN,
        "Other Non Operating Income Expenses": NaN,
        "Special Income Charges": 46000.0,
        "Other Special Charges": -46000.0,
        "Gain On Sale Of Security": NaN,
        "Net Non Operating Interest Income Expense": NaN,
        "Interest Expense Non Operating": NaN,
        "Interest Income Non Operating": 4071000.0,
        "Operating Income": NaN,
        "Operating Expense": NaN,
        "Other Operating Expenses": NaN,
        "Selling General And Administration": NaN,
        "General And Administrative Expense": NaN,
        "Other Gand A": NaN,
        "Salaries And Wages": NaN,
        "Gross Profit": NaN,
        "Cost Of Revenue": NaN,
        "Total Revenue": NaN,
        "Operating Revenue": NaN
    },
    "2022-06-30": {
        "Tax Effect Of Unusual Items": -701200.0,
        "Tax Rate For Calcs": 0.4,
        "Normalized EBITDA": 31950000.0,
        "Total Unusual Items": -1753000.0,
        "Total Unusual Items Excluding Goodwill": -1753000.0,
        "Net Income From Continuing Operation Net Minority Interest": -24943000.0,
        "Reconciled Depreciation": 33751000.0,
        "Reconciled Cost Of Revenue": 372525000.0,
        "EBITDA": 30197000.0,
        "EBIT": -3554000.0,
        "Net Interest Income": -13532000.0,
        "Interest Expense": 16687000.0,
        "Interest Income": 3155000.0,
        "Normalized Income": -23891200.0,
        "Net Income From Continuing And Discontinued Operation": -23267000.0,
        "Total Expenses": 404067000.0,
        "Total Operating Income As Reported": -2897000.0,
        "Diluted Average Shares": 63898761.0,
        "Basic Average Shares": 63898761.0,
        "Diluted EPS": -0.36,
        "Basic EPS": -0.36,
        "Diluted NI Availto Com Stockholders": -23267000.0,
        "Net Income Common Stockholders": -23267000.0,
        "Net Income": -23267000.0,
        "Net Income Including Noncontrolling Interests": -23267000.0,
        "Net Income Discontinuous Operations": 1676000.0,
        "Net Income Continuous Operations": -24943000.0,
        "Earnings From Equity Interest Net Of Tax": -1046000.0,
        "Tax Provision": 3656000.0,
        "Pretax Income": -20241000.0,
        "Other Income Expense": -1862000.0,
        "Other Non Operating Income Expenses": -109000.0,
        "Special Income Charges": NaN,
        "Other Special Charges": NaN,
        "Gain On Sale Of Security": -1753000.0,
        "Net Non Operating Interest Income Expense": -13532000.0,
        "Interest Expense Non Operating": 16687000.0,
        "Interest Income Non Operating": 3155000.0,
        "Operating Income": -4847000.0,
        "Operating Expense": 31542000.0,
        "Other Operating Expenses": 3513000.0,
        "Selling General And Administration": 28029000.0,
        "General And Administrative Expense": NaN,
        "Other Gand A": NaN,
        "Salaries And Wages": NaN,
        "Gross Profit": 26695000.0,
        "Cost Of Revenue": 372525000.0,
        "Total Revenue": 399220000.0,
        "Operating Revenue": 399220000.0
    },
    "2022-03-31": {
        "Diluted EPS": -0.39,
        "Total Revenue": 352,
        "Gross Profit": 6,
        "Operating Income": -16,
        "EBIT": 12,
        "Net Income": -25
    },
    "2021-12-31": {
        "Diluted EPS": -0.34,
        "Total Revenue": 374,
        "Gross Profit": 13,
        "Operating Income": -14,
        "EBIT": 27,
        "Net Income": -24
    },
    "2021-09-30": {
        "Diluted EPS": -0.07,
        "Total Revenue": 374,
        "Gross Profit": 19,
        "Operating Income": 3,
        "EBIT": 38,
        "Net Income": -5
    },
    "2021-06-30": {
        "Diluted EPS": 1.89,
        "Total Revenue": 341,
        "Gross Profit": 22,
        "Operating Income": 1,
        "EBIT": 34,
        "Net Income": 122
    },
    "2021-03-31": {
        "Diluted EPS": -0.43,
        "Total Revenue": 319,
        "Gross Profit": 20,
        "Operating Income": 0,
        "EBIT": 33,
        "Net Income": -27
    },
    "2020-12-31": {
        "Diluted EPS": 0.14,
        "Total Revenue": 286,
        "Gross Profit": 9,
        "Operating Income": -11,
        "EBIT": 28,
        "Net Income": 9
    },
    "2020-09-30": {
        "Diluted EPS": 0.45,
        "Total Revenue": 323,
        "Gross Profit": 22,
        "Operating Income": -1,
        "EBIT": 33,
        "Net Income": 29
    },
    "2020-06-30": {
        "Diluted EPS": -0.2,
        "Total Revenue": 324,
        "Gross Profit": 23,
        "Operating Income": -6,
        "EBIT": 23,
        "Net Income": -13
    },
    "2020-03-31": {
        "Diluted EPS": -0.38,
        "Total Revenue": 410,
        "Gross Profit": 10,
        "Operating Income": -12,
        "EBIT": 26,
        "Net Income": -24
    },
    "2019-12-31": {
        "Diluted EPS": 0.61,
        "Total Revenue": 124,
        "Gross Profit": 11,
        "Operating Income": -1,
        "EBIT": 31,
        "Net Income": 29
    },
    "2019-09-30": {
        "Diluted EPS": -0.29,
        "Total Revenue": 416,
        "Gross Profit": 17,
        "Operating Income": -9,
        "EBIT": 32,
        "Net Income": -16
    },
    "2019-06-30": {
        "Diluted EPS": -0.37,
        "Total Revenue": 450,
        "Gross Profit": 18,
        "Operating Income": -15,
        "EBIT": 20,
        "Net Income": -18
    },
    "2019-03-31": {
        "Diluted EPS": -0.52,
        "Total Revenue": 441,
        "Gross Profit": 8,
        "Operating Income": -28,
        "EBIT": 8,
        "Net Income": -25
    },
    "2018-12-31": {
        "Diluted EPS": 0.15,
        "Total Revenue": 392,
        "Gross Profit": 27,
        "Operating Income": -8,
        "EBIT": 33,
        "Net Income": 9
    },
    "2018-09-30": {
        "Diluted EPS": 0.6,
        "Total Revenue": 501,
        "Gross Profit": 82,
        "Operating Income": 43,
        "EBIT": 79,
        "Net Income": 34
    },
    "2018-06-30": {
        "Diluted EPS": 0.83,
        "Total Revenue": 542,
        "Gross Profit": 101,
        "Operating Income": 66,
        "EBIT": 100,
        "Net Income": 50
    },
    "2018-03-31": {
        "Diluted EPS": 0.38,
        "Total Revenue": 522,
        "Gross Profit": 80,
        "Operating Income": 46,
        "EBIT": 83,
        "Net Income": 21
    },
    "2017-12-31": {
        "Diluted EPS": 5.35,
        "Total Revenue": 328,
        "Gross Profit": 37,
        "Operating Income": -1,
        "EBIT": 33,
        "Net Income": 291
    },
    "2017-09-30": {
        "Diluted EPS": 0.28,
        "Total Revenue": 210,
        "Gross Profit": 32,
        "Operating Income": 19,
        "EBIT": 41,
        "Net Income": 12
    },
    "2017-06-30": {
        "Diluted EPS": 0.03,
        "Total Revenue": 201,
        "Gross Profit": 34,
        "Operating Income": 14,
        "EBIT": 36,
        "Net Income": 1
    },
    "2017-03-31": {
        "Diluted EPS": 0.15,
        "Total Revenue": 201,
        "Gross Profit": 37,
        "Operating Income": 27,
        "EBIT": 49,
        "Net Income": 6
    },
    "2016-12-31": {
        "Diluted EPS": 0.16,
        "Total Revenue": 231,
        "Gross Profit": 47,
        "Operating Income": 31,
        "EBIT": 47,
        "Net Income": 8
    },
    "2016-09-30": {
        "Diluted EPS": 0.44,
        "Total Revenue": 207,
        "Gross Profit": 51,
        "Operating Income": 41,
        "EBIT": 68,
        "Net Income": 20
    },
    "2016-06-30": {
        "Diluted EPS": 0.46,
        "Total Revenue": 214,
        "Gross Profit": 49,
        "Operating Income": 39,
        "EBIT": 62,
        "Net Income": 19
    },
    "2016-03-31": {
        "Diluted EPS": 0.49,
        "Total Revenue": 218,
        "Gross Profit": 40,
        "Operating Income": 32,
        "EBIT": 57,
        "Net Income": 21
    },
    "2015-12-31": {
        "Diluted EPS": 0.3,
        "Total Revenue": 242,
        "Gross Profit": 50,
        "Operating Income": 29,
        "EBIT": 57,
        "Net Income": 13
    },
    "2015-09-30": {
        "Diluted EPS": 0.76,
        "Total Revenue": 258,
        "Gross Profit": 70,
        "Operating Income": 58,
        "EBIT": 85,
        "Net Income": 32
    },
    "2015-06-30": {
        "Diluted EPS": -0.01,
        "Total Revenue": 221,
        "Gross Profit": 45,
        "Operating Income": 9,
        "EBIT": 33,
        "Net Income": 0
    },
    "2015-03-31": {
        "Diluted EPS": 0.25,
        "Total Revenue": 221,
        "Gross Profit": 37,
        "Operating Income": 24,
        "EBIT": 50,
        "Net Income": 11
    },
    "2014-12-31": {
        "Diluted EPS": -0.55,
        "Total Revenue": 248,
        "Gross Profit": 61,
        "Operating Income": -28,
        "EBIT": -1,
        "Net Income": -23
    },
    "2014-09-30": {
        "Diluted EPS": 0.46,
        "Total Revenue": 254,
        "Gross Profit": 56,
        "Operating Income": 42,
        "EBIT": 69,
        "Net Income": 19
    },
    "2014-06-30": {
        "Diluted EPS": 0.11,
        "Total Revenue": 213,
        "Gross Profit": 52,
        "Operating Income": 6,
        "EBIT": 25,
        "Net Income": 5
    },
    "2014-03-31": {
        "Diluted EPS": 0.73,
        "Total Revenue": 243,
        "Gross Profit": 55,
        "Operating Income": 43,
        "EBIT": 65,
        "Net Income": 31
    },
    "2013-12-31": {
        "Diluted EPS": 0.0,
        "Total Revenue": NaN,
        "Gross Profit": NaN,
        "Operating Income": NaN,
        "EBIT": NaN,
        "Net Income": NaN
    },
    "2013-09-30": {
        "Diluted EPS": 0.95,
        "Total Revenue": 226,
        "Gross Profit": 67,
        "Operating Income": 59,
        "EBIT": 84,
        "Net Income": 40
    },
    "2013-06-30": {
        "Diluted EPS": 1.16,
        "Total Revenue": 254,
        "Gross Profit": 84,
        "Operating Income": 72,
        "EBIT": 72,
        "Net Income": 49
    },
    "2012-12-31": {
        "Diluted EPS": 0.0,
        "Total Revenue": NaN,
        "Gross Profit": NaN,
        "Operating Income": NaN,
        "EBIT": NaN,
        "Net Income": NaN
    },
    "2011-12-31": {
        "Diluted EPS": 0.0,
        "Total Revenue": NaN,
        "Gross Profit": NaN,
        "Operating Income": NaN,
        "EBIT": NaN,
        "Net Income": NaN
    },
    "2023-06-30": {
        "Tax Effect Of Unusual Items": -261519.0,
        "Tax Rate For Calcs": 0.179,
        "Normalized EBITDA": 31143000.0,
        "Total Unusual Items": -1461000.0,
        "Total Unusual Items Excluding Goodwill": -1461000.0,
        "Net Income From Continuing Operation Net Minority Interest": -15622000.0,
        "Reconciled Depreciation": 32432000.0,
        "Reconciled Cost Of Revenue": 370785000.0,
        "EBITDA": 29682000.0,
        "EBIT": -2750000.0,
        "Net Interest Income": -15438000.0,
        "Interest Expense": 15438000.0,
        "Interest Income": NaN,
        "Normalized Income": -14422519.0,
        "Net Income From Continuing And Discontinued Operation": -16750000.0,
        "Total Expenses": 390009000.0,
        "Total Operating Income As Reported": -6456000.0,
        "Diluted Average Shares": 65226344.0,
        "Basic Average Shares": 65226344.0,
        "Diluted EPS": -0.26,
        "Basic EPS": -0.26,
        "Diluted NI Availto Com Stockholders": -16750000.0,
        "Net Income Common Stockholders": -16750000.0,
        "Net Income": -16750000.0,
        "Net Income Including Noncontrolling Interests": -16750000.0,
        "Net Income Discontinuous Operations": -1128000.0,
        "Net Income Continuous Operations": -15622000.0,
        "Earnings From Equity Interest Net Of Tax": -683000.0,
        "Tax Provision": -3249000.0,
        "Pretax Income": -18188000.0,
        "Other Income Expense": 1846000.0,
        "Other Non Operating Income Expenses": 3307000.0,
        "Special Income Charges": 0.0,
        "Other Special Charges": NaN,
        "Restructuring And Mergern Acquisition": 0.0,
        "Gain On Sale Of Security": -1461000.0,
        "Net Non Operating Interest Income Expense": -15438000.0,
        "Interest Expense Non Operating": 15438000.0,
        "Interest Income Non Operating": NaN,
        "Operating Income": -4596000.0,
        "Operating Expense": 19224000.0,
        "Other Operating Expenses": 1627000.0,
        "Selling General And Administration": 17597000.0,
        "General And Administrative Expense": 17597000.0,
        "Other Gand A": 17996000.0,
        "Salaries And Wages": -399000.0,
        "Gross Profit": 14628000.0,
        "Cost Of Revenue": 370785000.0,
        "Total Revenue": 385413000.0,
        "Operating Revenue": 385413000.0
    },
    "2023-09-30": {
        "Tax Effect Of Unusual Items": 106080.0,
        "Tax Rate For Calcs": 0.17,
        "Normalized EBITDA": 25102000.0,
        "Total Unusual Items": 624000.0,
        "Total Unusual Items Excluding Goodwill": 624000.0,
        "Net Income From Continuing Operation Net Minority Interest": -26540000.0,
        "Reconciled Depreciation": 36384000.0,
        "Reconciled Cost Of Revenue": 359938000.0,
        "EBITDA": 25726000.0,
        "EBIT": -10658000.0,
        "Net Interest Income": -21015000.0,
        "Interest Expense": 21015000.0,
        "Interest Income": NaN,
        "Normalized Income": -27057920.0,
        "Net Income From Continuing And Discontinued Operation": -25100000.0,
        "Total Expenses": 383734000.0,
        "Total Operating Income As Reported": -14440000.0,
        "Diluted Average Shares": 65343418.0,
        "Basic Average Shares": 65343418.0,
        "Diluted EPS": -0.39,
        "Basic EPS": -0.39,
        "Diluted NI Availto Com Stockholders": -25100000.0,
        "Net Income Common Stockholders": -25100000.0,
        "Net Income": -25100000.0,
        "Net Income Including Noncontrolling Interests": -25100000.0,
        "Net Income Discontinuous Operations": 1440000.0,
        "Net Income Continuous Operations": -26540000.0,
        "Earnings From Equity Interest Net Of Tax": -259000.0,
        "Tax Provision": -5392000.0,
        "Pretax Income": -31673000.0,
        "Other Income Expense": 4406000.0,
        "Other Non Operating Income Expenses": 3782000.0,
        "Special Income Charges": NaN,
        "Other Special Charges": NaN,
        "Restructuring And Mergern Acquisition": NaN,
        "Gain On Sale Of Security": 624000.0,
        "Net Non Operating Interest Income Expense": -21015000.0,
        "Interest Expense Non Operating": 21015000.0,
        "Interest Income Non Operating": NaN,
        "Operating Income": -15064000.0,
        "Operating Expense": 23796000.0,
        "Other Operating Expenses": 2634000.0,
        "Selling General And Administration": 21162000.0,
        "General And Administrative Expense": 21162000.0,
        "Other Gand A": 21162000.0,
        "Salaries And Wages": NaN,
        "Gross Profit": 8732000.0,
        "Cost Of Revenue": 359938000.0,
        "Total Revenue": 368670000.0,
        "Operating Revenue": 368670000.0
    },
    "2023-12-31": {
        "Tax Effect Of Unusual Items": -17081055.916775,
        "Tax Rate For Calcs": 0.256238,
        "Normalized EBITDA": 42149000.0,
        "Total Unusual Items": -66661000.0,
        "Total Unusual Items Excluding Goodwill": -66661000.0,
        "Net Income From Continuing Operation Net Minority Interest": -61592000.0,
        "Reconciled Depreciation": 35910000.0,
        "Reconciled Cost Of Revenue": 395132000.0,
        "EBITDA": -24512000.0,
        "EBIT": -60422000.0,
        "Net Interest Income": -21861000.0,
        "Interest Expense": 21861000.0,
        "Interest Income": NaN,
        "Normalized Income": -12012055.916775,
        "Net Income From Continuing And Discontinued Operation": -61592000.0,
        "Total Expenses": 416059000.0,
        "Total Operating Income As Reported": -60962000.0,
        "Diluted Average Shares": 65356895.0,
        "Basic Average Shares": 65356895.0,
        "Diluted EPS": -0.94,
        "Basic EPS": -0.94,
        "Diluted NI Availto Com Stockholders": -61592000.0,
        "Net Income Common Stockholders": -61592000.0,
        "Net Income": -61592000.0,
        "Net Income Including Noncontrolling Interests": -61592000.0,
        "Net Income Discontinuous Operations": 0.0,
        "Net Income Continuous Operations": -61592000.0,
        "Earnings From Equity Interest Net Of Tax": -393000.0,
        "Tax Provision": -21084000.0,
        "Pretax Income": -82283000.0,
        "Other Income Expense": -66849000.0,
        "Other Non Operating Income Expenses": -392000.0,
        "Special Income Charges": NaN,
        "Other Special Charges": NaN,
        "Restructuring And Mergern Acquisition": NaN,
        "Gain On Sale Of Security": -1489000.0,
        "Net Non Operating Interest Income Expense": -21861000.0,
        "Interest Expense Non Operating": 21861000.0,
        "Interest Income Non Operating": NaN,
        "Operating Income": 6427000.0,
        "Operating Expense": 20927000.0,
        "Other Operating Expenses": 4800000.0,
        "Selling General And Administration": 16127000.0,
        "General And Administrative Expense": 16127000.0,
        "Other Gand A": 17059000.0,
        "Salaries And Wages": -932000.0,
        "Gross Profit": 27354000.0,
        "Cost Of Revenue": 395132000.0,
        "Total Revenue": 422486000.0,
        "Operating Revenue": 422486000.0
    },
    "2024-03-31": {
        "Tax Effect Of Unusual Items": 864567.0,
        "Tax Rate For Calcs": 0.297,
        "Normalized EBITDA": 49637000.0,
        "Total Unusual Items": 2911000.0,
        "Total Unusual Items Excluding Goodwill": 2911000.0,
        "Net Income From Continuing Operation Net Minority Interest": -1570000.0,
        "Reconciled Depreciation": 33283000.0,
        "Reconciled Cost Of Revenue": 350895000.0,
        "EBITDA": 52548000.0,
        "EBIT": 19265000.0,
        "Net Interest Income": -20855000.0,
        "Interest Expense": 20855000.0,
        "Interest Income": NaN,
        "Normalized Income": -3616433.0,
        "Net Income From Continuing And Discontinued Operation": -1570000.0,
        "Total Expenses": 372572000.0,
        "Total Operating Income As Reported": 17075000.0,
        "Diluted Average Shares": 65447454.0,
        "Basic Average Shares": 65447454.0,
        "Diluted EPS": -0.02,
        "Basic EPS": -0.02,
        "Diluted NI Availto Com Stockholders": -1570000.0,
        "Net Income Common Stockholders": -1570000.0,
        "Net Income": -1570000.0,
        "Net Income Including Noncontrolling Interests": -1570000.0,
        "Net Income Discontinuous Operations": NaN,
        "Net Income Continuous Operations": -1570000.0,
        "Earnings From Equity Interest Net Of Tax": -452000.0,
        "Tax Provision": -472000.0,
        "Pretax Income": -1590000.0,
        "Other Income Expense": 4181000.0,
        "Other Non Operating Income Expenses": 1270000.0,
        "Special Income Charges": NaN,
        "Other Special Charges": NaN,
        "Restructuring And Mergern Acquisition": NaN,
        "Gain On Sale Of Security": 2911000.0,
        "Net Non Operating Interest Income Expense": -20855000.0,
        "Interest Expense Non Operating": 20855000.0,
        "Interest Income Non Operating": NaN,
        "Operating Income": 15084000.0,
        "Operating Expense": 21677000.0,
        "Other Operating Expenses": 1522000.0,
        "Selling General And Administration": 20155000.0,
        "General And Administrative Expense": 20155000.0,
        "Other Gand A": 21075000.0,
        "Salaries And Wages": -920000.0,
        "Gross Profit": 36761000.0,
        "Cost Of Revenue": 350895000.0,
        "Total Revenue": 387656000.0,
        "Operating Revenue": 387656000.0
    },
    "2024-06-30": {
        "Tax Effect Of Unusual Items": -1274280.0,
        "Tax Rate For Calcs": 0.21,
        "Normalized EBITDA": 68624000.0,
        "Total Unusual Items": -6068000.0,
        "Total Unusual Items Excluding Goodwill": -6068000.0,
        "Net Income From Continuing Operation Net Minority Interest": 8173000.0,
        "Reconciled Depreciation": 33511000.0,
        "Reconciled Cost Of Revenue": 370736000.0,
        "EBITDA": 62556000.0,
        "EBIT": 29045000.0,
        "Net Interest Income": -21270000.0,
        "Interest Expense": 21270000.0,
        "Interest Income": NaN,
        "Normalized Income": 12966720.0,
        "Net Income From Continuing And Discontinued Operation": 11390000.0,
        "Total Expenses": 384583000.0,
        "Total Operating Income As Reported": 28197000.0,
        "Diluted Average Shares": 68790311.0,
        "Basic Average Shares": 65716362.0,
        "Diluted EPS": 0.17,
        "Basic EPS": 0.17,
        "Diluted NI Availto Com Stockholders": 11390000.0,
        "Net Income Common Stockholders": 11390000.0,
        "Net Income": 11390000.0,
        "Net Income Including Noncontrolling Interests": 11390000.0,
        "Net Income Discontinuous Operations": 3217000.0,
        "Net Income Continuous Operations": 8173000.0,
        "Earnings From Equity Interest Net Of Tax": -451000.0,
        "Tax Provision": -849000.0,
        "Pretax Income": 7775000.0,
        "Other Income Expense": -5417000.0,
        "Other Non Operating Income Expenses": 651000.0,
        "Special Income Charges": -6626000.0,
        "Other Special Charges": NaN,
        "Restructuring And Mergern Acquisition": 6626000.0,
        "Gain On Sale Of Security": 558000.0,
        "Net Non Operating Interest Income Expense": -21270000.0,
        "Interest Expense Non Operating": 21270000.0,
        "Interest Income Non Operating": NaN,
        "Operating Income": 34462000.0,
        "Operating Expense": 13847000.0,
        "Other Operating Expenses": -7765000.0,
        "Selling General And Administration": 21612000.0,
        "General And Administrative Expense": 21612000.0,
        "Other Gand A": 21809000.0,
        "Salaries And Wages": -197000.0,
        "Gross Profit": 48309000.0,
        "Cost Of Revenue": 370736000.0,
        "Total Revenue": 419045000.0,
        "Operating Revenue": 419045000.0
    }
}