{
    "2023-03-31": {
        "Tax Effect Of Unusual Items": -104958.0,
        "Tax Rate For Calcs": 0.147,
        "Total Unusual Items": -714000.0,
        "Total Unusual Items Excluding Goodwill": -714000.0,
        "Net Income From Continuing Operation Net Minority Interest": 13160000.0,
        "Reconciled Depreciation": 27377000.0,
        "EBIT": 72220000.0,
        "Net Interest Income": -29468000.0,
        "Interest Expense": 29468000.0,
        "Normalized Income": 13769042.0,
        "Net Income From Continuing And Discontinued Operation": 13160000.0,
        "Total Expenses": 414847000.0,
        "Diluted Average Shares": 266978224.0,
        "Basic Average Shares": 111034503.0,
        "Diluted EPS": 0.11,
        "Basic EPS": 0.12,
        "Diluted NI Availto Com Stockholders": 30565000.0,
        "Average Dilution Earnings": 17180000.0,
        "Net Income Common Stockholders": 13385000.0,
        "Otherunder Preferred Stock Dividend": -225000.0,
        "Net Income": 13160000.0,
        "Minority Interests": -23297000.0,
        "Net Income Including Noncontrolling Interests": 36457000.0,
        "Net Income Continuous Operations": 36457000.0,
        "Tax Provision": 6295000.0,
        "Pretax Income": 42752000.0,
        "Special Income Charges": -714000.0,
        "Restructuring And Mergern Acquisition": 714000.0,
        "Net Non Operating Interest Income Expense": -29468000.0,
        "Interest Expense Non Operating": 29468000.0,
        "Other Operating Expenses": -138000.0,
        "Depreciation And Amortization In Income Statement": 27377000.0,
        "Amortization": 25185000.0,
        "Depreciation Income Statement": 2192000.0,
        "Selling General And Administration": 359421000.0,
        "General And Administrative Expense": 359421000.0,
        "Other Gand A": 51699000.0,
        "Salaries And Wages": 307722000.0,
        "Total Revenue": 457599000.0,
        "Operating Revenue": 457599000.0
    },
    "2022-12-31": {
        "Tax Effect Of Unusual Items": -145110.687245,
        "Tax Rate For Calcs": 0.113456,
        "Total Unusual Items": -1279000.0,
        "Total Unusual Items Excluding Goodwill": -1279000.0,
        "Net Income From Continuing Operation Net Minority Interest": 17895000.0,
        "Reconciled Depreciation": 26825000.0,
        "EBIT": 81008000.0,
        "Net Interest Income": -29367000.0,
        "Interest Expense": 29367000.0,
        "Normalized Income": 19028889.312755,
        "Net Income From Continuing And Discontinued Operation": 17895000.0,
        "Total Expenses": 383374000.0,
        "Diluted Average Shares": 267771000.0,
        "Basic Average Shares": 112437825.0,
        "Diluted EPS": 0.14,
        "Basic EPS": 0.16,
        "Diluted NI Availto Com Stockholders": -37513000.0,
        "Average Dilution Earnings": NaN,
        "Net Income Common Stockholders": 17299000.0,
        "Otherunder Preferred Stock Dividend": NaN,
        "Net Income": 17895000.0,
        "Minority Interests": -27887000.0,
        "Net Income Including Noncontrolling Interests": 45782000.0,
        "Net Income Continuous Operations": 45782000.0,
        "Tax Provision": 5859000.0,
        "Pretax Income": 51641000.0,
        "Special Income Charges": -1279000.0,
        "Restructuring And Mergern Acquisition": 1279000.0,
        "Net Non Operating Interest Income Expense": -29367000.0,
        "Interest Expense Non Operating": 29367000.0,
        "Other Operating Expenses": -1759000.0,
        "Depreciation And Amortization In Income Statement": 26825000.0,
        "Amortization": 25038000.0,
        "Depreciation Income Statement": 1787000.0,
        "Selling General And Administration": 327662000.0,
        "General And Administrative Expense": 327662000.0,
        "Other Gand A": 57120000.0,
        "Salaries And Wages": 270542000.0,
        "Total Revenue": 435015000.0,
        "Operating Revenue": 435015000.0
    },
    "2022-09-30": {
        "Tax Effect Of Unusual Items": -44161.2,
        "Tax Rate For Calcs": 0.1044,
        "Total Unusual Items": -423000.0,
        "Total Unusual Items Excluding Goodwill": -423000.0,
        "Net Income From Continuing Operation Net Minority Interest": 11745000.0,
        "Reconciled Depreciation": 27130000.0,
        "EBIT": 61554000.0,
        "Net Interest Income": -28864000.0,
        "Interest Expense": 28864000.0,
        "Normalized Income": 12123838.8,
        "Net Income From Continuing And Discontinued Operation": 11745000.0,
        "Total Expenses": 379306000.0,
        "Diluted Average Shares": 266352389.0,
        "Basic Average Shares": 109428073.0,
        "Diluted EPS": 0.09,
        "Basic EPS": 0.11,
        "Diluted NI Availto Com Stockholders": 24824000.0,
        "Average Dilution Earnings": 12914000.0,
        "Net Income Common Stockholders": 11910000.0,
        "Otherunder Preferred Stock Dividend": -165000.0,
        "Net Income": 11745000.0,
        "Minority Interests": -17534000.0,
        "Net Income Including Noncontrolling Interests": 29279000.0,
        "Net Income Continuous Operations": 29279000.0,
        "Tax Provision": 3411000.0,
        "Pretax Income": 32690000.0,
        "Special Income Charges": -423000.0,
        "Restructuring And Mergern Acquisition": 423000.0,
        "Net Non Operating Interest Income Expense": -28864000.0,
        "Interest Expense Non Operating": 28864000.0,
        "Other Operating Expenses": -66000.0,
        "Depreciation And Amortization In Income Statement": 27130000.0,
        "Amortization": 25667000.0,
        "Depreciation Income Statement": 1463000.0,
        "Selling General And Administration": 323099000.0,
        "General And Administrative Expense": 323099000.0,
        "Other Gand A": 48991000.0,
        "Salaries And Wages": 274108000.0,
        "Total Revenue": 411996000.0,
        "Operating Revenue": 411996000.0
    },
    "2022-06-30": {
        "Tax Effect Of Unusual Items": 34484.401142,
        "Tax Rate For Calcs": 0.137388,
        "Total Unusual Items": 251000.0,
        "Total Unusual Items Excluding Goodwill": 251000.0,
        "Net Income From Continuing Operation Net Minority Interest": 70120000.0,
        "Reconciled Depreciation": 27462000.0,
        "EBIT": 106134000.0,
        "Net Interest Income": -24846000.0,
        "Interest Expense": 24846000.0,
        "Normalized Income": 69903484.401142,
        "Net Income From Continuing And Discontinued Operation": 70120000.0,
        "Total Expenses": 410004000.0,
        "Diluted Average Shares": 120204902.0,
        "Basic Average Shares": 108054437.0,
        "Diluted EPS": 0.22,
        "Basic EPS": 0.23,
        "Diluted NI Availto Com Stockholders": 70120000.0,
        "Average Dilution Earnings": 1544000.0,
        "Net Income Common Stockholders": 70120000.0,
        "Otherunder Preferred Stock Dividend": -387000.0,
        "Net Income": 70120000.0,
        "Minority Interests": -45619000.0,
        "Net Income Including Noncontrolling Interests": 70120000.0,
        "Net Income Continuous Operations": 70120000.0,
        "Tax Provision": 11168000.0,
        "Pretax Income": 81288000.0,
        "Special Income Charges": 251000.0,
        "Restructuring And Mergern Acquisition": -251000.0,
        "Net Non Operating Interest Income Expense": -24846000.0,
        "Interest Expense Non Operating": 24846000.0,
        "Other Operating Expenses": -622000.0,
        "Depreciation And Amortization In Income Statement": 27462000.0,
        "Amortization": 26233000.0,
        "Depreciation Income Statement": 1229000.0,
        "Selling General And Administration": 358553000.0,
        "General And Administrative Expense": 358553000.0,
        "Other Gand A": 48495000.0,
        "Salaries And Wages": 310058000.0,
        "Total Revenue": 491292000.0,
        "Operating Revenue": 491292000.0
    },
    "2022-03-31": {
        "Diluted EPS": 0.06,
        "Total Revenue": 387,
        "Gross Profit": 387,
        "Operating Income": 43,
        "EBIT": 74,
        "Net Income": 7
    },
    "2021-12-31": {
        "Diluted EPS": 0.09,
        "Total Revenue": 379,
        "Gross Profit": 379,
        "Operating Income": 55,
        "EBIT": 85,
        "Net Income": 10
    },
    "2021-09-30": {
        "Diluted EPS": -0.16,
        "Total Revenue": 353,
        "Gross Profit": 353,
        "Operating Income": -1,
        "EBIT": 31,
        "Net Income": -1
    },
    "2021-06-30": {
        "Diluted EPS": 0.0,
        "Total Revenue": 390,
        "Gross Profit": 390,
        "Operating Income": 92,
        "EBIT": 123,
        "Net Income": 63
    },
    "2021-03-31": {
        "Diluted EPS": 0.0,
        "Total Revenue": 311,
        "Gross Profit": 311,
        "Operating Income": 40,
        "EBIT": 71,
        "Net Income": -6
    },
    "2020-12-31": {
        "Diluted EPS": 0.0,
        "Total Revenue": 327,
        "Gross Profit": 327,
        "Operating Income": 49,
        "EBIT": 82,
        "Net Income": -4
    },
    "2020-09-30": {
        "Diluted EPS": 0.0,
        "Total Revenue": 237,
        "Gross Profit": 237,
        "Operating Income": 26,
        "EBIT": 44,
        "Net Income": 10
    },
    "2020-06-30": {
        "Diluted EPS": 0.0,
        "Total Revenue": 246,
        "Gross Profit": 246,
        "Operating Income": 58,
        "EBIT": 68,
        "Net Income": 50
    },
    "2020-03-31": {
        "Diluted EPS": 0.0,
        "Total Revenue": 208,
        "Gross Profit": 208,
        "Operating Income": 27,
        "EBIT": 38,
        "Net Income": 12
    },
    "2019-12-31": {
        "Diluted EPS": 0.0,
        "Total Revenue": NaN,
        "Gross Profit": NaN,
        "Operating Income": NaN,
        "EBIT": NaN,
        "Net Income": NaN
    },
    "2023-06-30": {
        "Tax Effect Of Unusual Items": -219112.0,
        "Tax Rate For Calcs": 0.122,
        "Total Unusual Items": -1796000.0,
        "Total Unusual Items Excluding Goodwill": -1796000.0,
        "Net Income From Continuing Operation Net Minority Interest": 30078000.0,
        "Reconciled Depreciation": 26545000.0,
        "EBIT": 124348000.0,
        "Net Interest Income": -28881000.0,
        "Interest Expense": 28881000.0,
        "Normalized Income": 31654888.0,
        "Net Income From Continuing And Discontinued Operation": 30078000.0,
        "Total Expenses": 489682000.0,
        "Diluted Average Shares": 123845655.0,
        "Basic Average Shares": 112915557.0,
        "Diluted EPS": 0.26,
        "Basic EPS": 0.27,
        "Diluted NI Availto Com Stockholders": 32105000.0,
        "Average Dilution Earnings": 1621000.0,
        "Net Income Common Stockholders": 30484000.0,
        "Otherunder Preferred Stock Dividend": -406000.0,
        "Net Income": 30078000.0,
        "Minority Interests": -53739000.0,
        "Net Income Including Noncontrolling Interests": 83817000.0,
        "Net Income Continuous Operations": 83817000.0,
        "Tax Provision": 11650000.0,
        "Pretax Income": 95467000.0,
        "Special Income Charges": -1796000.0,
        "Restructuring And Mergern Acquisition": 1796000.0,
        "Net Non Operating Interest Income Expense": -28881000.0,
        "Interest Expense Non Operating": 28881000.0,
        "Other Operating Expenses": 108000.0,
        "Depreciation And Amortization In Income Statement": 26545000.0,
        "Amortization": 24368000.0,
        "Depreciation Income Statement": 2177000.0,
        "Selling General And Administration": 433968000.0,
        "General And Administrative Expense": 433968000.0,
        "Other Gand A": 81608000.0,
        "Salaries And Wages": 352360000.0,
        "Total Revenue": 585149000.0,
        "Operating Revenue": 585149000.0
    },
    "2023-09-30": {
        "Tax Effect Of Unusual Items": -388080.0,
        "Tax Rate For Calcs": 0.21,
        "Total Unusual Items": -1848000.0,
        "Total Unusual Items Excluding Goodwill": -1848000.0,
        "Net Income From Continuing Operation Net Minority Interest": -5047000.0,
        "Reconciled Depreciation": 31773000.0,
        "EBIT": 72021000.0,
        "Net Interest Income": -31491000.0,
        "Interest Expense": 31491000.0,
        "Normalized Income": -3587080.0,
        "Net Income From Continuing And Discontinued Operation": -5047000.0,
        "Total Expenses": 461408000.0,
        "Diluted Average Shares": 115872327.0,
        "Basic Average Shares": 115872327.0,
        "Diluted EPS": -0.04,
        "Basic EPS": -0.04,
        "Diluted NI Availto Com Stockholders": -5147000.0,
        "Average Dilution Earnings": 0.0,
        "Net Income Common Stockholders": -5147000.0,
        "Otherunder Preferred Stock Dividend": 100000.0,
        "Net Income": -5047000.0,
        "Minority Interests": -20750000.0,
        "Net Income Including Noncontrolling Interests": 15703000.0,
        "Net Income Continuous Operations": 15703000.0,
        "Tax Provision": 24827000.0,
        "Pretax Income": 40530000.0,
        "Special Income Charges": -1848000.0,
        "Restructuring And Mergern Acquisition": 1848000.0,
        "Net Non Operating Interest Income Expense": -31491000.0,
        "Interest Expense Non Operating": 31491000.0,
        "Other Operating Expenses": 67000.0,
        "Depreciation And Amortization In Income Statement": 31773000.0,
        "Amortization": 29572000.0,
        "Depreciation Income Statement": 2201000.0,
        "Selling General And Administration": 398500000.0,
        "General And Administrative Expense": 398500000.0,
        "Other Gand A": 69288000.0,
        "Salaries And Wages": 329212000.0,
        "Total Revenue": 501938000.0,
        "Operating Revenue": 501938000.0
    },
    "2023-12-31": {
        "Tax Effect Of Unusual Items": -12089.343653,
        "Tax Rate For Calcs": 0.011373,
        "Total Unusual Items": -1063000.0,
        "Total Unusual Items Excluding Goodwill": -1063000.0,
        "Net Income From Continuing Operation Net Minority Interest": 22846000.0,
        "Reconciled Depreciation": 30142000.0,
        "EBIT": 88843000.0,
        "Net Interest Income": -29667000.0,
        "Interest Expense": 29667000.0,
        "Normalized Income": 23896910.656347,
        "Net Income From Continuing And Discontinued Operation": 22846000.0,
        "Total Expenses": 473687000.0,
        "Diluted Average Shares": NaN,
        "Basic Average Shares": NaN,
        "Diluted EPS": NaN,
        "Basic EPS": NaN,
        "Diluted NI Availto Com Stockholders": 23206000.0,
        "Average Dilution Earnings": 1057000.0,
        "Net Income Common Stockholders": 22149000.0,
        "Otherunder Preferred Stock Dividend": 697000.0,
        "Net Income": 22846000.0,
        "Minority Interests": -35657000.0,
        "Net Income Including Noncontrolling Interests": 58503000.0,
        "Net Income Continuous Operations": 58503000.0,
        "Tax Provision": 673000.0,
        "Pretax Income": 59176000.0,
        "Special Income Charges": -1063000.0,
        "Restructuring And Mergern Acquisition": 1063000.0,
        "Net Non Operating Interest Income Expense": -29667000.0,
        "Interest Expense Non Operating": 29667000.0,
        "Other Operating Expenses": 10343000.0,
        "Depreciation And Amortization In Income Statement": 30142000.0,
        "Amortization": 27674000.0,
        "Depreciation Income Statement": 2468000.0,
        "Selling General And Administration": 405321000.0,
        "General And Administrative Expense": 405321000.0,
        "Other Gand A": 73586000.0,
        "Salaries And Wages": 331735000.0,
        "Total Revenue": 532863000.0,
        "Operating Revenue": 532863000.0
    },
    "2024-03-31": {
        "Tax Effect Of Unusual Items": 8905.0,
        "Tax Rate For Calcs": 0.137,
        "Total Unusual Items": 65000.0,
        "Total Unusual Items Excluding Goodwill": 65000.0,
        "Net Income From Continuing Operation Net Minority Interest": 16535000.0,
        "Reconciled Depreciation": 30068000.0,
        "EBIT": 76503000.0,
        "Net Interest Income": -29400000.0,
        "Interest Expense": 29400000.0,
        "Normalized Income": 16478905.0,
        "Net Income From Continuing And Discontinued Operation": 16535000.0,
        "Total Expenses": 504943000.0,
        "Diluted Average Shares": 269922368.0,
        "Basic Average Shares": 117811805.0,
        "Diluted EPS": 0.13,
        "Basic EPS": 0.14,
        "Diluted NI Availto Com Stockholders": 34227000.0,
        "Average Dilution Earnings": 18242000.0,
        "Net Income Common Stockholders": 15985000.0,
        "Otherunder Preferred Stock Dividend": 550000.0,
        "Net Income": 16535000.0,
        "Minority Interests": -24142000.0,
        "Net Income Including Noncontrolling Interests": 40677000.0,
        "Net Income Continuous Operations": 40677000.0,
        "Tax Provision": 6426000.0,
        "Pretax Income": 47103000.0,
        "Special Income Charges": 65000.0,
        "Restructuring And Mergern Acquisition": -65000.0,
        "Net Non Operating Interest Income Expense": -29400000.0,
        "Interest Expense Non Operating": 29400000.0,
        "Other Operating Expenses": 1752000.0,
        "Depreciation And Amortization In Income Statement": 30068000.0,
        "Amortization": 27988000.0,
        "Depreciation Income Statement": 2080000.0,
        "Selling General And Administration": 449394000.0,
        "General And Administrative Expense": 449394000.0,
        "Other Gand A": 75867000.0,
        "Salaries And Wages": 373527000.0,
        "Total Revenue": 552046000.0,
        "Operating Revenue": 552046000.0
    }
}