{
    "2024-03-31": {
        "Tax Effect Of Unusual Items": 0.0,
        "Tax Rate For Calcs": 0.0,
        "Normalized EBITDA": -14245000.0,
        "Total Unusual Items": -1959000.0,
        "Total Unusual Items Excluding Goodwill": -1959000.0,
        "Net Income From Continuing Operation Net Minority Interest": -17050000.0,
        "Reconciled Depreciation": 9000.0,
        "EBITDA": -16204000.0,
        "EBIT": -16213000.0,
        "Net Interest Income": 1122000.0,
        "Interest Expense": NaN,
        "Interest Income": 1122000.0,
        "Normalized Income": -15091000.0,
        "Net Income From Continuing And Discontinued Operation": -17050000.0,
        "Total Expenses": 16213000.0,
        "Total Operating Income As Reported": -16213000.0,
        "Diluted Average Shares": 50811000.0,
        "Basic Average Shares": 50811000.0,
        "Diluted EPS": -0.34,
        "Basic EPS": -0.34,
        "Diluted NI Availto Com Stockholders": -17050000.0,
        "Net Income Common Stockholders": -17050000.0,
        "Net Income": -17050000.0,
        "Net Income Including Noncontrolling Interests": -17050000.0,
        "Net Income Continuous Operations": -17050000.0,
        "Pretax Income": -17050000.0,
        "Other Income Expense": -1959000.0,
        "Gain On Sale Of Security": -1959000.0,
        "Net Non Operating Interest Income Expense": 1122000.0,
        "Interest Expense Non Operating": NaN,
        "Interest Income Non Operating": 1122000.0,
        "Operating Income": -16213000.0,
        "Operating Expense": 16213000.0,
        "Research And Development": 12401000.0,
        "Selling General And Administration": 3812000.0,
        "General And Administrative Expense": 3812000.0,
        "Other Gand A": 3812000.0,
        "Total Revenue": 0.0,
        "Operating Revenue": 0.0
    },
    "2023-12-31": {
        "Tax Effect Of Unusual Items": 0.0,
        "Tax Rate For Calcs": 0.0,
        "Normalized EBITDA": -15166000.0,
        "Total Unusual Items": -18000.0,
        "Total Unusual Items Excluding Goodwill": -18000.0,
        "Net Income From Continuing Operation Net Minority Interest": -13909000.0,
        "Reconciled Depreciation": 10000.0,
        "EBITDA": -15184000.0,
        "EBIT": -15194000.0,
        "Net Interest Income": 1303000.0,
        "Interest Expense": NaN,
        "Interest Income": 1303000.0,
        "Normalized Income": -13891000.0,
        "Net Income From Continuing And Discontinued Operation": -13909000.0,
        "Total Expenses": 15194000.0,
        "Total Operating Income As Reported": -15194000.0,
        "Diluted Average Shares": 51408000.0,
        "Basic Average Shares": 51408000.0,
        "Diluted EPS": -0.27,
        "Basic EPS": -0.27,
        "Diluted NI Availto Com Stockholders": -13909000.0,
        "Net Income Common Stockholders": -13909000.0,
        "Net Income": -13909000.0,
        "Net Income Including Noncontrolling Interests": -13909000.0,
        "Net Income Continuous Operations": -13909000.0,
        "Pretax Income": -13909000.0,
        "Other Income Expense": -18000.0,
        "Gain On Sale Of Security": -18000.0,
        "Net Non Operating Interest Income Expense": 1303000.0,
        "Interest Expense Non Operating": NaN,
        "Interest Income Non Operating": 1303000.0,
        "Operating Income": -15194000.0,
        "Operating Expense": 15194000.0,
        "Research And Development": 12039000.0,
        "Selling General And Administration": 3155000.0,
        "General And Administrative Expense": 3155000.0,
        "Other Gand A": 3155000.0,
        "Total Revenue": 0.0,
        "Operating Revenue": 0.0
    },
    "2023-09-30": {
        "Tax Effect Of Unusual Items": 0.0,
        "Tax Rate For Calcs": 0.0,
        "Normalized EBITDA": -15890000.0,
        "Total Unusual Items": -14000.0,
        "Total Unusual Items Excluding Goodwill": -14000.0,
        "Net Income From Continuing Operation Net Minority Interest": -14524000.0,
        "Reconciled Depreciation": 10000.0,
        "EBITDA": -15904000.0,
        "EBIT": -15914000.0,
        "Net Interest Income": 1404000.0,
        "Interest Expense": NaN,
        "Interest Income": 1404000.0,
        "Normalized Income": -14510000.0,
        "Net Income From Continuing And Discontinued Operation": -14524000.0,
        "Total Expenses": 15914000.0,
        "Total Operating Income As Reported": -15914000.0,
        "Diluted Average Shares": 51409000.0,
        "Basic Average Shares": 51409000.0,
        "Diluted EPS": -0.28,
        "Basic EPS": -0.28,
        "Diluted NI Availto Com Stockholders": -14524000.0,
        "Net Income Common Stockholders": -14524000.0,
        "Net Income": -14524000.0,
        "Net Income Including Noncontrolling Interests": -14524000.0,
        "Net Income Continuous Operations": -14524000.0,
        "Pretax Income": -14524000.0,
        "Other Income Expense": -14000.0,
        "Gain On Sale Of Security": -14000.0,
        "Net Non Operating Interest Income Expense": 1404000.0,
        "Interest Expense Non Operating": NaN,
        "Interest Income Non Operating": 1404000.0,
        "Operating Income": -15914000.0,
        "Operating Expense": 15914000.0,
        "Research And Development": 12214000.0,
        "Selling General And Administration": 3700000.0,
        "General And Administrative Expense": 3700000.0,
        "Other Gand A": 3700000.0,
        "Total Revenue": 0.0,
        "Operating Revenue": 0.0
    },
    "2023-06-30": {
        "Tax Effect Of Unusual Items": NaN,
        "Tax Rate For Calcs": NaN,
        "Normalized EBITDA": NaN,
        "Total Unusual Items": NaN,
        "Total Unusual Items Excluding Goodwill": NaN,
        "Net Income From Continuing Operation Net Minority Interest": NaN,
        "Reconciled Depreciation": NaN,
        "EBITDA": NaN,
        "EBIT": NaN,
        "Net Interest Income": NaN,
        "Interest Expense": 0.0,
        "Interest Income": NaN,
        "Normalized Income": NaN,
        "Net Income From Continuing And Discontinued Operation": NaN,
        "Total Expenses": NaN,
        "Total Operating Income As Reported": NaN,
        "Diluted Average Shares": NaN,
        "Basic Average Shares": NaN,
        "Diluted EPS": NaN,
        "Basic EPS": NaN,
        "Diluted NI Availto Com Stockholders": NaN,
        "Net Income Common Stockholders": NaN,
        "Net Income": NaN,
        "Net Income Including Noncontrolling Interests": NaN,
        "Net Income Continuous Operations": NaN,
        "Pretax Income": NaN,
        "Other Income Expense": NaN,
        "Gain On Sale Of Security": NaN,
        "Net Non Operating Interest Income Expense": NaN,
        "Interest Expense Non Operating": 0.0,
        "Interest Income Non Operating": NaN,
        "Operating Income": NaN,
        "Operating Expense": NaN,
        "Research And Development": NaN,
        "Selling General And Administration": NaN,
        "General And Administrative Expense": NaN,
        "Other Gand A": NaN,
        "Total Revenue": NaN,
        "Operating Revenue": NaN
    },
    "2023-03-31": {
        "Tax Effect Of Unusual Items": NaN,
        "Tax Rate For Calcs": NaN,
        "Normalized EBITDA": NaN,
        "Total Unusual Items": NaN,
        "Total Unusual Items Excluding Goodwill": NaN,
        "Net Income From Continuing Operation Net Minority Interest": NaN,
        "Reconciled Depreciation": NaN,
        "EBITDA": NaN,
        "EBIT": NaN,
        "Net Interest Income": NaN,
        "Interest Expense": 0.0,
        "Interest Income": NaN,
        "Normalized Income": NaN,
        "Net Income From Continuing And Discontinued Operation": NaN,
        "Total Expenses": NaN,
        "Total Operating Income As Reported": NaN,
        "Diluted Average Shares": 51409000.0,
        "Basic Average Shares": 51409000.0,
        "Diluted EPS": -0.3,
        "Basic EPS": -0.3,
        "Diluted NI Availto Com Stockholders": NaN,
        "Net Income Common Stockholders": NaN,
        "Net Income": NaN,
        "Net Income Including Noncontrolling Interests": NaN,
        "Net Income Continuous Operations": NaN,
        "Pretax Income": NaN,
        "Other Income Expense": NaN,
        "Gain On Sale Of Security": NaN,
        "Net Non Operating Interest Income Expense": NaN,
        "Interest Expense Non Operating": 0.0,
        "Interest Income Non Operating": NaN,
        "Operating Income": NaN,
        "Operating Expense": NaN,
        "Research And Development": NaN,
        "Selling General And Administration": NaN,
        "General And Administrative Expense": NaN,
        "Other Gand A": NaN,
        "Total Revenue": NaN,
        "Operating Revenue": NaN
    },
    "2022-12-31": {
        "Tax Effect Of Unusual Items": NaN,
        "Tax Rate For Calcs": NaN,
        "Normalized EBITDA": NaN,
        "Total Unusual Items": NaN,
        "Total Unusual Items Excluding Goodwill": NaN,
        "Net Income From Continuing Operation Net Minority Interest": NaN,
        "Reconciled Depreciation": NaN,
        "EBITDA": NaN,
        "EBIT": NaN,
        "Net Interest Income": NaN,
        "Interest Expense": 0.0,
        "Interest Income": NaN,
        "Normalized Income": NaN,
        "Net Income From Continuing And Discontinued Operation": NaN,
        "Total Expenses": NaN,
        "Total Operating Income As Reported": NaN,
        "Diluted Average Shares": 51410000.0,
        "Basic Average Shares": 51410000.0,
        "Diluted EPS": -0.26,
        "Basic EPS": -0.26,
        "Diluted NI Availto Com Stockholders": NaN,
        "Net Income Common Stockholders": NaN,
        "Net Income": NaN,
        "Net Income Including Noncontrolling Interests": NaN,
        "Net Income Continuous Operations": NaN,
        "Pretax Income": NaN,
        "Other Income Expense": NaN,
        "Gain On Sale Of Security": NaN,
        "Net Non Operating Interest Income Expense": NaN,
        "Interest Expense Non Operating": 0.0,
        "Interest Income Non Operating": NaN,
        "Operating Income": NaN,
        "Operating Expense": NaN,
        "Research And Development": NaN,
        "Selling General And Administration": NaN,
        "General And Administrative Expense": NaN,
        "Other Gand A": NaN,
        "Total Revenue": NaN,
        "Operating Revenue": NaN
    },
    "2024-06-30": {
        "Tax Effect Of Unusual Items": 0.0,
        "Tax Rate For Calcs": 0.0,
        "Normalized EBITDA": -22180000.0,
        "Total Unusual Items": -915000.0,
        "Total Unusual Items Excluding Goodwill": -915000.0,
        "Net Income From Continuing Operation Net Minority Interest": -22976000.0,
        "Reconciled Depreciation": 7000.0,
        "EBITDA": -23095000.0,
        "EBIT": -23102000.0,
        "Net Interest Income": 1041000.0,
        "Interest Expense": NaN,
        "Interest Income": 1041000.0,
        "Normalized Income": -22061000.0,
        "Net Income From Continuing And Discontinued Operation": -22976000.0,
        "Total Expenses": 23102000.0,
        "Total Operating Income As Reported": -23102000.0,
        "Diluted Average Shares": NaN,
        "Basic Average Shares": NaN,
        "Diluted EPS": NaN,
        "Basic EPS": NaN,
        "Diluted NI Availto Com Stockholders": -22976000.0,
        "Net Income Common Stockholders": -22976000.0,
        "Net Income": -22976000.0,
        "Net Income Including Noncontrolling Interests": -22976000.0,
        "Net Income Continuous Operations": -22976000.0,
        "Pretax Income": -22976000.0,
        "Other Income Expense": -915000.0,
        "Gain On Sale Of Security": -915000.0,
        "Net Non Operating Interest Income Expense": 1041000.0,
        "Interest Expense Non Operating": NaN,
        "Interest Income Non Operating": 1041000.0,
        "Operating Income": -23102000.0,
        "Operating Expense": 23102000.0,
        "Research And Development": 19089000.0,
        "Selling General And Administration": 4013000.0,
        "General And Administrative Expense": 4013000.0,
        "Other Gand A": 4013000.0,
        "Total Revenue": 0.0,
        "Operating Revenue": 0.0
    },
    "2024-09-30": {
        "Tax Effect Of Unusual Items": 0.0,
        "Tax Rate For Calcs": 0.0,
        "Normalized EBITDA": -16918000.0,
        "Total Unusual Items": -15000.0,
        "Total Unusual Items Excluding Goodwill": -15000.0,
        "Net Income From Continuing Operation Net Minority Interest": -15378000.0,
        "Reconciled Depreciation": 8000.0,
        "EBITDA": -16933000.0,
        "EBIT": -16941000.0,
        "Net Interest Income": 1578000.0,
        "Interest Expense": NaN,
        "Interest Income": 1578000.0,
        "Normalized Income": -15363000.0,
        "Net Income From Continuing And Discontinued Operation": -15378000.0,
        "Total Expenses": 16941000.0,
        "Total Operating Income As Reported": -16941000.0,
        "Diluted Average Shares": 69736000.0,
        "Basic Average Shares": 69736000.0,
        "Diluted EPS": -0.22,
        "Basic EPS": -0.22,
        "Diluted NI Availto Com Stockholders": -15378000.0,
        "Net Income Common Stockholders": -15378000.0,
        "Net Income": -15378000.0,
        "Net Income Including Noncontrolling Interests": -15378000.0,
        "Net Income Continuous Operations": -15378000.0,
        "Pretax Income": -15378000.0,
        "Other Income Expense": -15000.0,
        "Gain On Sale Of Security": -15000.0,
        "Net Non Operating Interest Income Expense": 1578000.0,
        "Interest Expense Non Operating": NaN,
        "Interest Income Non Operating": 1578000.0,
        "Operating Income": -16941000.0,
        "Operating Expense": 16941000.0,
        "Research And Development": 12754000.0,
        "Selling General And Administration": 4187000.0,
        "General And Administrative Expense": 4187000.0,
        "Other Gand A": 4187000.0,
        "Total Revenue": 0.0,
        "Operating Revenue": 0.0
    }
}