{
    "2023-03-31": {
        "Tax Effect Of Unusual Items": 0.0,
        "Tax Rate For Calcs": 0.4,
        "Normalized EBITDA": 42936000.0,
        "Total Unusual Items": 0.0,
        "Total Unusual Items Excluding Goodwill": 0.0,
        "Net Income From Continuing Operation Net Minority Interest": -98531000.0,
        "Reconciled Depreciation": 40319000.0,
        "Reconciled Cost Of Revenue": 578480000.0,
        "EBIT": 2617000.0,
        "Net Interest Income": -99784000.0,
        "Interest Expense": 99784000.0,
        "Normalized Income": -98531000.0,
        "Net Income From Continuing And Discontinued Operation": -98934000.0,
        "Total Expenses": 742908000.0,
        "Total Operating Income As Reported": -213000.0,
        "Diluted Average Shares": 328928000.0,
        "Basic Average Shares": 328928000.0,
        "Diluted EPS": -0.32,
        "Basic EPS": -0.32,
        "Diluted NI Availto Com Stockholders": -104280000.0,
        "Net Income Common Stockholders": -104280000.0,
        "Preferred Stock Dividends": 5346000.0,
        "Net Income": -98934000.0,
        "Minority Interests": 835000.0,
        "Net Income Including Noncontrolling Interests": -99769000.0,
        "Net Income Discontinuous Operations": -403000.0,
        "Net Income Continuous Operations": -99366000.0,
        "Tax Provision": 2199000.0,
        "Pretax Income": -97167000.0,
        "Other Income Expense": 2830000.0,
        "Other Non Operating Income Expenses": 2407000.0,
        "Special Income Charges": 0.0,
        "Other Special Charges": NaN,
        "Earnings From Equity Interest": 423000.0,
        "Net Non Operating Interest Income Expense": -99784000.0,
        "Interest Expense Non Operating": 99784000.0,
        "Operating Income": -213000.0,
        "Operating Expense": 164428000.0,
        "Selling General And Administration": 164428000.0,
        "Gross Profit": 164215000.0,
        "Cost Of Revenue": 578480000.0,
        "Total Revenue": 742695000.0,
        "Operating Revenue": 742695000.0
    },
    "2022-12-31": {
        "Tax Effect Of Unusual Items": -376000.0,
        "Tax Rate For Calcs": 0.4,
        "Normalized EBITDA": -57301000.0,
        "Total Unusual Items": -940000.0,
        "Total Unusual Items Excluding Goodwill": -940000.0,
        "Net Income From Continuing Operation Net Minority Interest": -160008000.0,
        "Reconciled Depreciation": 41940000.0,
        "Reconciled Cost Of Revenue": 541165000.0,
        "EBIT": -58241000.0,
        "Net Interest Income": -90169000.0,
        "Interest Expense": 90169000.0,
        "Normalized Income": -159444000.0,
        "Net Income From Continuing And Discontinued Operation": -160091000.0,
        "Total Expenses": 685979000.0,
        "Total Operating Income As Reported": -54800000.0,
        "Diluted Average Shares": 328440000.0,
        "Basic Average Shares": 328440000.0,
        "Diluted EPS": -0.5,
        "Basic EPS": -0.5,
        "Diluted NI Availto Com Stockholders": -165437000.0,
        "Net Income Common Stockholders": -165437000.0,
        "Preferred Stock Dividends": 5346000.0,
        "Net Income": -160091000.0,
        "Minority Interests": -737000.0,
        "Net Income Including Noncontrolling Interests": -159354000.0,
        "Net Income Discontinuous Operations": -83000.0,
        "Net Income Continuous Operations": -159271000.0,
        "Tax Provision": 10861000.0,
        "Pretax Income": -148410000.0,
        "Other Income Expense": -3441000.0,
        "Other Non Operating Income Expenses": -2972000.0,
        "Special Income Charges": -940000.0,
        "Other Special Charges": 940000.0,
        "Earnings From Equity Interest": 471000.0,
        "Net Non Operating Interest Income Expense": -90169000.0,
        "Interest Expense Non Operating": 90169000.0,
        "Operating Income": -54800000.0,
        "Operating Expense": 144814000.0,
        "Selling General And Administration": 144814000.0,
        "Gross Profit": 90014000.0,
        "Cost Of Revenue": 541165000.0,
        "Total Revenue": 631179000.0,
        "Operating Revenue": 631179000.0
    },
    "2022-09-30": {
        "Tax Effect Of Unusual Items": 0.0,
        "Tax Rate For Calcs": 0.049517,
        "Normalized EBITDA": -20664000.0,
        "Total Unusual Items": 0.0,
        "Total Unusual Items Excluding Goodwill": 0.0,
        "Net Income From Continuing Operation Net Minority Interest": -134930000.0,
        "Reconciled Depreciation": 43359000.0,
        "Reconciled Cost Of Revenue": 547570000.0,
        "EBIT": -64023000.0,
        "Net Interest Income": -77120000.0,
        "Interest Expense": 77120000.0,
        "Normalized Income": -134930000.0,
        "Net Income From Continuing And Discontinued Operation": -135376000.0,
        "Total Expenses": 719929000.0,
        "Total Operating Income As Reported": -56535000.0,
        "Diluted Average Shares": 328228000.0,
        "Basic Average Shares": 328228000.0,
        "Diluted EPS": -0.43,
        "Basic EPS": -0.43,
        "Diluted NI Availto Com Stockholders": -140722000.0,
        "Net Income Common Stockholders": -140722000.0,
        "Preferred Stock Dividends": 5346000.0,
        "Net Income": -135376000.0,
        "Minority Interests": -776000.0,
        "Net Income Including Noncontrolling Interests": -134600000.0,
        "Net Income Discontinuous Operations": -446000.0,
        "Net Income Continuous Operations": -134154000.0,
        "Tax Provision": -6989000.0,
        "Pretax Income": -141143000.0,
        "Other Income Expense": -7488000.0,
        "Other Non Operating Income Expenses": -7687000.0,
        "Special Income Charges": 0.0,
        "Other Special Charges": NaN,
        "Earnings From Equity Interest": 199000.0,
        "Net Non Operating Interest Income Expense": -77120000.0,
        "Interest Expense Non Operating": 77120000.0,
        "Operating Income": -56535000.0,
        "Operating Expense": 172359000.0,
        "Selling General And Administration": 172359000.0,
        "Gross Profit": 115824000.0,
        "Cost Of Revenue": 547570000.0,
        "Total Revenue": 663394000.0,
        "Operating Revenue": 663394000.0
    },
    "2022-06-30": {
        "Tax Effect Of Unusual Items": 0.0,
        "Tax Rate For Calcs": 0.4,
        "Normalized EBITDA": -64718000.0,
        "Total Unusual Items": 0.0,
        "Total Unusual Items Excluding Goodwill": 0.0,
        "Net Income From Continuing Operation Net Minority Interest": -187103000.0,
        "Reconciled Depreciation": 49226000.0,
        "Reconciled Cost Of Revenue": 551417000.0,
        "EBIT": -113944000.0,
        "Net Interest Income": -66884000.0,
        "Interest Expense": 66884000.0,
        "Normalized Income": -187103000.0,
        "Net Income From Continuing And Discontinued Operation": -187387000.0,
        "Total Expenses": 727725000.0,
        "Total Operating Income As Reported": -70193000.0,
        "Diluted Average Shares": 326573000.0,
        "Basic Average Shares": 326573000.0,
        "Diluted EPS": -0.59,
        "Basic EPS": -0.59,
        "Diluted NI Availto Com Stockholders": -192734000.0,
        "Net Income Common Stockholders": -192734000.0,
        "Preferred Stock Dividends": 5347000.0,
        "Net Income": -187387000.0,
        "Minority Interests": -885000.0,
        "Net Income Including Noncontrolling Interests": -186502000.0,
        "Net Income Discontinuous Operations": -284000.0,
        "Net Income Continuous Operations": -186218000.0,
        "Tax Provision": 5390000.0,
        "Pretax Income": -180828000.0,
        "Other Income Expense": -43751000.0,
        "Other Non Operating Income Expenses": -43937000.0,
        "Special Income Charges": 0.0,
        "Other Special Charges": NaN,
        "Earnings From Equity Interest": 186000.0,
        "Net Non Operating Interest Income Expense": -66884000.0,
        "Interest Expense Non Operating": 66884000.0,
        "Operating Income": -70193000.0,
        "Operating Expense": 176308000.0,
        "Selling General And Administration": 176308000.0,
        "Gross Profit": 106115000.0,
        "Cost Of Revenue": 551417000.0,
        "Total Revenue": 657532000.0,
        "Operating Revenue": 657532000.0
    },
    "2023-06-30": {
        "Tax Effect Of Unusual Items": 5017200.0,
        "Tax Rate For Calcs": 0.4,
        "Normalized EBITDA": -24499000.0,
        "Total Unusual Items": 12543000.0,
        "Total Unusual Items Excluding Goodwill": 12543000.0,
        "Net Income From Continuing Operation Net Minority Interest": -123933000.0,
        "Reconciled Depreciation": 36888000.0,
        "Reconciled Cost Of Revenue": 600649000.0,
        "EBIT": -11956000.0,
        "Net Interest Income": -106134000.0,
        "Interest Expense": 106134000.0,
        "Normalized Income": -131458800.0,
        "Net Income From Continuing And Discontinued Operation": -123931000.0,
        "Total Expenses": 779712000.0,
        "Total Operating Income As Reported": -42183000.0,
        "Diluted Average Shares": 332147000.0,
        "Basic Average Shares": 332147000.0,
        "Diluted EPS": -0.39,
        "Basic EPS": -0.39,
        "Diluted NI Availto Com Stockholders": -129278000.0,
        "Net Income Common Stockholders": -129278000.0,
        "Preferred Stock Dividends": 5347000.0,
        "Net Income": -123931000.0,
        "Minority Interests": 66000.0,
        "Net Income Including Noncontrolling Interests": -123997000.0,
        "Net Income Discontinuous Operations": 2000.0,
        "Net Income Continuous Operations": -123999000.0,
        "Tax Provision": 5909000.0,
        "Pretax Income": -118090000.0,
        "Other Income Expense": 30227000.0,
        "Other Non Operating Income Expenses": 17225000.0,
        "Special Income Charges": 12543000.0,
        "Other Special Charges": -12543000.0,
        "Earnings From Equity Interest": 459000.0,
        "Net Non Operating Interest Income Expense": -106134000.0,
        "Interest Expense Non Operating": 106134000.0,
        "Operating Income": -42183000.0,
        "Operating Expense": 179063000.0,
        "Selling General And Administration": 179063000.0,
        "Gross Profit": 136880000.0,
        "Cost Of Revenue": 600649000.0,
        "Total Revenue": 737529000.0,
        "Operating Revenue": 737529000.0
    },
    "2022-03-31": {
        "Diluted EPS": 0.12,
        "Total Revenue": 585,
        "Gross Profit": 88,
        "Operating Income": -80,
        "EBIT": -15,
        "Net Income": 42
    },
    "2021-12-31": {
        "Diluted EPS": -0.58,
        "Total Revenue": 501,
        "Gross Profit": 37,
        "Operating Income": -126,
        "EBIT": -53,
        "Net Income": -192
    },
    "2021-09-30": {
        "Diluted EPS": -0.75,
        "Total Revenue": 441,
        "Gross Profit": 1,
        "Operating Income": -157,
        "EBIT": -74,
        "Net Income": -241
    },
    "2021-06-30": {
        "Diluted EPS": -0.79,
        "Total Revenue": 420,
        "Gross Profit": -21,
        "Operating Income": -180,
        "EBIT": -95,
        "Net Income": -251
    },
    "2021-03-31": {
        "Diluted EPS": -0.84,
        "Total Revenue": 327,
        "Gross Profit": -72,
        "Operating Income": -203,
        "EBIT": -111,
        "Net Income": -266
    },
    "2020-12-31": {
        "Diluted EPS": -1.01,
        "Total Revenue": 314,
        "Gross Profit": -80,
        "Operating Income": -220,
        "EBIT": -114,
        "Net Income": -325
    },
    "2020-09-30": {
        "Diluted EPS": -1.06,
        "Total Revenue": 278,
        "Gross Profit": -113,
        "Operating Income": -233,
        "EBIT": -121,
        "Net Income": -310
    },
    "2020-06-30": {
        "Diluted EPS": -1.6,
        "Total Revenue": 83,
        "Gross Profit": -260,
        "Operating Income": -384,
        "EBIT": -268,
        "Net Income": -443
    },
    "2020-03-31": {
        "Diluted EPS": -0.78,
        "Total Revenue": 659,
        "Gross Profit": 52,
        "Operating Income": -151,
        "EBIT": -36,
        "Net Income": -213
    },
    "2019-12-31": {
        "Diluted EPS": 0.04,
        "Total Revenue": 941,
        "Gross Profit": 223,
        "Operating Income": 58,
        "EBIT": 184,
        "Net Income": 10
    },
    "2019-09-30": {
        "Diluted EPS": 0.23,
        "Total Revenue": 984,
        "Gross Profit": 242,
        "Operating Income": 113,
        "EBIT": 239,
        "Net Income": 64
    },
    "2019-06-30": {
        "Diluted EPS": 0.1,
        "Total Revenue": NaN,
        "Gross Profit": 237,
        "Operating Income": 82,
        "EBIT": 208,
        "Net Income": 28
    },
    "2019-03-31": {
        "Diluted EPS": 0.2,
        "Total Revenue": NaN,
        "Gross Profit": 262,
        "Operating Income": 110,
        "EBIT": 234,
        "Net Income": 57
    },
    "2018-12-31": {
        "Diluted EPS": 0.31,
        "Total Revenue": 924,
        "Gross Profit": 289,
        "Operating Income": 121,
        "EBIT": 248,
        "Net Income": 84
    },
    "2018-09-30": {
        "Diluted EPS": 0.26,
        "Total Revenue": 970,
        "Gross Profit": 267,
        "Operating Income": 137,
        "EBIT": 259,
        "Net Income": 73
    },
    "2018-06-30": {
        "Diluted EPS": 0.33,
        "Total Revenue": 984,
        "Gross Profit": 263,
        "Operating Income": 139,
        "EBIT": 262,
        "Net Income": 92
    },
    "2018-03-31": {
        "Diluted EPS": 0.32,
        "Total Revenue": 988,
        "Gross Profit": 296,
        "Operating Income": 165,
        "EBIT": 288,
        "Net Income": 88
    },
    "2017-12-31": {
        "Diluted EPS": 0.29,
        "Total Revenue": 882,
        "Gross Profit": 251,
        "Operating Income": 135,
        "EBIT": 258,
        "Net Income": 82
    },
    "2017-09-30": {
        "Diluted EPS": 0.33,
        "Total Revenue": 901,
        "Gross Profit": 269,
        "Operating Income": 177,
        "EBIT": 293,
        "Net Income": 91
    },
    "2017-06-30": {
        "Diluted EPS": -0.02,
        "Total Revenue": 901,
        "Gross Profit": 258,
        "Operating Income": 19,
        "EBIT": 129,
        "Net Income": -6
    },
    "2017-03-31": {
        "Diluted EPS": 0.27,
        "Total Revenue": 915,
        "Gross Profit": 308,
        "Operating Income": 163,
        "EBIT": 288,
        "Net Income": 76
    },
    "2016-12-31": {
        "Diluted EPS": 0.1,
        "Total Revenue": 830,
        "Gross Profit": 246,
        "Operating Income": 56,
        "EBIT": 181,
        "Net Income": 25
    },
    "2016-09-30": {
        "Diluted EPS": 0.14,
        "Total Revenue": 839,
        "Gross Profit": 245,
        "Operating Income": 90,
        "EBIT": 219,
        "Net Income": 41
    },
    "2016-06-30": {
        "Diluted EPS": 0.25,
        "Total Revenue": 845,
        "Gross Profit": 289,
        "Operating Income": 142,
        "EBIT": 256,
        "Net Income": 72
    },
    "2016-03-31": {
        "Diluted EPS": 0.37,
        "Total Revenue": 860,
        "Gross Profit": 305,
        "Operating Income": 171,
        "EBIT": 282,
        "Net Income": 105
    },
    "2015-12-31": {
        "Diluted EPS": 0.45,
        "Total Revenue": 758,
        "Gross Profit": 254,
        "Operating Income": 109,
        "EBIT": 220,
        "Net Income": 129
    },
    "2015-09-30": {
        "Diluted EPS": 0.63,
        "Total Revenue": 785,
        "Gross Profit": 275,
        "Operating Income": 109,
        "EBIT": 208,
        "Net Income": 176
    },
    "2015-06-30": {
        "Diluted EPS": 0.12,
        "Total Revenue": 707,
        "Gross Profit": 246,
        "Operating Income": 123,
        "EBIT": 212,
        "Net Income": 32
    },
    "2015-03-31": {
        "Diluted EPS": 0.75,
        "Total Revenue": 710,
        "Gross Profit": 241,
        "Operating Income": 119,
        "EBIT": 222,
        "Net Income": 207
    },
    "2014-12-31": {
        "Diluted EPS": 0.21,
        "Total Revenue": 646,
        "Gross Profit": 219,
        "Operating Income": 104,
        "EBIT": 186,
        "Net Income": 46
    },
    "2014-09-30": {
        "Diluted EPS": 0.13,
        "Total Revenue": 672,
        "Gross Profit": 231,
        "Operating Income": 118,
        "EBIT": 198,
        "Net Income": 37
    },
    "2014-06-30": {
        "Diluted EPS": -0.05,
        "Total Revenue": 646,
        "Gross Profit": 224,
        "Operating Income": 96,
        "EBIT": 180,
        "Net Income": -13
    },
    "2014-03-31": {
        "Diluted EPS": -0.06,
        "Total Revenue": 666,
        "Gross Profit": 214,
        "Operating Income": 104,
        "EBIT": 198,
        "Net Income": -12
    },
    "2013-12-31": {
        "Diluted EPS": 0.09,
        "Total Revenue": 627,
        "Gross Profit": 345,
        "Operating Income": 682,
        "EBIT": 732,
        "Net Income": 27
    },
    "2013-09-30": {
        "Diluted EPS": -0.02,
        "Total Revenue": 776,
        "Gross Profit": 302,
        "Operating Income": 75,
        "EBIT": 162,
        "Net Income": -4
    },
    "2013-06-30": {
        "Diluted EPS": -0.71,
        "Total Revenue": 768,
        "Gross Profit": 301,
        "Operating Income": -47,
        "EBIT": 39,
        "Net Income": -126
    },
    "2013-03-31": {
        "Diluted EPS": -0.14,
        "Total Revenue": 759,
        "Gross Profit": 278,
        "Operating Income": 78,
        "EBIT": 168,
        "Net Income": -25
    },
    "2012-12-31": {
        "Diluted EPS": 0.0,
        "Total Revenue": NaN,
        "Gross Profit": NaN,
        "Operating Income": NaN,
        "EBIT": NaN,
        "Net Income": NaN
    },
    "2011-12-31": {
        "Diluted EPS": 0.0,
        "Total Revenue": NaN,
        "Gross Profit": NaN,
        "Operating Income": NaN,
        "EBIT": NaN,
        "Net Income": NaN
    }
}