{
    "2023-03-31": {
        "Tax Effect Of Unusual Items": 0.0,
        "Tax Rate For Calcs": 0.194,
        "Net Income From Continuing Operation Net Minority Interest": -12337000.0,
        "Reconciled Depreciation": 1686000.0,
        "EBIT": -15097000.0,
        "Net Interest Income": -210000.0,
        "Interest Expense": 210000.0,
        "Interest Income": 17525000.0,
        "Normalized Income": -12337000.0,
        "Net Income From Continuing And Discontinued Operation": -12337000.0,
        "Total Expenses": 227822000.0,
        "Diluted Average Shares": 14761861.0,
        "Basic Average Shares": 14682507.0,
        "Diluted EPS": -0.84,
        "Basic EPS": -0.84,
        "Diluted NI Availto Com Stockholders": -12337000.0,
        "Net Income Common Stockholders": -12337000.0,
        "Otherunder Preferred Stock Dividend": NaN,
        "Net Income": -12337000.0,
        "Net Income Including Noncontrolling Interests": -12337000.0,
        "Net Income Continuous Operations": -12337000.0,
        "Tax Provision": -2970000.0,
        "Pretax Income": -15307000.0,
        "Net Non Operating Interest Income Expense": -210000.0,
        "Interest Expense Non Operating": 210000.0,
        "Other Operating Expenses": 2592000.0,
        "Total Revenue": 212515000.0,
        "Operating Revenue": 212515000.0,
        "Loss Adjustment Expense": 167153000.0,
        "Net Policyholder Benefits And Claims": 167153000.0
    },
    "2022-12-31": {
        "Tax Effect Of Unusual Items": NaN,
        "Tax Rate For Calcs": NaN,
        "Net Income From Continuing Operation Net Minority Interest": NaN,
        "Reconciled Depreciation": NaN,
        "EBIT": NaN,
        "Net Interest Income": NaN,
        "Interest Expense": NaN,
        "Interest Income": NaN,
        "Normalized Income": NaN,
        "Net Income From Continuing And Discontinued Operation": NaN,
        "Total Expenses": NaN,
        "Diluted Average Shares": NaN,
        "Basic Average Shares": NaN,
        "Diluted EPS": NaN,
        "Basic EPS": NaN,
        "Diluted NI Availto Com Stockholders": NaN,
        "Net Income Common Stockholders": NaN,
        "Otherunder Preferred Stock Dividend": 109000.0,
        "Net Income": NaN,
        "Net Income Including Noncontrolling Interests": NaN,
        "Net Income Continuous Operations": NaN,
        "Tax Provision": NaN,
        "Pretax Income": NaN,
        "Net Non Operating Interest Income Expense": NaN,
        "Interest Expense Non Operating": NaN,
        "Other Operating Expenses": NaN,
        "Total Revenue": NaN,
        "Operating Revenue": NaN,
        "Loss Adjustment Expense": NaN,
        "Net Policyholder Benefits And Claims": NaN
    },
    "2022-09-30": {
        "Tax Effect Of Unusual Items": NaN,
        "Tax Rate For Calcs": NaN,
        "Net Income From Continuing Operation Net Minority Interest": NaN,
        "Reconciled Depreciation": NaN,
        "EBIT": NaN,
        "Net Interest Income": NaN,
        "Interest Expense": NaN,
        "Interest Income": NaN,
        "Normalized Income": NaN,
        "Net Income From Continuing And Discontinued Operation": NaN,
        "Total Expenses": NaN,
        "Diluted Average Shares": NaN,
        "Basic Average Shares": NaN,
        "Diluted EPS": NaN,
        "Basic EPS": NaN,
        "Diluted NI Availto Com Stockholders": NaN,
        "Net Income Common Stockholders": NaN,
        "Otherunder Preferred Stock Dividend": 27000.0,
        "Net Income": NaN,
        "Net Income Including Noncontrolling Interests": NaN,
        "Net Income Continuous Operations": NaN,
        "Tax Provision": NaN,
        "Pretax Income": NaN,
        "Net Non Operating Interest Income Expense": NaN,
        "Interest Expense Non Operating": NaN,
        "Other Operating Expenses": NaN,
        "Total Revenue": NaN,
        "Operating Revenue": NaN
    },
    "2022-06-30": {
        "Tax Effect Of Unusual Items": 0.0,
        "Tax Rate For Calcs": 0.20087,
        "Net Income From Continuing Operation Net Minority Interest": 7901000.0,
        "Reconciled Depreciation": 1676000.0,
        "EBIT": 10018000.0,
        "Net Interest Income": -131000.0,
        "Interest Expense": 131000.0,
        "Interest Income": 11190000.0,
        "Normalized Income": 7901000.0,
        "Net Income From Continuing And Discontinued Operation": 7901000.0,
        "Total Expenses": 167751000.0,
        "Diluted Average Shares": 14702627.0,
        "Basic Average Shares": 14599057.0,
        "Diluted EPS": 0.53,
        "Basic EPS": 0.54,
        "Diluted NI Availto Com Stockholders": 7901000.0,
        "Net Income Common Stockholders": 7901000.0,
        "Otherunder Preferred Stock Dividend": 36000.0,
        "Net Income": 7901000.0,
        "Net Income Including Noncontrolling Interests": 7901000.0,
        "Net Income Continuous Operations": 7901000.0,
        "Tax Provision": 1986000.0,
        "Pretax Income": 9887000.0,
        "Net Non Operating Interest Income Expense": -131000.0,
        "Interest Expense Non Operating": 131000.0,
        "Other Operating Expenses": NaN,
        "Total Revenue": 177638000.0,
        "Operating Revenue": 177638000.0
    },
    "2023-06-30": {
        "Tax Effect Of Unusual Items": NaN,
        "Tax Rate For Calcs": NaN,
        "Net Income From Continuing Operation Net Minority Interest": NaN,
        "Reconciled Depreciation": NaN,
        "EBIT": NaN,
        "Net Interest Income": NaN,
        "Interest Expense": NaN,
        "Interest Income": NaN,
        "Normalized Income": NaN,
        "Net Income From Continuing And Discontinued Operation": NaN,
        "Total Expenses": NaN,
        "Diluted Average Shares": NaN,
        "Basic Average Shares": NaN,
        "Diluted EPS": NaN,
        "Basic EPS": NaN,
        "Diluted NI Availto Com Stockholders": NaN,
        "Net Income Common Stockholders": NaN,
        "Otherunder Preferred Stock Dividend": 78000.0,
        "Net Income": NaN,
        "Net Income Including Noncontrolling Interests": NaN,
        "Net Income Continuous Operations": NaN,
        "Tax Provision": NaN,
        "Pretax Income": NaN,
        "Net Non Operating Interest Income Expense": NaN,
        "Interest Expense Non Operating": NaN,
        "Other Operating Expenses": NaN,
        "Total Revenue": NaN,
        "Operating Revenue": NaN,
        "Loss Adjustment Expense": NaN,
        "Net Policyholder Benefits And Claims": NaN
    },
    "2022-03-31": {
        "Diluted EPS": 0.53,
        "Total Revenue": 195,
        "Gross Profit": 10,
        "Operating Income": 10,
        "EBIT": 12,
        "Net Income": 8
    },
    "2021-12-31": {
        "Diluted EPS": 2.25,
        "Total Revenue": 226,
        "Gross Profit": 40,
        "Operating Income": 40,
        "EBIT": 43,
        "Net Income": 32
    },
    "2021-09-30": {
        "Diluted EPS": 1.64,
        "Total Revenue": 214,
        "Gross Profit": 31,
        "Operating Income": 31,
        "EBIT": 34,
        "Net Income": 25
    },
    "2021-06-30": {
        "Diluted EPS": 2.49,
        "Total Revenue": 223,
        "Gross Profit": 48,
        "Operating Income": 48,
        "EBIT": 50,
        "Net Income": 38
    },
    "2021-03-31": {
        "Diluted EPS": 2.42,
        "Total Revenue": 222,
        "Gross Profit": 45,
        "Operating Income": 45,
        "EBIT": 48,
        "Net Income": 36
    },
    "2020-12-31": {
        "Diluted EPS": 3.57,
        "Total Revenue": 235,
        "Gross Profit": 68,
        "Operating Income": 68,
        "EBIT": 72,
        "Net Income": 53
    },
    "2020-09-30": {
        "Diluted EPS": 2.96,
        "Total Revenue": 222,
        "Gross Profit": 57,
        "Operating Income": 57,
        "EBIT": 60,
        "Net Income": 45
    },
    "2020-06-30": {
        "Diluted EPS": 2.78,
        "Total Revenue": 208,
        "Gross Profit": 53,
        "Operating Income": 53,
        "EBIT": 56,
        "Net Income": 42
    },
    "2020-03-31": {
        "Diluted EPS": -0.13,
        "Total Revenue": 181,
        "Gross Profit": -3,
        "Operating Income": -3,
        "EBIT": 1,
        "Net Income": -2
    },
    "2019-12-31": {
        "Diluted EPS": 1.82,
        "Total Revenue": 224,
        "Gross Profit": 35,
        "Operating Income": 35,
        "EBIT": 38,
        "Net Income": 28
    },
    "2019-09-30": {
        "Diluted EPS": 1.01,
        "Total Revenue": 215,
        "Gross Profit": 19,
        "Operating Income": 19,
        "EBIT": 22,
        "Net Income": 16
    },
    "2019-06-30": {
        "Diluted EPS": 1.68,
        "Total Revenue": 216,
        "Gross Profit": 33,
        "Operating Income": 33,
        "EBIT": 36,
        "Net Income": 26
    },
    "2019-03-31": {
        "Diluted EPS": 1.95,
        "Total Revenue": 223,
        "Gross Profit": 36,
        "Operating Income": 36,
        "EBIT": 38,
        "Net Income": 30
    },
    "2018-12-31": {
        "Diluted EPS": 1.2,
        "Total Revenue": 203,
        "Gross Profit": 23,
        "Operating Income": 23,
        "EBIT": 26,
        "Net Income": 18
    },
    "2018-09-30": {
        "Diluted EPS": 1.88,
        "Total Revenue": 216,
        "Gross Profit": 37,
        "Operating Income": 37,
        "EBIT": 39,
        "Net Income": 29
    },
    "2018-06-30": {
        "Diluted EPS": 1.75,
        "Total Revenue": 208,
        "Gross Profit": 33,
        "Operating Income": 33,
        "EBIT": 36,
        "Net Income": 27
    },
    "2018-03-31": {
        "Diluted EPS": 0.6,
        "Total Revenue": 210,
        "Gross Profit": 11,
        "Operating Income": 11,
        "EBIT": 14,
        "Net Income": 9
    },
    "2017-12-31": {
        "Diluted EPS": 0.74,
        "Total Revenue": 214,
        "Gross Profit": 14,
        "Operating Income": 14,
        "EBIT": 17,
        "Net Income": 12
    },
    "2017-09-30": {
        "Diluted EPS": 1.18,
        "Total Revenue": 213,
        "Gross Profit": 26,
        "Operating Income": 26,
        "EBIT": 29,
        "Net Income": 18
    },
    "2017-06-30": {
        "Diluted EPS": 1.39,
        "Total Revenue": 208,
        "Gross Profit": 30,
        "Operating Income": 30,
        "EBIT": 33,
        "Net Income": 21
    },
    "2017-03-31": {
        "Diluted EPS": 0.79,
        "Total Revenue": 205,
        "Gross Profit": 17,
        "Operating Income": 17,
        "EBIT": 20,
        "Net Income": 12
    },
    "2016-12-31": {
        "Diluted EPS": 0.79,
        "Total Revenue": 207,
        "Gross Profit": 18,
        "Operating Income": 18,
        "EBIT": 24,
        "Net Income": 12
    },
    "2016-09-30": {
        "Diluted EPS": 1.23,
        "Total Revenue": 210,
        "Gross Profit": 27,
        "Operating Income": 27,
        "EBIT": 25,
        "Net Income": 18
    },
    "2016-06-30": {
        "Diluted EPS": 1.41,
        "Total Revenue": 203,
        "Gross Profit": 30,
        "Operating Income": 30,
        "EBIT": 34,
        "Net Income": 21
    },
    "2016-03-31": {
        "Diluted EPS": 0.84,
        "Total Revenue": 200,
        "Gross Profit": 18,
        "Operating Income": 18,
        "EBIT": 21,
        "Net Income": 13
    },
    "2015-12-31": {
        "Diluted EPS": 0.71,
        "Total Revenue": 201,
        "Gross Profit": 17,
        "Operating Income": 17,
        "EBIT": 17,
        "Net Income": 10
    },
    "2015-09-30": {
        "Diluted EPS": 0.8,
        "Total Revenue": 201,
        "Gross Profit": 19,
        "Operating Income": 19,
        "EBIT": 22,
        "Net Income": 12
    },
    "2015-06-30": {
        "Diluted EPS": -0.07,
        "Total Revenue": 198,
        "Gross Profit": -2,
        "Operating Income": -2,
        "EBIT": 1,
        "Net Income": -1
    },
    "2015-03-31": {
        "Diluted EPS": -2.37,
        "Total Revenue": 198,
        "Gross Profit": -62,
        "Operating Income": -62,
        "EBIT": -60,
        "Net Income": -35
    },
    "2014-12-31": {
        "Diluted EPS": 0.69,
        "Total Revenue": 199,
        "Gross Profit": 15,
        "Operating Income": 15,
        "EBIT": 18,
        "Net Income": 11
    },
    "2014-09-30": {
        "Diluted EPS": 1.03,
        "Total Revenue": 196,
        "Gross Profit": 22,
        "Operating Income": 22,
        "EBIT": 25,
        "Net Income": 15
    },
    "2014-06-30": {
        "Diluted EPS": 1.4,
        "Total Revenue": 193,
        "Gross Profit": 30,
        "Operating Income": 30,
        "EBIT": 33,
        "Net Income": 21
    },
    "2014-03-31": {
        "Diluted EPS": 0.79,
        "Total Revenue": 191,
        "Gross Profit": 17,
        "Operating Income": 17,
        "EBIT": 20,
        "Net Income": 12
    },
    "2013-12-31": {
        "Diluted EPS": 0.76,
        "Total Revenue": 192,
        "Gross Profit": 17,
        "Operating Income": 17,
        "EBIT": 18,
        "Net Income": 12
    },
    "2013-09-30": {
        "Diluted EPS": 1.14,
        "Total Revenue": 188,
        "Gross Profit": 26,
        "Operating Income": 26,
        "EBIT": 29,
        "Net Income": 18
    },
    "2013-06-30": {
        "Diluted EPS": 1.17,
        "Total Revenue": 184,
        "Gross Profit": 26,
        "Operating Income": 26,
        "EBIT": 29,
        "Net Income": 18
    },
    "2013-03-31": {
        "Diluted EPS": 0.91,
        "Total Revenue": 182,
        "Gross Profit": 20,
        "Operating Income": 20,
        "EBIT": 23,
        "Net Income": 14
    },
    "2012-12-31": {
        "Diluted EPS": 0.62,
        "Total Revenue": 181,
        "Gross Profit": 13,
        "Operating Income": 13,
        "EBIT": 16,
        "Net Income": 10
    },
    "2012-09-30": {
        "Diluted EPS": 0.94,
        "Total Revenue": 178,
        "Gross Profit": 21,
        "Operating Income": 21,
        "EBIT": 24,
        "Net Income": 14
    },
    "2012-06-30": {
        "Diluted EPS": 1.11,
        "Total Revenue": 175,
        "Gross Profit": 24,
        "Operating Income": 24,
        "EBIT": 27,
        "Net Income": 17
    },
    "2012-03-31": {
        "Diluted EPS": 1.13,
        "Total Revenue": 170,
        "Gross Profit": 24,
        "Operating Income": 24,
        "EBIT": 28,
        "Net Income": 17
    },
    "2011-12-31": {
        "Diluted EPS": 0.31,
        "Total Revenue": 169,
        "Gross Profit": 3,
        "Operating Income": 3,
        "EBIT": 7,
        "Net Income": 5
    },
    "2011-09-30": {
        "Diluted EPS": 0.58,
        "Total Revenue": 168,
        "Gross Profit": 11,
        "Operating Income": 11,
        "EBIT": 14,
        "Net Income": 9
    },
    "2011-06-30": {
        "Diluted EPS": 0.27,
        "Total Revenue": 164,
        "Gross Profit": 6,
        "Operating Income": 6,
        "EBIT": 9,
        "Net Income": 4
    },
    "2011-03-31": {
        "Diluted EPS": -0.26,
        "Total Revenue": 159,
        "Gross Profit": -5,
        "Operating Income": -5,
        "EBIT": -2,
        "Net Income": -4
    },
    "2010-12-31": {
        "Diluted EPS": 0.86,
        "Total Revenue": 159,
        "Gross Profit": 18,
        "Operating Income": 18,
        "EBIT": 21,
        "Net Income": 13
    },
    "2010-09-30": {
        "Diluted EPS": 1.03,
        "Total Revenue": 154,
        "Gross Profit": 22,
        "Operating Income": 22,
        "EBIT": 25,
        "Net Income": 15
    },
    "2010-06-30": {
        "Diluted EPS": 1.0,
        "Total Revenue": 151,
        "Gross Profit": 21,
        "Operating Income": 21,
        "EBIT": 24,
        "Net Income": 15
    },
    "2010-03-31": {
        "Diluted EPS": 0.85,
        "Total Revenue": 148,
        "Gross Profit": 18,
        "Operating Income": 18,
        "EBIT": 21,
        "Net Income": 13
    },
    "2009-12-31": {
        "Diluted EPS": 0.68,
        "Total Revenue": 148,
        "Gross Profit": 15,
        "Operating Income": 15,
        "EBIT": 18,
        "Net Income": 10
    },
    "2009-09-30": {
        "Diluted EPS": 1.11,
        "Total Revenue": 148,
        "Gross Profit": 24,
        "Operating Income": 24,
        "EBIT": 27,
        "Net Income": 17
    },
    "2009-06-30": {
        "Diluted EPS": 0.96,
        "Total Revenue": 146,
        "Gross Profit": 20,
        "Operating Income": 20,
        "EBIT": 23,
        "Net Income": 15
    },
    "2009-03-31": {
        "Diluted EPS": 0.73,
        "Total Revenue": 150,
        "Gross Profit": 16,
        "Operating Income": 16,
        "EBIT": 19,
        "Net Income": 12
    },
    "2023-09-30": {
        "Tax Effect Of Unusual Items": 0.0,
        "Tax Rate For Calcs": 0.213,
        "Net Income From Continuing Operation Net Minority Interest": 1949000.0,
        "Reconciled Depreciation": 1765000.0,
        "EBIT": 2615000.0,
        "Net Interest Income": -139000.0,
        "Interest Expense": 139000.0,
        "Interest Income": 18826000.0,
        "Normalized Income": 1949000.0,
        "Net Income From Continuing And Discontinued Operation": 1949000.0,
        "Total Expenses": 224052000.0,
        "Diluted Average Shares": 14682082.0,
        "Basic Average Shares": 14645988.0,
        "Diluted EPS": 0.13,
        "Basic EPS": 0.13,
        "Diluted NI Availto Com Stockholders": 1940000.0,
        "Net Income Common Stockholders": 1940000.0,
        "Otherunder Preferred Stock Dividend": 9000.0,
        "Net Income": 1949000.0,
        "Net Income Including Noncontrolling Interests": 1949000.0,
        "Net Income Continuous Operations": 1949000.0,
        "Tax Provision": 527000.0,
        "Pretax Income": 2476000.0,
        "Net Non Operating Interest Income Expense": -139000.0,
        "Interest Expense Non Operating": 139000.0,
        "Other Operating Expenses": 1602000.0,
        "Total Revenue": 226528000.0,
        "Operating Revenue": 226528000.0,
        "Loss Adjustment Expense": 159521000.0,
        "Net Policyholder Benefits And Claims": 159521000.0
    },
    "2023-12-31": {
        "Tax Effect Of Unusual Items": 0.0,
        "Tax Rate For Calcs": 0.223137,
        "Net Income From Continuing Operation Net Minority Interest": 12262000.0,
        "Reconciled Depreciation": 1845000.0,
        "EBIT": 15905000.0,
        "Net Interest Income": -121000.0,
        "Interest Expense": 121000.0,
        "Interest Income": 18959000.0,
        "Normalized Income": 12262000.0,
        "Net Income From Continuing And Discontinued Operation": 12262000.0,
        "Total Expenses": 242194000.0,
        "Diluted Average Shares": 14678038.0,
        "Basic Average Shares": 14645987.0,
        "Diluted EPS": 0.83,
        "Basic EPS": 0.83,
        "Diluted NI Availto Com Stockholders": 12207000.0,
        "Net Income Common Stockholders": 12207000.0,
        "Otherunder Preferred Stock Dividend": 55000.0,
        "Net Income": 12262000.0,
        "Net Income Including Noncontrolling Interests": 12262000.0,
        "Net Income Continuous Operations": 12262000.0,
        "Tax Provision": 3522000.0,
        "Pretax Income": 15784000.0,
        "Net Non Operating Interest Income Expense": -121000.0,
        "Interest Expense Non Operating": 121000.0,
        "Other Operating Expenses": 1614000.0,
        "Total Revenue": 257978000.0,
        "Operating Revenue": 257978000.0,
        "Loss Adjustment Expense": 172105000.0,
        "Net Policyholder Benefits And Claims": 172105000.0
    },
    "2024-03-31": {
        "Tax Effect Of Unusual Items": 0.0,
        "Tax Rate For Calcs": 0.216,
        "Net Income From Continuing Operation Net Minority Interest": 20078000.0,
        "Reconciled Depreciation": 2260000.0,
        "EBIT": 25730000.0,
        "Net Interest Income": -123000.0,
        "Interest Expense": 123000.0,
        "Interest Income": 20051000.0,
        "Normalized Income": 20078000.0,
        "Net Income From Continuing And Discontinued Operation": 20078000.0,
        "Total Expenses": 240996000.0,
        "Diluted Average Shares": 14696590.0,
        "Basic Average Shares": 14667107.0,
        "Diluted EPS": 1.36,
        "Basic EPS": 1.36,
        "Diluted NI Availto Com Stockholders": 20078000.0,
        "Net Income Common Stockholders": 20078000.0,
        "Otherunder Preferred Stock Dividend": NaN,
        "Net Income": 20078000.0,
        "Net Income Including Noncontrolling Interests": 20078000.0,
        "Net Income Continuous Operations": 20078000.0,
        "Tax Provision": 5529000.0,
        "Pretax Income": 25607000.0,
        "Net Non Operating Interest Income Expense": -123000.0,
        "Interest Expense Non Operating": 123000.0,
        "Other Operating Expenses": 1979000.0,
        "Total Revenue": 266603000.0,
        "Operating Revenue": 266603000.0,
        "Loss Adjustment Expense": 168399000.0,
        "Net Policyholder Benefits And Claims": 168399000.0
    },
    "2024-06-30": {
        "Tax Effect Of Unusual Items": 0.0,
        "Tax Rate For Calcs": 0.217,
        "Net Income From Continuing Operation Net Minority Interest": 16636000.0,
        "Reconciled Depreciation": 2353000.0,
        "EBIT": 21373000.0,
        "Net Interest Income": -138000.0,
        "Interest Expense": 138000.0,
        "Interest Income": 18350000.0,
        "Normalized Income": 16636000.0,
        "Net Income From Continuing And Discontinued Operation": 16636000.0,
        "Total Expenses": 246105000.0,
        "Diluted Average Shares": 14722209.0,
        "Basic Average Shares": 14698770.0,
        "Diluted EPS": 1.13,
        "Basic EPS": 1.13,
        "Diluted NI Availto Com Stockholders": 16563000.0,
        "Net Income Common Stockholders": 16563000.0,
        "Otherunder Preferred Stock Dividend": 73000.0,
        "Net Income": 16636000.0,
        "Net Income Including Noncontrolling Interests": 16636000.0,
        "Net Income Continuous Operations": 16636000.0,
        "Tax Provision": 4599000.0,
        "Pretax Income": 21235000.0,
        "Net Non Operating Interest Income Expense": -138000.0,
        "Interest Expense Non Operating": 138000.0,
        "Other Operating Expenses": 1784000.0,
        "Total Revenue": 267340000.0,
        "Operating Revenue": 267340000.0,
        "Loss Adjustment Expense": 172742000.0,
        "Net Policyholder Benefits And Claims": 172742000.0
    },
    "2024-09-30": {
        "Tax Effect Of Unusual Items": 0.0,
        "Tax Rate For Calcs": 0.213,
        "Net Income From Continuing Operation Net Minority Interest": 25889000.0,
        "Reconciled Depreciation": 2395000.0,
        "EBIT": 33029000.0,
        "Net Interest Income": -124000.0,
        "Interest Expense": 124000.0,
        "Interest Income": 18657000.0,
        "Normalized Income": 25889000.0,
        "Net Income From Continuing And Discontinued Operation": 25889000.0,
        "Total Expenses": 258190000.0,
        "Diluted Average Shares": 14865211.0,
        "Basic Average Shares": 14838584.0,
        "Diluted EPS": 1.73,
        "Basic EPS": 1.74,
        "Diluted NI Availto Com Stockholders": 25778000.0,
        "Net Income Common Stockholders": 25778000.0,
        "Otherunder Preferred Stock Dividend": 111000.0,
        "Net Income": 25889000.0,
        "Net Income Including Noncontrolling Interests": 25889000.0,
        "Net Income Continuous Operations": 25889000.0,
        "Tax Provision": 7016000.0,
        "Pretax Income": 32905000.0,
        "Net Non Operating Interest Income Expense": -124000.0,
        "Interest Expense Non Operating": 124000.0,
        "Other Operating Expenses": 2054000.0,
        "Total Revenue": 291095000.0,
        "Operating Revenue": 291095000.0,
        "Loss Adjustment Expense": 182489000.0,
        "Net Policyholder Benefits And Claims": 182489000.0
    }
}