{
    "2023-06-30": {
        "Tax Effect Of Unusual Items": 0.0,
        "Tax Rate For Calcs": 0.127,
        "Total Unusual Items": 0.0,
        "Total Unusual Items Excluding Goodwill": 0.0,
        "Net Income From Continuing Operation Net Minority Interest": 3405000.0,
        "Reconciled Depreciation": 34000.0,
        "Net Interest Income": 9341000.0,
        "Interest Expense": 6040000.0,
        "Interest Income": 15381000.0,
        "Normalized Income": 3405000.0,
        "Net Income From Continuing And Discontinued Operation": 3405000.0,
        "Diluted Average Shares": 5733000.0,
        "Basic Average Shares": 5721000.0,
        "Diluted EPS": 0.59,
        "Basic EPS": 0.59,
        "Diluted NI Availto Com Stockholders": 3354000.0,
        "Net Income Common Stockholders": 3354000.0,
        "Otherunder Preferred Stock Dividend": 51000.0,
        "Net Income": 3405000.0,
        "Net Income Including Noncontrolling Interests": 3405000.0,
        "Net Income Continuous Operations": 3405000.0,
        "Tax Provision": 497000.0,
        "Pretax Income": 3902000.0,
        "Special Income Charges": NaN,
        "Write Off": NaN,
        "Gain On Sale Of Security": -29000.0,
        "Depreciation Amortization Depletion Income Statement": 34000.0,
        "Depreciation And Amortization In Income Statement": 34000.0,
        "Amortization": 34000.0,
        "Amortization Of Intangibles Income Statement": 34000.0,
        "Selling General And Administration": 5292000.0,
        "Selling And Marketing Expense": 187000.0,
        "General And Administrative Expense": 5105000.0,
        "Other Gand A": NaN,
        "Insurance And Claims": 248000.0,
        "Salaries And Wages": 4857000.0,
        "Total Revenue": 12246000.0,
        "Operating Revenue": 12246000.0
    },
    "2023-03-31": {
        "Tax Effect Of Unusual Items": -31521.0,
        "Tax Rate For Calcs": 0.1995,
        "Total Unusual Items": -158000.0,
        "Total Unusual Items Excluding Goodwill": -158000.0,
        "Net Income From Continuing Operation Net Minority Interest": 3018000.0,
        "Reconciled Depreciation": 39000.0,
        "Net Interest Income": 11127000.0,
        "Interest Expense": 3796000.0,
        "Interest Income": 14923000.0,
        "Normalized Income": 3144479.0,
        "Net Income From Continuing And Discontinued Operation": 3018000.0,
        "Diluted Average Shares": 5714000.0,
        "Basic Average Shares": 5702000.0,
        "Diluted EPS": 0.52,
        "Basic EPS": 0.52,
        "Diluted NI Availto Com Stockholders": 2968000.0,
        "Net Income Common Stockholders": 2968000.0,
        "Otherunder Preferred Stock Dividend": 50000.0,
        "Net Income": 3018000.0,
        "Net Income Including Noncontrolling Interests": 3018000.0,
        "Net Income Continuous Operations": 3018000.0,
        "Tax Provision": 752000.0,
        "Pretax Income": 3770000.0,
        "Special Income Charges": NaN,
        "Write Off": NaN,
        "Gain On Sale Of Security": 20000.0,
        "Depreciation Amortization Depletion Income Statement": 39000.0,
        "Depreciation And Amortization In Income Statement": 39000.0,
        "Amortization": 39000.0,
        "Amortization Of Intangibles Income Statement": 39000.0,
        "Selling General And Administration": 5414000.0,
        "Selling And Marketing Expense": 127000.0,
        "General And Administrative Expense": 5287000.0,
        "Other Gand A": NaN,
        "Insurance And Claims": 98000.0,
        "Salaries And Wages": 5189000.0,
        "Total Revenue": 13590000.0,
        "Operating Revenue": 13590000.0
    },
    "2022-12-31": {
        "Tax Effect Of Unusual Items": 0.0,
        "Tax Rate For Calcs": 0.201,
        "Total Unusual Items": 0.0,
        "Total Unusual Items Excluding Goodwill": 0.0,
        "Net Income From Continuing Operation Net Minority Interest": 4124000.0,
        "Reconciled Depreciation": 42000.0,
        "Net Interest Income": 12015000.0,
        "Interest Expense": 2138000.0,
        "Interest Income": 14153000.0,
        "Normalized Income": 4124000.0,
        "Net Income From Continuing And Discontinued Operation": 4124000.0,
        "Diluted Average Shares": 5710000.0,
        "Basic Average Shares": 5688000.0,
        "Diluted EPS": 0.71,
        "Basic EPS": 0.71,
        "Diluted NI Availto Com Stockholders": 4055000.0,
        "Net Income Common Stockholders": 4055000.0,
        "Otherunder Preferred Stock Dividend": 69000.0,
        "Net Income": 4124000.0,
        "Net Income Including Noncontrolling Interests": 4124000.0,
        "Net Income Continuous Operations": 4124000.0,
        "Tax Provision": 1037000.0,
        "Pretax Income": 5161000.0,
        "Special Income Charges": 0.0,
        "Write Off": 0.0,
        "Gain On Sale Of Security": -1000.0,
        "Depreciation Amortization Depletion Income Statement": 42000.0,
        "Depreciation And Amortization In Income Statement": 42000.0,
        "Amortization": 42000.0,
        "Amortization Of Intangibles Income Statement": 42000.0,
        "Selling General And Administration": 5628000.0,
        "Selling And Marketing Expense": 161000.0,
        "General And Administrative Expense": 5467000.0,
        "Other Gand A": NaN,
        "Insurance And Claims": 135000.0,
        "Salaries And Wages": 5332000.0,
        "Total Revenue": 14557000.0,
        "Operating Revenue": 14557000.0
    },
    "2022-09-30": {
        "Tax Effect Of Unusual Items": 0.0,
        "Tax Rate For Calcs": 0.1865,
        "Total Unusual Items": 0.0,
        "Total Unusual Items Excluding Goodwill": 0.0,
        "Net Income From Continuing Operation Net Minority Interest": 4336000.0,
        "Reconciled Depreciation": 46000.0,
        "Net Interest Income": 11844000.0,
        "Interest Expense": 1165000.0,
        "Interest Income": 13009000.0,
        "Normalized Income": 4336000.0,
        "Net Income From Continuing And Discontinued Operation": 4336000.0,
        "Diluted Average Shares": 5713000.0,
        "Basic Average Shares": 5687000.0,
        "Diluted EPS": 0.75,
        "Basic EPS": 0.75,
        "Diluted NI Availto Com Stockholders": 4264000.0,
        "Net Income Common Stockholders": 4264000.0,
        "Otherunder Preferred Stock Dividend": 72000.0,
        "Net Income": 4336000.0,
        "Net Income Including Noncontrolling Interests": 4336000.0,
        "Net Income Continuous Operations": 4336000.0,
        "Tax Provision": 994000.0,
        "Pretax Income": 5330000.0,
        "Special Income Charges": 0.0,
        "Write Off": 0.0,
        "Gain On Sale Of Security": -47000.0,
        "Depreciation Amortization Depletion Income Statement": 46000.0,
        "Depreciation And Amortization In Income Statement": 46000.0,
        "Amortization": 46000.0,
        "Amortization Of Intangibles Income Statement": 46000.0,
        "Selling General And Administration": 5338000.0,
        "Selling And Marketing Expense": 214000.0,
        "General And Administrative Expense": 5124000.0,
        "Other Gand A": 711000.0,
        "Insurance And Claims": 98000.0,
        "Salaries And Wages": 5026000.0,
        "Total Revenue": 14470000.0,
        "Operating Revenue": 14470000.0
    },
    "2022-06-30": {
        "Tax Effect Of Unusual Items": 0.0,
        "Tax Rate For Calcs": 0.1525,
        "Total Unusual Items": NaN,
        "Total Unusual Items Excluding Goodwill": NaN,
        "Net Income From Continuing Operation Net Minority Interest": 3845000.0,
        "Reconciled Depreciation": 50000.0,
        "Net Interest Income": 10872000.0,
        "Interest Expense": 857000.0,
        "Interest Income": 11729000.0,
        "Normalized Income": 3845000.0,
        "Net Income From Continuing And Discontinued Operation": 3845000.0,
        "Diluted Average Shares": 5699000.0,
        "Basic Average Shares": 5666000.0,
        "Diluted EPS": 0.66,
        "Basic EPS": 0.67,
        "Diluted NI Availto Com Stockholders": 3772000.0,
        "Net Income Common Stockholders": 3772000.0,
        "Otherunder Preferred Stock Dividend": 73000.0,
        "Net Income": 3845000.0,
        "Net Income Including Noncontrolling Interests": 3845000.0,
        "Net Income Continuous Operations": 3845000.0,
        "Tax Provision": 692000.0,
        "Pretax Income": 4537000.0,
        "Special Income Charges": NaN,
        "Write Off": NaN,
        "Gain On Sale Of Security": -75000.0,
        "Depreciation Amortization Depletion Income Statement": 50000.0,
        "Depreciation And Amortization In Income Statement": 50000.0,
        "Amortization": 50000.0,
        "Amortization Of Intangibles Income Statement": 50000.0,
        "Selling General And Administration": 5329000.0,
        "Selling And Marketing Expense": 262000.0,
        "General And Administrative Expense": 5067000.0,
        "Other Gand A": 702000.0,
        "Insurance And Claims": 122000.0,
        "Salaries And Wages": 4945000.0,
        "Total Revenue": 14053000.0,
        "Operating Revenue": 14053000.0
    },
    "2022-03-31": {
        "Diluted EPS": 0.62,
        "Total Revenue": 14,
        "Gross Profit": 13,
        "Operating Income": 4,
        "EBIT": NaN,
        "Net Income": 4
    },
    "2021-12-31": {
        "Diluted EPS": 0.71,
        "Total Revenue": 14,
        "Gross Profit": 13,
        "Operating Income": 5,
        "EBIT": NaN,
        "Net Income": 4
    },
    "2021-09-30": {
        "Diluted EPS": 0.6,
        "Total Revenue": 14,
        "Gross Profit": 13,
        "Operating Income": 4,
        "EBIT": NaN,
        "Net Income": 3
    },
    "2021-06-30": {
        "Diluted EPS": 0.76,
        "Total Revenue": 14,
        "Gross Profit": 13,
        "Operating Income": 6,
        "EBIT": NaN,
        "Net Income": 4
    },
    "2021-03-31": {
        "Diluted EPS": 0.8,
        "Total Revenue": 14,
        "Gross Profit": 13,
        "Operating Income": 6,
        "EBIT": NaN,
        "Net Income": 4
    },
    "2020-12-31": {
        "Diluted EPS": 0.5,
        "Total Revenue": 13,
        "Gross Profit": 12,
        "Operating Income": 3,
        "EBIT": NaN,
        "Net Income": 3
    },
    "2020-09-30": {
        "Diluted EPS": 0.77,
        "Total Revenue": 14,
        "Gross Profit": 13,
        "Operating Income": 5,
        "EBIT": NaN,
        "Net Income": 4
    },
    "2020-06-30": {
        "Diluted EPS": 0.48,
        "Total Revenue": 13,
        "Gross Profit": 12,
        "Operating Income": 3,
        "EBIT": NaN,
        "Net Income": 3
    },
    "2020-03-31": {
        "Diluted EPS": 0.36,
        "Total Revenue": 13,
        "Gross Profit": 11,
        "Operating Income": 2,
        "EBIT": NaN,
        "Net Income": 2
    },
    "2019-12-31": {
        "Diluted EPS": 0.54,
        "Total Revenue": 13,
        "Gross Profit": 11,
        "Operating Income": 4,
        "EBIT": NaN,
        "Net Income": 3
    },
    "2019-09-30": {
        "Diluted EPS": 0.53,
        "Total Revenue": 13,
        "Gross Profit": 11,
        "Operating Income": 4,
        "EBIT": NaN,
        "Net Income": 3
    },
    "2019-06-30": {
        "Diluted EPS": 0.48,
        "Total Revenue": 13,
        "Gross Profit": 11,
        "Operating Income": 3,
        "EBIT": NaN,
        "Net Income": 3
    },
    "2019-03-31": {
        "Diluted EPS": 0.43,
        "Total Revenue": 13,
        "Gross Profit": 10,
        "Operating Income": 3,
        "EBIT": NaN,
        "Net Income": 2
    },
    "2018-12-31": {
        "Diluted EPS": 0.45,
        "Total Revenue": 14,
        "Gross Profit": 11,
        "Operating Income": 3,
        "EBIT": NaN,
        "Net Income": 3
    },
    "2018-09-30": {
        "Diluted EPS": 0.42,
        "Total Revenue": 13,
        "Gross Profit": 11,
        "Operating Income": 3,
        "EBIT": NaN,
        "Net Income": 2
    },
    "2018-06-30": {
        "Diluted EPS": 0.34,
        "Total Revenue": 12,
        "Gross Profit": 10,
        "Operating Income": 2,
        "EBIT": NaN,
        "Net Income": 2
    },
    "2018-03-31": {
        "Diluted EPS": 0.36,
        "Total Revenue": 11,
        "Gross Profit": 10,
        "Operating Income": 2,
        "EBIT": NaN,
        "Net Income": 2
    },
    "2017-12-31": {
        "Diluted EPS": 0.2,
        "Total Revenue": 11,
        "Gross Profit": 10,
        "Operating Income": 2,
        "EBIT": NaN,
        "Net Income": 1
    },
    "2017-09-30": {
        "Diluted EPS": 0.3,
        "Total Revenue": 11,
        "Gross Profit": 10,
        "Operating Income": 2,
        "EBIT": NaN,
        "Net Income": 2
    },
    "2017-06-30": {
        "Diluted EPS": 0.34,
        "Total Revenue": 11,
        "Gross Profit": 10,
        "Operating Income": 2,
        "EBIT": NaN,
        "Net Income": 2
    },
    "2017-03-31": {
        "Diluted EPS": 0.29,
        "Total Revenue": 11,
        "Gross Profit": 10,
        "Operating Income": 2,
        "EBIT": NaN,
        "Net Income": 2
    },
    "2016-12-31": {
        "Diluted EPS": 0.27,
        "Total Revenue": 11,
        "Gross Profit": 10,
        "Operating Income": 2,
        "EBIT": NaN,
        "Net Income": 2
    },
    "2016-09-30": {
        "Diluted EPS": 0.35,
        "Total Revenue": 11,
        "Gross Profit": 10,
        "Operating Income": 3,
        "EBIT": NaN,
        "Net Income": 2
    },
    "2016-06-30": {
        "Diluted EPS": 0.32,
        "Total Revenue": 11,
        "Gross Profit": 10,
        "Operating Income": 2,
        "EBIT": NaN,
        "Net Income": 2
    },
    "2016-03-31": {
        "Diluted EPS": 0.28,
        "Total Revenue": 10,
        "Gross Profit": 9,
        "Operating Income": 2,
        "EBIT": NaN,
        "Net Income": 1
    },
    "2015-12-31": {
        "Diluted EPS": 0.39,
        "Total Revenue": 10,
        "Gross Profit": 10,
        "Operating Income": 3,
        "EBIT": NaN,
        "Net Income": 2
    },
    "2015-09-30": {
        "Diluted EPS": 0.36,
        "Total Revenue": 10,
        "Gross Profit": 10,
        "Operating Income": 3,
        "EBIT": NaN,
        "Net Income": 2
    },
    "2015-06-30": {
        "Diluted EPS": 0.37,
        "Total Revenue": 10,
        "Gross Profit": 10,
        "Operating Income": 3,
        "EBIT": NaN,
        "Net Income": 2
    },
    "2015-03-31": {
        "Diluted EPS": 0.4,
        "Total Revenue": 11,
        "Gross Profit": 10,
        "Operating Income": 3,
        "EBIT": NaN,
        "Net Income": 2
    },
    "2014-12-31": {
        "Diluted EPS": 0.03,
        "Total Revenue": 8,
        "Gross Profit": 7,
        "Operating Income": 2,
        "EBIT": NaN,
        "Net Income": 0
    },
    "2014-09-30": {
        "Diluted EPS": 0.22,
        "Total Revenue": 7,
        "Gross Profit": 6,
        "Operating Income": 1,
        "EBIT": NaN,
        "Net Income": 1
    },
    "2014-06-30": {
        "Diluted EPS": 0.27,
        "Total Revenue": 7,
        "Gross Profit": 7,
        "Operating Income": 1,
        "EBIT": NaN,
        "Net Income": 1
    },
    "2014-03-31": {
        "Diluted EPS": 0.15,
        "Total Revenue": 7,
        "Gross Profit": 6,
        "Operating Income": 1,
        "EBIT": NaN,
        "Net Income": 0
    },
    "2013-12-31": {
        "Diluted EPS": 0.28,
        "Total Revenue": 7,
        "Gross Profit": 6,
        "Operating Income": 2,
        "EBIT": NaN,
        "Net Income": 1
    },
    "2013-09-30": {
        "Diluted EPS": 0.29,
        "Total Revenue": 7,
        "Gross Profit": 6,
        "Operating Income": 1,
        "EBIT": NaN,
        "Net Income": 1
    },
    "2013-06-30": {
        "Diluted EPS": 0.33,
        "Total Revenue": 7,
        "Gross Profit": 6,
        "Operating Income": 1,
        "EBIT": NaN,
        "Net Income": 1
    },
    "2013-03-31": {
        "Diluted EPS": 0.27,
        "Total Revenue": 7,
        "Gross Profit": 6,
        "Operating Income": 1,
        "EBIT": NaN,
        "Net Income": 1
    },
    "2012-12-31": {
        "Diluted EPS": 0.16,
        "Total Revenue": 7,
        "Gross Profit": 6,
        "Operating Income": 1,
        "EBIT": NaN,
        "Net Income": 1
    },
    "2012-09-30": {
        "Diluted EPS": 0.33,
        "Total Revenue": 7,
        "Gross Profit": 6,
        "Operating Income": 1,
        "EBIT": NaN,
        "Net Income": 1
    },
    "2012-06-30": {
        "Diluted EPS": 0.32,
        "Total Revenue": 8,
        "Gross Profit": 7,
        "Operating Income": 1,
        "EBIT": NaN,
        "Net Income": 1
    },
    "2012-03-31": {
        "Diluted EPS": 0.35,
        "Total Revenue": 8,
        "Gross Profit": 6,
        "Operating Income": 2,
        "EBIT": NaN,
        "Net Income": 1
    },
    "2011-12-31": {
        "Diluted EPS": 0.44,
        "Total Revenue": 8,
        "Gross Profit": 6,
        "Operating Income": 2,
        "EBIT": NaN,
        "Net Income": 1
    },
    "2011-09-30": {
        "Diluted EPS": 0.26,
        "Total Revenue": 7,
        "Gross Profit": 6,
        "Operating Income": 1,
        "EBIT": NaN,
        "Net Income": 1
    },
    "2011-06-30": {
        "Diluted EPS": 0.23,
        "Total Revenue": 7,
        "Gross Profit": 6,
        "Operating Income": 1,
        "EBIT": NaN,
        "Net Income": 1
    },
    "2011-03-31": {
        "Diluted EPS": 0.14,
        "Total Revenue": 7,
        "Gross Profit": 6,
        "Operating Income": 1,
        "EBIT": NaN,
        "Net Income": 1
    },
    "2010-12-31": {
        "Diluted EPS": 0.43,
        "Total Revenue": 8,
        "Gross Profit": 6,
        "Operating Income": 1,
        "EBIT": NaN,
        "Net Income": 1
    },
    "2010-09-30": {
        "Diluted EPS": 0.25,
        "Total Revenue": 8,
        "Gross Profit": 6,
        "Operating Income": 1,
        "EBIT": NaN,
        "Net Income": 1
    },
    "2010-06-30": {
        "Diluted EPS": 0.14,
        "Total Revenue": 7,
        "Gross Profit": 6,
        "Operating Income": 1,
        "EBIT": NaN,
        "Net Income": 1
    },
    "2010-03-31": {
        "Diluted EPS": 0.14,
        "Total Revenue": 7,
        "Gross Profit": 5,
        "Operating Income": 1,
        "EBIT": NaN,
        "Net Income": 0
    },
    "2009-12-31": {
        "Diluted EPS": 0.22,
        "Total Revenue": 7,
        "Gross Profit": 5,
        "Operating Income": 1,
        "EBIT": NaN,
        "Net Income": 1
    },
    "2009-09-30": {
        "Diluted EPS": 0.18,
        "Total Revenue": 8,
        "Gross Profit": 6,
        "Operating Income": 1,
        "EBIT": NaN,
        "Net Income": 1
    },
    "2009-06-30": {
        "Diluted EPS": -0.1,
        "Total Revenue": 6,
        "Gross Profit": 4,
        "Operating Income": -1,
        "EBIT": NaN,
        "Net Income": 0
    },
    "2009-03-31": {
        "Diluted EPS": 0.32,
        "Total Revenue": 8,
        "Gross Profit": 6,
        "Operating Income": 1,
        "EBIT": NaN,
        "Net Income": 1
    }
}