{
    "2023-06-30": {
        "Tax Effect Of Unusual Items": -421300.0,
        "Tax Rate For Calcs": 0.275,
        "Normalized EBITDA": 103121000.0,
        "Total Unusual Items": -1532000.0,
        "Total Unusual Items Excluding Goodwill": -1532000.0,
        "Net Income From Continuing Operation Net Minority Interest": 58035000.0,
        "Reconciled Depreciation": 21687000.0,
        "Reconciled Cost Of Revenue": 329141000.0,
        "EBITDA": 101589000.0,
        "EBIT": 79902000.0,
        "Net Interest Income": 1855000.0,
        "Interest Income": 1855000.0,
        "Normalized Income": 59145700.0,
        "Net Income From Continuing And Discontinued Operation": 58035000.0,
        "Total Expenses": 523402000.0,
        "Total Operating Income As Reported": 78370000.0,
        "Diluted Average Shares": 12276000.0,
        "Basic Average Shares": 12268000.0,
        "Diluted EPS": 4.72,
        "Basic EPS": 4.73,
        "Diluted NI Availto Com Stockholders": 58035000.0,
        "Net Income Common Stockholders": 58035000.0,
        "Net Income": 58035000.0,
        "Net Income Including Noncontrolling Interests": 58035000.0,
        "Net Income Continuous Operations": 58035000.0,
        "Tax Provision": 22068000.0,
        "Pretax Income": 80103000.0,
        "Other Income Expense": -1654000.0,
        "Other Non Operating Income Expenses": -122000.0,
        "Special Income Charges": -1532000.0,
        "Other Special Charges": NaN,
        "Impairment Of Capital Assets": 1532000.0,
        "Net Non Operating Interest Income Expense": 1855000.0,
        "Total Other Finance Cost": -1855000.0,
        "Interest Income Non Operating": 1855000.0,
        "Operating Income": 79902000.0,
        "Operating Expense": 194261000.0,
        "Selling General And Administration": 194261000.0,
        "Selling And Marketing Expense": 149362000.0,
        "General And Administrative Expense": 44899000.0,
        "Other Gand A": 44899000.0,
        "Gross Profit": 274163000.0,
        "Cost Of Revenue": 329141000.0,
        "Total Revenue": 603304000.0,
        "Excise Taxes": 38029000.0,
        "Operating Revenue": 641333000.0
    },
    "2023-03-31": {
        "Tax Effect Of Unusual Items": -134552.0,
        "Tax Rate For Calcs": 0.278,
        "Normalized EBITDA": 8939000.0,
        "Total Unusual Items": -484000.0,
        "Total Unusual Items Excluding Goodwill": -484000.0,
        "Net Income From Continuing Operation Net Minority Interest": -8956000.0,
        "Reconciled Depreciation": 21915000.0,
        "Reconciled Cost Of Revenue": 254338000.0,
        "EBITDA": 8455000.0,
        "EBIT": -13460000.0,
        "Net Interest Income": 1644000.0,
        "Interest Income": NaN,
        "Normalized Income": -8606552.0,
        "Net Income From Continuing And Discontinued Operation": -8956000.0,
        "Total Expenses": 423460000.0,
        "Total Operating Income As Reported": -13944000.0,
        "Diluted Average Shares": 12309000.0,
        "Basic Average Shares": 12309000.0,
        "Diluted EPS": -0.73,
        "Basic EPS": -0.73,
        "Diluted NI Availto Com Stockholders": -8956000.0,
        "Net Income Common Stockholders": -8956000.0,
        "Net Income": -8956000.0,
        "Net Income Including Noncontrolling Interests": -8956000.0,
        "Net Income Continuous Operations": -8956000.0,
        "Tax Provision": -3446000.0,
        "Pretax Income": -12402000.0,
        "Other Income Expense": -586000.0,
        "Other Non Operating Income Expenses": -102000.0,
        "Special Income Charges": -484000.0,
        "Other Special Charges": NaN,
        "Impairment Of Capital Assets": 484000.0,
        "Net Non Operating Interest Income Expense": 1644000.0,
        "Total Other Finance Cost": -1644000.0,
        "Interest Income Non Operating": NaN,
        "Operating Income": -13460000.0,
        "Operating Expense": 169122000.0,
        "Selling General And Administration": 169122000.0,
        "Selling And Marketing Expense": 125428000.0,
        "General And Administrative Expense": 43694000.0,
        "Other Gand A": 43694000.0,
        "Gross Profit": 155662000.0,
        "Cost Of Revenue": 254338000.0,
        "Total Revenue": 410000000.0,
        "Excise Taxes": 25156000.0,
        "Operating Revenue": 435156000.0
    },
    "2022-12-31": {
        "Tax Effect Of Unusual Items": -393833.333333,
        "Tax Rate For Calcs": 0.257576,
        "Normalized EBITDA": -13748000.0,
        "Total Unusual Items": -1529000.0,
        "Total Unusual Items Excluding Goodwill": -1529000.0,
        "Net Income From Continuing Operation Net Minority Interest": -11417000.0,
        "Reconciled Depreciation": 20591000.0,
        "Reconciled Cost Of Revenue": 282012000.0,
        "EBITDA": -15277000.0,
        "EBIT": -15277000.0,
        "Net Interest Income": 1752000.0,
        "Interest Income": NaN,
        "Normalized Income": -10281833.333333,
        "Net Income From Continuing And Discontinued Operation": -11417000.0,
        "Total Expenses": 462802000.0,
        "Total Operating Income As Reported": -16806000.0,
        "Diluted Average Shares": 12329000.0,
        "Basic Average Shares": 12329000.0,
        "Diluted EPS": -0.93,
        "Basic EPS": -0.93,
        "Diluted NI Availto Com Stockholders": -11417000.0,
        "Net Income Common Stockholders": -11417000.0,
        "Net Income": -11417000.0,
        "Net Income Including Noncontrolling Interests": -11417000.0,
        "Net Income Continuous Operations": -11417000.0,
        "Tax Provision": -3961000.0,
        "Pretax Income": -15378000.0,
        "Other Income Expense": -1853000.0,
        "Other Non Operating Income Expenses": -324000.0,
        "Special Income Charges": -1529000.0,
        "Other Special Charges": 49000.0,
        "Impairment Of Capital Assets": 1480000.0,
        "Net Non Operating Interest Income Expense": 1752000.0,
        "Total Other Finance Cost": -1752000.0,
        "Interest Income Non Operating": NaN,
        "Operating Income": -15277000.0,
        "Operating Expense": 180790000.0,
        "Selling General And Administration": 180790000.0,
        "Selling And Marketing Expense": 139185000.0,
        "General And Administrative Expense": 41605000.0,
        "Other Gand A": 41605000.0,
        "Gross Profit": 165513000.0,
        "Cost Of Revenue": 282012000.0,
        "Total Revenue": 447525000.0,
        "Excise Taxes": 28500000.0,
        "Operating Revenue": 476025000.0
    },
    "2022-09-30": {
        "Tax Effect Of Unusual Items": -8088366.0,
        "Tax Rate For Calcs": 0.286,
        "Normalized EBITDA": 115784000.0,
        "Total Unusual Items": -28281000.0,
        "Total Unusual Items Excluding Goodwill": -28281000.0,
        "Net Income From Continuing Operation Net Minority Interest": 27286000.0,
        "Reconciled Depreciation": 20856000.0,
        "Reconciled Cost Of Revenue": 338707000.0,
        "EBITDA": 87503000.0,
        "EBIT": 66647000.0,
        "Net Interest Income": 759000.0,
        "Interest Income": 759000.0,
        "Normalized Income": 47478634.0,
        "Net Income From Continuing And Discontinued Operation": 27286000.0,
        "Total Expenses": 529806000.0,
        "Total Operating Income As Reported": 38366000.0,
        "Diluted Average Shares": 12344000.0,
        "Basic Average Shares": 12321000.0,
        "Diluted EPS": 2.21,
        "Basic EPS": 2.21,
        "Diluted NI Availto Com Stockholders": 27286000.0,
        "Net Income Common Stockholders": 27286000.0,
        "Net Income": 27286000.0,
        "Net Income Including Noncontrolling Interests": 27286000.0,
        "Net Income Continuous Operations": 27286000.0,
        "Tax Provision": 10948000.0,
        "Pretax Income": 38234000.0,
        "Other Income Expense": -29172000.0,
        "Other Non Operating Income Expenses": -891000.0,
        "Special Income Charges": -28281000.0,
        "Other Special Charges": NaN,
        "Impairment Of Capital Assets": 28281000.0,
        "Net Non Operating Interest Income Expense": 759000.0,
        "Total Other Finance Cost": NaN,
        "Interest Income Non Operating": 759000.0,
        "Operating Income": 66647000.0,
        "Operating Expense": 191099000.0,
        "Selling General And Administration": 191099000.0,
        "Selling And Marketing Expense": 153717000.0,
        "General And Administrative Expense": 37382000.0,
        "Other Gand A": 37382000.0,
        "Gross Profit": 257746000.0,
        "Cost Of Revenue": 338707000.0,
        "Total Revenue": 596453000.0,
        "Excise Taxes": 37879000.0,
        "Operating Revenue": 634332000.0
    },
    "2022-06-30": {
        "Tax Effect Of Unusual Items": -171738.0,
        "Tax Rate For Calcs": 0.261,
        "Normalized EBITDA": 92976000.0,
        "Total Unusual Items": -658000.0,
        "Total Unusual Items Excluding Goodwill": -658000.0,
        "Net Income From Continuing Operation Net Minority Interest": 53349000.0,
        "Reconciled Depreciation": 20275000.0,
        "Reconciled Cost Of Revenue": 350468000.0,
        "EBITDA": 92318000.0,
        "EBIT": 72043000.0,
        "Net Interest Income": 83000.0,
        "Interest Income": NaN,
        "Normalized Income": 53835262.0,
        "Net Income From Continuing And Discontinued Operation": 53349000.0,
        "Total Expenses": 544200000.0,
        "Total Operating Income As Reported": 71385000.0,
        "Diluted Average Shares": 12341000.0,
        "Basic Average Shares": 12319000.0,
        "Diluted EPS": 4.31,
        "Basic EPS": 4.33,
        "Diluted NI Availto Com Stockholders": 53349000.0,
        "Net Income Common Stockholders": 53349000.0,
        "Net Income": 53349000.0,
        "Net Income Including Noncontrolling Interests": 53349000.0,
        "Net Income Continuous Operations": 53349000.0,
        "Tax Provision": 17518000.0,
        "Pretax Income": 70867000.0,
        "Other Income Expense": -1259000.0,
        "Other Non Operating Income Expenses": -601000.0,
        "Special Income Charges": -658000.0,
        "Other Special Charges": 578000.0,
        "Impairment Of Capital Assets": 80000.0,
        "Net Non Operating Interest Income Expense": 83000.0,
        "Total Other Finance Cost": -83000.0,
        "Interest Income Non Operating": NaN,
        "Operating Income": 72043000.0,
        "Operating Expense": 193732000.0,
        "Selling General And Administration": 193732000.0,
        "Selling And Marketing Expense": 154883000.0,
        "General And Administrative Expense": 38849000.0,
        "Other Gand A": 38849000.0,
        "Gross Profit": 265775000.0,
        "Cost Of Revenue": 350468000.0,
        "Total Revenue": 616243000.0,
        "Excise Taxes": 38779000.0,
        "Operating Revenue": 655022000.0
    },
    "2022-03-31": {
        "Diluted EPS": -0.16,
        "Total Revenue": 430,
        "Gross Profit": 173,
        "Operating Income": -2,
        "EBIT": 17,
        "Net Income": -2
    },
    "2021-12-31": {
        "Diluted EPS": -4.08,
        "Total Revenue": 348,
        "Gross Profit": 100,
        "Operating Income": -73,
        "EBIT": -54,
        "Net Income": -52
    },
    "2021-09-30": {
        "Diluted EPS": -4.76,
        "Total Revenue": 562,
        "Gross Profit": 173,
        "Operating Income": -76,
        "EBIT": -57,
        "Net Income": -58
    },
    "2021-06-30": {
        "Diluted EPS": 4.75,
        "Total Revenue": 603,
        "Gross Profit": 276,
        "Operating Income": 80,
        "EBIT": 97,
        "Net Income": 59
    },
    "2021-03-31": {
        "Diluted EPS": 5.26,
        "Total Revenue": 545,
        "Gross Profit": 250,
        "Operating Income": 77,
        "EBIT": 94,
        "Net Income": 66
    },
    "2020-12-31": {
        "Diluted EPS": 2.65,
        "Total Revenue": 461,
        "Gross Profit": 216,
        "Operating Income": 42,
        "EBIT": 59,
        "Net Income": 33
    },
    "2020-09-30": {
        "Diluted EPS": 6.51,
        "Total Revenue": 493,
        "Gross Profit": 241,
        "Operating Income": 102,
        "EBIT": 118,
        "Net Income": 81
    },
    "2020-06-30": {
        "Diluted EPS": 4.88,
        "Total Revenue": 452,
        "Gross Profit": 210,
        "Operating Income": 79,
        "EBIT": 95,
        "Net Income": 60
    },
    "2020-03-31": {
        "Diluted EPS": 1.49,
        "Total Revenue": 331,
        "Gross Profit": 148,
        "Operating Income": 22,
        "EBIT": 37,
        "Net Income": 18
    },
    "2019-12-31": {
        "Diluted EPS": 1.13,
        "Total Revenue": 301,
        "Gross Profit": 143,
        "Operating Income": 18,
        "EBIT": 32,
        "Net Income": 14
    },
    "2019-09-30": {
        "Diluted EPS": 3.65,
        "Total Revenue": 378,
        "Gross Profit": 188,
        "Operating Income": 60,
        "EBIT": 76,
        "Net Income": 45
    },
    "2019-06-30": {
        "Diluted EPS": 2.36,
        "Total Revenue": 318,
        "Gross Profit": 159,
        "Operating Income": 38,
        "EBIT": 51,
        "Net Income": 28
    },
    "2019-03-31": {
        "Diluted EPS": 2.02,
        "Total Revenue": 252,
        "Gross Profit": 125,
        "Operating Income": 29,
        "EBIT": 42,
        "Net Income": 24
    },
    "2018-12-31": {
        "Diluted EPS": 1.85,
        "Total Revenue": 225,
        "Gross Profit": 117,
        "Operating Income": 29,
        "EBIT": 42,
        "Net Income": 22
    },
    "2018-09-30": {
        "Diluted EPS": 3.21,
        "Total Revenue": 307,
        "Gross Profit": 157,
        "Operating Income": 47,
        "EBIT": 60,
        "Net Income": 38
    },
    "2018-06-30": {
        "Diluted EPS": 1.98,
        "Total Revenue": 273,
        "Gross Profit": 142,
        "Operating Income": 31,
        "EBIT": 44,
        "Net Income": 24
    },
    "2018-03-31": {
        "Diluted EPS": 0.78,
        "Total Revenue": 190,
        "Gross Profit": 96,
        "Operating Income": 9,
        "EBIT": 22,
        "Net Income": 9
    },
    "2017-12-31": {
        "Diluted EPS": 2.51,
        "Total Revenue": 206,
        "Gross Profit": 108,
        "Operating Income": 15,
        "EBIT": 28,
        "Net Income": 31
    },
    "2017-09-30": {
        "Diluted EPS": 2.78,
        "Total Revenue": 247,
        "Gross Profit": 132,
        "Operating Income": 51,
        "EBIT": 64,
        "Net Income": 34
    },
    "2017-06-30": {
        "Diluted EPS": 2.35,
        "Total Revenue": 248,
        "Gross Profit": 134,
        "Operating Income": 45,
        "EBIT": 58,
        "Net Income": 29
    },
    "2017-03-31": {
        "Diluted EPS": 0.45,
        "Total Revenue": 162,
        "Gross Profit": 76,
        "Operating Income": 4,
        "EBIT": 17,
        "Net Income": 6
    },
    "2016-12-31": {
        "Diluted EPS": 1.72,
        "Total Revenue": 219,
        "Gross Profit": 108,
        "Operating Income": 34,
        "EBIT": 47,
        "Net Income": 22
    },
    "2016-09-30": {
        "Diluted EPS": 2.48,
        "Total Revenue": 253,
        "Gross Profit": 134,
        "Operating Income": 50,
        "EBIT": 63,
        "Net Income": 32
    },
    "2016-06-30": {
        "Diluted EPS": 2.06,
        "Total Revenue": 245,
        "Gross Profit": 127,
        "Operating Income": 42,
        "EBIT": 54,
        "Net Income": 27
    },
    "2016-03-31": {
        "Diluted EPS": 0.53,
        "Total Revenue": 189,
        "Gross Profit": 92,
        "Operating Income": 11,
        "EBIT": 23,
        "Net Income": 7
    },
    "2015-12-31": {
        "Diluted EPS": 1.22,
        "Total Revenue": 215,
        "Gross Profit": 109,
        "Operating Income": 26,
        "EBIT": 38,
        "Net Income": 16
    },
    "2015-09-30": {
        "Diluted EPS": 2.85,
        "Total Revenue": 293,
        "Gross Profit": 157,
        "Operating Income": 61,
        "EBIT": 72,
        "Net Income": 39
    },
    "2015-06-30": {
        "Diluted EPS": 2.18,
        "Total Revenue": 252,
        "Gross Profit": 136,
        "Operating Income": 47,
        "EBIT": 57,
        "Net Income": 30
    },
    "2015-03-31": {
        "Diluted EPS": 1.0,
        "Total Revenue": 200,
        "Gross Profit": 100,
        "Operating Income": 22,
        "EBIT": 32,
        "Net Income": 14
    },
    "2014-12-31": {
        "Diluted EPS": 1.4,
        "Total Revenue": 218,
        "Gross Profit": 108,
        "Operating Income": 32,
        "EBIT": 42,
        "Net Income": 19
    },
    "2014-09-30": {
        "Diluted EPS": 2.79,
        "Total Revenue": 270,
        "Gross Profit": 143,
        "Operating Income": 61,
        "EBIT": 70,
        "Net Income": 38
    },
    "2014-06-30": {
        "Diluted EPS": 1.88,
        "Total Revenue": 232,
        "Gross Profit": 123,
        "Operating Income": 40,
        "EBIT": 49,
        "Net Income": 25
    },
    "2014-03-31": {
        "Diluted EPS": 0.62,
        "Total Revenue": 184,
        "Gross Profit": 91,
        "Operating Income": 13,
        "EBIT": 21,
        "Net Income": 8
    },
    "2013-12-31": {
        "Diluted EPS": 1.33,
        "Total Revenue": 205,
        "Gross Profit": 105,
        "Operating Income": 29,
        "EBIT": 37,
        "Net Income": 18
    },
    "2013-09-30": {
        "Diluted EPS": 1.89,
        "Total Revenue": 216,
        "Gross Profit": 115,
        "Operating Income": 42,
        "EBIT": 49,
        "Net Income": 26
    },
    "2013-06-30": {
        "Diluted EPS": 1.45,
        "Total Revenue": 181,
        "Gross Profit": 97,
        "Operating Income": 32,
        "EBIT": 38,
        "Net Income": 20
    },
    "2013-03-31": {
        "Diluted EPS": 0.51,
        "Total Revenue": 136,
        "Gross Profit": 68,
        "Operating Income": 10,
        "EBIT": 15,
        "Net Income": 7
    },
    "2012-12-31": {
        "Diluted EPS": 1.24,
        "Total Revenue": 153,
        "Gross Profit": 80,
        "Operating Income": 27,
        "EBIT": 32,
        "Net Income": 17
    },
    "2012-09-30": {
        "Diluted EPS": 1.53,
        "Total Revenue": 166,
        "Gross Profit": 93,
        "Operating Income": 33,
        "EBIT": 39,
        "Net Income": 21
    },
    "2012-06-30": {
        "Diluted EPS": 1.06,
        "Total Revenue": 148,
        "Gross Profit": 80,
        "Operating Income": 23,
        "EBIT": 28,
        "Net Income": 14
    },
    "2012-03-31": {
        "Diluted EPS": 0.56,
        "Total Revenue": 113,
        "Gross Profit": 62,
        "Operating Income": 12,
        "EBIT": 17,
        "Net Income": 7
    },
    "2011-12-31": {
        "Diluted EPS": 1.33,
        "Total Revenue": 142,
        "Gross Profit": 80,
        "Operating Income": 26,
        "EBIT": 31,
        "Net Income": 18
    },
    "2011-09-30": {
        "Diluted EPS": 1.19,
        "Total Revenue": 135,
        "Gross Profit": 76,
        "Operating Income": 26,
        "EBIT": 31,
        "Net Income": 16
    },
    "2011-06-30": {
        "Diluted EPS": 2.01,
        "Total Revenue": 134,
        "Gross Profit": 76,
        "Operating Income": 45,
        "EBIT": 49,
        "Net Income": 28
    },
    "2011-03-31": {
        "Diluted EPS": 0.28,
        "Total Revenue": 102,
        "Gross Profit": 52,
        "Operating Income": 7,
        "EBIT": 11,
        "Net Income": 4
    },
    "2010-12-31": {
        "Diluted EPS": 0.86,
        "Total Revenue": 116,
        "Gross Profit": 66,
        "Operating Income": 19,
        "EBIT": 23,
        "Net Income": 12
    },
    "2010-09-30": {
        "Diluted EPS": 1.09,
        "Total Revenue": 124,
        "Gross Profit": 70,
        "Operating Income": 25,
        "EBIT": 30,
        "Net Income": 15
    },
    "2010-06-30": {
        "Diluted EPS": 1.13,
        "Total Revenue": 130,
        "Gross Profit": 72,
        "Operating Income": 27,
        "EBIT": 31,
        "Net Income": 16
    },
    "2010-03-31": {
        "Diluted EPS": 0.44,
        "Total Revenue": 94,
        "Gross Profit": 48,
        "Operating Income": 10,
        "EBIT": 15,
        "Net Income": 6
    },
    "2009-12-31": {
        "Diluted EPS": 0.52,
        "Total Revenue": 107,
        "Gross Profit": 55,
        "Operating Income": 13,
        "EBIT": 17,
        "Net Income": 7
    },
    "2009-09-30": {
        "Diluted EPS": 0.72,
        "Total Revenue": 109,
        "Gross Profit": 58,
        "Operating Income": 17,
        "EBIT": 21,
        "Net Income": 10
    },
    "2009-06-30": {
        "Diluted EPS": 0.83,
        "Total Revenue": 118,
        "Gross Profit": 62,
        "Operating Income": 21,
        "EBIT": 26,
        "Net Income": 12
    },
    "2009-03-31": {
        "Diluted EPS": 0.1,
        "Total Revenue": 81,
        "Gross Profit": 38,
        "Operating Income": 3,
        "EBIT": 7,
        "Net Income": 1
    },
    "2023-09-30": {
        "Tax Effect Of Unusual Items": -5369518.0,
        "Tax Rate For Calcs": 0.293,
        "Normalized EBITDA": 121155000.0,
        "Total Unusual Items": -18326000.0,
        "Total Unusual Items Excluding Goodwill": -18326000.0,
        "Net Income From Continuing Operation Net Minority Interest": 45295000.0,
        "Reconciled Depreciation": 23001000.0,
        "Reconciled Cost Of Revenue": 326951000.0,
        "EBITDA": 102829000.0,
        "EBIT": 79828000.0,
        "Net Interest Income": 3478000.0,
        "Interest Income": 3478000.0,
        "Normalized Income": 58251482.0,
        "Net Income From Continuing And Discontinued Operation": 45295000.0,
        "Total Expenses": 521771000.0,
        "Total Operating Income As Reported": 61502000.0,
        "Diluted Average Shares": 12233000.0,
        "Basic Average Shares": 12228000.0,
        "Diluted EPS": 3.7,
        "Basic EPS": 3.7,
        "Diluted NI Availto Com Stockholders": 45295000.0,
        "Net Income Common Stockholders": 45295000.0,
        "Net Income": 45295000.0,
        "Net Income Including Noncontrolling Interests": 45295000.0,
        "Net Income Continuous Operations": 45295000.0,
        "Tax Provision": 18772000.0,
        "Pretax Income": 64067000.0,
        "Other Income Expense": -19239000.0,
        "Other Non Operating Income Expenses": -913000.0,
        "Special Income Charges": -18326000.0,
        "Other Special Charges": NaN,
        "Impairment Of Capital Assets": 18326000.0,
        "Net Non Operating Interest Income Expense": 3478000.0,
        "Total Other Finance Cost": NaN,
        "Interest Income Non Operating": 3478000.0,
        "Operating Income": 79828000.0,
        "Operating Expense": 194820000.0,
        "Selling General And Administration": 194820000.0,
        "Selling And Marketing Expense": 152579000.0,
        "General And Administrative Expense": 42241000.0,
        "Other Gand A": 42241000.0,
        "Gross Profit": 274648000.0,
        "Cost Of Revenue": 326951000.0,
        "Total Revenue": 601599000.0,
        "Excise Taxes": 37795000.0,
        "Operating Revenue": 639394000.0
    }
}