{
    "2023-06-30": {
        "Tax Effect Of Unusual Items": 0.0,
        "Tax Rate For Calcs": 0.204,
        "Normalized EBITDA": 7624000.0,
        "Net Income From Continuing Operation Net Minority Interest": 3085000.0,
        "Reconciled Depreciation": 1057000.0,
        "Reconciled Cost Of Revenue": 16374000.0,
        "EBITDA": 7624000.0,
        "EBIT": 6567000.0,
        "Net Interest Income": -86000.0,
        "Interest Expense": 112000.0,
        "Interest Income": 26000.0,
        "Normalized Income": 3085000.0,
        "Net Income From Continuing And Discontinued Operation": 3085000.0,
        "Total Expenses": 23216000.0,
        "Diluted Average Shares": 9480079.0,
        "Basic Average Shares": 9456347.0,
        "Diluted EPS": 0.33,
        "Basic EPS": 0.33,
        "Diluted NI Availto Com Stockholders": 3085000.0,
        "Net Income Common Stockholders": 3085000.0,
        "Net Income": 3085000.0,
        "Minority Interests": -2050000.0,
        "Net Income Including Noncontrolling Interests": 5135000.0,
        "Net Income Continuous Operations": 5135000.0,
        "Tax Provision": 1320000.0,
        "Pretax Income": 6455000.0,
        "Other Income Expense": 23000.0,
        "Other Non Operating Income Expenses": 23000.0,
        "Net Non Operating Interest Income Expense": -86000.0,
        "Interest Expense Non Operating": 112000.0,
        "Interest Income Non Operating": 26000.0,
        "Operating Income": 6518000.0,
        "Operating Expense": 6842000.0,
        "Selling General And Administration": 6842000.0,
        "General And Administrative Expense": 6842000.0,
        "Other Gand A": 6460000.0,
        "Salaries And Wages": 382000.0,
        "Gross Profit": 13360000.0,
        "Cost Of Revenue": 16374000.0,
        "Total Revenue": 29734000.0,
        "Operating Revenue": 29734000.0
    },
    "2023-03-31": {
        "Tax Effect Of Unusual Items": NaN,
        "Tax Rate For Calcs": NaN,
        "Normalized EBITDA": NaN,
        "Net Income From Continuing Operation Net Minority Interest": NaN,
        "Reconciled Depreciation": NaN,
        "Reconciled Cost Of Revenue": NaN,
        "EBITDA": NaN,
        "EBIT": NaN,
        "Net Interest Income": NaN,
        "Interest Expense": NaN,
        "Interest Income": NaN,
        "Normalized Income": NaN,
        "Net Income From Continuing And Discontinued Operation": NaN,
        "Total Expenses": NaN,
        "Diluted Average Shares": 9577901.0,
        "Basic Average Shares": 9548766.0,
        "Diluted EPS": 0.33,
        "Basic EPS": 0.34,
        "Diluted NI Availto Com Stockholders": NaN,
        "Net Income Common Stockholders": NaN,
        "Net Income": NaN,
        "Minority Interests": NaN,
        "Net Income Including Noncontrolling Interests": NaN,
        "Net Income Continuous Operations": NaN,
        "Tax Provision": NaN,
        "Pretax Income": NaN,
        "Other Income Expense": NaN,
        "Other Non Operating Income Expenses": NaN,
        "Net Non Operating Interest Income Expense": NaN,
        "Interest Expense Non Operating": NaN,
        "Interest Income Non Operating": NaN,
        "Operating Income": NaN,
        "Operating Expense": NaN,
        "Selling General And Administration": NaN,
        "General And Administrative Expense": NaN,
        "Other Gand A": NaN,
        "Salaries And Wages": 312000.0,
        "Gross Profit": NaN,
        "Cost Of Revenue": NaN,
        "Total Revenue": NaN,
        "Operating Revenue": NaN
    },
    "2022-12-31": {
        "Tax Effect Of Unusual Items": NaN,
        "Tax Rate For Calcs": NaN,
        "Normalized EBITDA": NaN,
        "Total Unusual Items": -28000.0,
        "Total Unusual Items Excluding Goodwill": -28000.0,
        "Net Income From Continuing Operation Net Minority Interest": NaN,
        "Reconciled Depreciation": NaN,
        "Reconciled Cost Of Revenue": NaN,
        "EBITDA": NaN,
        "EBIT": NaN,
        "Net Interest Income": NaN,
        "Interest Expense": NaN,
        "Interest Income": NaN,
        "Normalized Income": NaN,
        "Net Income From Continuing And Discontinued Operation": NaN,
        "Total Expenses": NaN,
        "Diluted Average Shares": NaN,
        "Basic Average Shares": NaN,
        "Diluted EPS": NaN,
        "Basic EPS": NaN,
        "Diluted NI Availto Com Stockholders": NaN,
        "Net Income Common Stockholders": NaN,
        "Net Income": NaN,
        "Minority Interests": NaN,
        "Net Income Including Noncontrolling Interests": NaN,
        "Net Income Continuous Operations": NaN,
        "Tax Provision": NaN,
        "Pretax Income": NaN,
        "Other Income Expense": NaN,
        "Other Non Operating Income Expenses": NaN,
        "Gain On Sale Of Security": -28000.0,
        "Net Non Operating Interest Income Expense": NaN,
        "Interest Expense Non Operating": NaN,
        "Interest Income Non Operating": NaN,
        "Operating Income": NaN,
        "Operating Expense": NaN,
        "Selling General And Administration": NaN,
        "General And Administrative Expense": NaN,
        "Other Gand A": NaN,
        "Salaries And Wages": NaN,
        "Gross Profit": NaN,
        "Cost Of Revenue": NaN,
        "Total Revenue": NaN,
        "Operating Revenue": NaN
    },
    "2022-09-30": {
        "Tax Effect Of Unusual Items": NaN,
        "Tax Rate For Calcs": NaN,
        "Normalized EBITDA": NaN,
        "Total Unusual Items": -2000.0,
        "Total Unusual Items Excluding Goodwill": -2000.0,
        "Net Income From Continuing Operation Net Minority Interest": NaN,
        "Reconciled Depreciation": NaN,
        "Reconciled Cost Of Revenue": NaN,
        "EBITDA": NaN,
        "EBIT": NaN,
        "Net Interest Income": NaN,
        "Interest Expense": NaN,
        "Interest Income": NaN,
        "Normalized Income": NaN,
        "Net Income From Continuing And Discontinued Operation": NaN,
        "Total Expenses": NaN,
        "Diluted Average Shares": NaN,
        "Basic Average Shares": NaN,
        "Diluted EPS": NaN,
        "Basic EPS": NaN,
        "Diluted NI Availto Com Stockholders": NaN,
        "Net Income Common Stockholders": NaN,
        "Net Income": NaN,
        "Minority Interests": NaN,
        "Net Income Including Noncontrolling Interests": NaN,
        "Net Income Continuous Operations": NaN,
        "Tax Provision": NaN,
        "Pretax Income": NaN,
        "Other Income Expense": NaN,
        "Other Non Operating Income Expenses": NaN,
        "Gain On Sale Of Security": -2000.0,
        "Net Non Operating Interest Income Expense": NaN,
        "Interest Expense Non Operating": NaN,
        "Interest Income Non Operating": NaN,
        "Operating Income": NaN,
        "Operating Expense": NaN,
        "Selling General And Administration": NaN,
        "General And Administrative Expense": NaN,
        "Other Gand A": NaN,
        "Salaries And Wages": 285000.0,
        "Gross Profit": NaN,
        "Cost Of Revenue": NaN,
        "Total Revenue": NaN,
        "Operating Revenue": NaN
    },
    "2022-06-30": {
        "Tax Effect Of Unusual Items": -198.968375,
        "Tax Rate For Calcs": 0.198968,
        "Normalized EBITDA": 12880000.0,
        "Total Unusual Items": -1000.0,
        "Total Unusual Items Excluding Goodwill": -1000.0,
        "Net Income From Continuing Operation Net Minority Interest": 5770000.0,
        "Reconciled Depreciation": 970000.0,
        "Reconciled Cost Of Revenue": 17971000.0,
        "EBITDA": 12879000.0,
        "EBIT": 11909000.0,
        "Net Interest Income": -80000.0,
        "Interest Expense": 83000.0,
        "Interest Income": 3000.0,
        "Normalized Income": 5770801.031625,
        "Net Income From Continuing And Discontinued Operation": 5770000.0,
        "Total Expenses": 20273000.0,
        "Diluted Average Shares": 9913437.0,
        "Basic Average Shares": 9887018.0,
        "Diluted EPS": 0.58,
        "Basic EPS": 0.58,
        "Diluted NI Availto Com Stockholders": 5770000.0,
        "Net Income Common Stockholders": 5770000.0,
        "Net Income": 5770000.0,
        "Minority Interests": -3703000.0,
        "Net Income Including Noncontrolling Interests": 9473000.0,
        "Net Income Continuous Operations": 9473000.0,
        "Tax Provision": 2353000.0,
        "Pretax Income": 11826000.0,
        "Other Income Expense": 6000.0,
        "Other Non Operating Income Expenses": 7000.0,
        "Gain On Sale Of Security": -1000.0,
        "Net Non Operating Interest Income Expense": -80000.0,
        "Interest Expense Non Operating": 83000.0,
        "Interest Income Non Operating": 3000.0,
        "Operating Income": 11900000.0,
        "Operating Expense": 2302000.0,
        "Selling General And Administration": 2302000.0,
        "General And Administrative Expense": 2302000.0,
        "Other Gand A": 2302000.0,
        "Salaries And Wages": NaN,
        "Gross Profit": 14202000.0,
        "Cost Of Revenue": 17971000.0,
        "Total Revenue": 32173000.0,
        "Operating Revenue": 32173000.0
    },
    "2022-03-31": {
        "Diluted EPS": 0.77,
        "Total Revenue": 34,
        "Gross Profit": 34,
        "Operating Income": 15,
        "EBIT": 16,
        "Net Income": 8
    },
    "2021-12-31": {
        "Diluted EPS": 0.53,
        "Total Revenue": 34,
        "Gross Profit": 34,
        "Operating Income": 9,
        "EBIT": 10,
        "Net Income": 5
    },
    "2021-09-30": {
        "Diluted EPS": 0.38,
        "Total Revenue": 33,
        "Gross Profit": 33,
        "Operating Income": 8,
        "EBIT": 9,
        "Net Income": 4
    },
    "2021-06-30": {
        "Diluted EPS": 0.35,
        "Total Revenue": 33,
        "Gross Profit": 33,
        "Operating Income": 7,
        "EBIT": 8,
        "Net Income": 3
    },
    "2021-03-31": {
        "Diluted EPS": 0.26,
        "Total Revenue": 31,
        "Gross Profit": 31,
        "Operating Income": 6,
        "EBIT": 7,
        "Net Income": 3
    },
    "2020-12-31": {
        "Diluted EPS": 0.19,
        "Total Revenue": 28,
        "Gross Profit": 28,
        "Operating Income": 3,
        "EBIT": 4,
        "Net Income": 2
    },
    "2020-09-30": {
        "Diluted EPS": 0.22,
        "Total Revenue": 27,
        "Gross Profit": 27,
        "Operating Income": 5,
        "EBIT": 6,
        "Net Income": 2
    },
    "2020-06-30": {
        "Diluted EPS": 0.05,
        "Total Revenue": 24,
        "Gross Profit": 24,
        "Operating Income": 1,
        "EBIT": 2,
        "Net Income": 0
    },
    "2020-03-31": {
        "Diluted EPS": 0.59,
        "Total Revenue": 28,
        "Gross Profit": 28,
        "Operating Income": 13,
        "EBIT": 14,
        "Net Income": 6
    },
    "2019-12-31": {
        "Diluted EPS": 0.26,
        "Total Revenue": 28,
        "Gross Profit": 28,
        "Operating Income": 4,
        "EBIT": 5,
        "Net Income": 2
    },
    "2019-09-30": {
        "Diluted EPS": 0.3,
        "Total Revenue": 28,
        "Gross Profit": 28,
        "Operating Income": 6,
        "EBIT": 7,
        "Net Income": 3
    },
    "2019-06-30": {
        "Diluted EPS": 0.22,
        "Total Revenue": 24,
        "Gross Profit": 24,
        "Operating Income": 4,
        "EBIT": 5,
        "Net Income": 2
    },
    "2019-03-31": {
        "Diluted EPS": 0.2,
        "Total Revenue": 23,
        "Gross Profit": 23,
        "Operating Income": 4,
        "EBIT": 5,
        "Net Income": 2
    },
    "2018-12-31": {
        "Diluted EPS": 0.35,
        "Total Revenue": 25,
        "Gross Profit": 25,
        "Operating Income": 5,
        "EBIT": 6,
        "Net Income": 3
    },
    "2018-09-30": {
        "Diluted EPS": 0.26,
        "Total Revenue": 25,
        "Gross Profit": 25,
        "Operating Income": 5,
        "EBIT": 6,
        "Net Income": 2
    },
    "2018-06-30": {
        "Diluted EPS": 0.28,
        "Total Revenue": 25,
        "Gross Profit": 25,
        "Operating Income": 5,
        "EBIT": 6,
        "Net Income": 2
    },
    "2018-03-31": {
        "Diluted EPS": 0.27,
        "Total Revenue": 24,
        "Gross Profit": 24,
        "Operating Income": 5,
        "EBIT": 6,
        "Net Income": 2
    },
    "2017-12-31": {
        "Diluted EPS": -0.01,
        "Total Revenue": 24,
        "Gross Profit": 24,
        "Operating Income": 5,
        "EBIT": 6,
        "Net Income": 0
    },
    "2017-09-30": {
        "Diluted EPS": 0.23,
        "Total Revenue": 23,
        "Gross Profit": 23,
        "Operating Income": 5,
        "EBIT": 6,
        "Net Income": 2
    },
    "2017-06-30": {
        "Diluted EPS": 0.23,
        "Total Revenue": 22,
        "Gross Profit": 22,
        "Operating Income": 5,
        "EBIT": 6,
        "Net Income": 2
    },
    "2017-03-31": {
        "Diluted EPS": 0.21,
        "Total Revenue": 22,
        "Gross Profit": 22,
        "Operating Income": 5,
        "EBIT": 5,
        "Net Income": 2
    },
    "2016-12-31": {
        "Diluted EPS": 0.15,
        "Total Revenue": 21,
        "Gross Profit": 21,
        "Operating Income": 3,
        "EBIT": 4,
        "Net Income": 1
    },
    "2016-09-30": {
        "Diluted EPS": 0.19,
        "Total Revenue": 20,
        "Gross Profit": 20,
        "Operating Income": 4,
        "EBIT": 5,
        "Net Income": 1
    },
    "2016-06-30": {
        "Diluted EPS": 0.12,
        "Total Revenue": 19,
        "Gross Profit": 19,
        "Operating Income": 4,
        "EBIT": 4,
        "Net Income": 1
    },
    "2016-03-31": {
        "Diluted EPS": 0.16,
        "Total Revenue": 19,
        "Gross Profit": 19,
        "Operating Income": 4,
        "EBIT": 4,
        "Net Income": 1
    },
    "2015-12-31": {
        "Diluted EPS": 0.11,
        "Total Revenue": 19,
        "Gross Profit": 19,
        "Operating Income": 4,
        "EBIT": 5,
        "Net Income": 1
    },
    "2015-09-30": {
        "Diluted EPS": 0.17,
        "Total Revenue": 20,
        "Gross Profit": 20,
        "Operating Income": 4,
        "EBIT": 5,
        "Net Income": 1
    },
    "2015-06-30": {
        "Diluted EPS": 0.22,
        "Total Revenue": 19,
        "Gross Profit": 19,
        "Operating Income": 5,
        "EBIT": 5,
        "Net Income": 2
    },
    "2015-03-31": {
        "Diluted EPS": 0.18,
        "Total Revenue": 17,
        "Gross Profit": 17,
        "Operating Income": 4,
        "EBIT": 5,
        "Net Income": 1
    },
    "2014-12-31": {
        "Diluted EPS": 0.14,
        "Total Revenue": 18,
        "Gross Profit": 18,
        "Operating Income": 3,
        "EBIT": 3,
        "Net Income": 1
    },
    "2014-09-30": {
        "Diluted EPS": 0.18,
        "Total Revenue": 18,
        "Gross Profit": 18,
        "Operating Income": 4,
        "EBIT": 5,
        "Net Income": 1
    },
    "2014-06-30": {
        "Diluted EPS": 0.18,
        "Total Revenue": 17,
        "Gross Profit": 17,
        "Operating Income": 4,
        "EBIT": 5,
        "Net Income": 1
    },
    "2014-03-31": {
        "Diluted EPS": 0.13,
        "Total Revenue": 17,
        "Gross Profit": 17,
        "Operating Income": 4,
        "EBIT": 4,
        "Net Income": 1
    },
    "2013-12-31": {
        "Diluted EPS": 0.48,
        "Total Revenue": 17,
        "Gross Profit": 17,
        "Operating Income": 2,
        "EBIT": 2,
        "Net Income": 2
    },
    "2013-09-30": {
        "Diluted EPS": 0.14,
        "Total Revenue": 15,
        "Gross Profit": 15,
        "Operating Income": 3,
        "EBIT": 4,
        "Net Income": 1
    },
    "2013-06-30": {
        "Diluted EPS": 0.49,
        "Total Revenue": 14,
        "Gross Profit": 14,
        "Operating Income": 6,
        "EBIT": 6,
        "Net Income": 5
    },
    "2013-03-31": {
        "Diluted EPS": 0.52,
        "Total Revenue": 14,
        "Gross Profit": 14,
        "Operating Income": 6,
        "EBIT": 6,
        "Net Income": 5
    },
    "2012-12-31": {
        "Diluted EPS": 0.0,
        "Total Revenue": NaN,
        "Gross Profit": NaN,
        "Operating Income": NaN,
        "EBIT": NaN,
        "Net Income": NaN
    },
    "2012-09-30": {
        "Diluted EPS": 0.44,
        "Total Revenue": 13,
        "Gross Profit": 13,
        "Operating Income": 5,
        "EBIT": 5,
        "Net Income": 5
    },
    "2012-06-30": {
        "Diluted EPS": 0.0,
        "Total Revenue": 13,
        "Gross Profit": 13,
        "Operating Income": 5,
        "EBIT": 5,
        "Net Income": 5
    },
    "2011-12-31": {
        "Diluted EPS": 0.0,
        "Total Revenue": NaN,
        "Gross Profit": NaN,
        "Operating Income": NaN,
        "EBIT": NaN,
        "Net Income": NaN
    },
    "2010-12-31": {
        "Diluted EPS": 0.0,
        "Total Revenue": NaN,
        "Gross Profit": NaN,
        "Operating Income": NaN,
        "EBIT": NaN,
        "Net Income": NaN
    },
    "2023-09-30": {
        "Tax Effect Of Unusual Items": 0.0,
        "Tax Rate For Calcs": 0.206,
        "Normalized EBITDA": 7855000.0,
        "Net Income From Continuing Operation Net Minority Interest": 3216000.0,
        "Reconciled Depreciation": 997000.0,
        "Reconciled Cost Of Revenue": 16338000.0,
        "EBITDA": 7855000.0,
        "EBIT": 6858000.0,
        "Net Interest Income": 290000.0,
        "Interest Expense": 86000.0,
        "Interest Income": 376000.0,
        "Normalized Income": 3216000.0,
        "Net Income From Continuing And Discontinued Operation": 3216000.0,
        "Total Expenses": 23185000.0,
        "Diluted Average Shares": 9378479.0,
        "Basic Average Shares": 9354747.0,
        "Diluted EPS": 0.34,
        "Basic EPS": 0.34,
        "Diluted NI Availto Com Stockholders": 3216000.0,
        "Net Income Common Stockholders": 3216000.0,
        "Net Income": 3216000.0,
        "Minority Interests": -2164000.0,
        "Net Income Including Noncontrolling Interests": 5380000.0,
        "Net Income Continuous Operations": 5380000.0,
        "Tax Provision": 1392000.0,
        "Pretax Income": 6772000.0,
        "Other Income Expense": -37000.0,
        "Other Non Operating Income Expenses": -37000.0,
        "Net Non Operating Interest Income Expense": 290000.0,
        "Interest Expense Non Operating": 86000.0,
        "Interest Income Non Operating": 376000.0,
        "Operating Income": 6519000.0,
        "Operating Expense": 6847000.0,
        "Selling General And Administration": 6847000.0,
        "General And Administrative Expense": 6847000.0,
        "Other Gand A": 6494000.0,
        "Salaries And Wages": 353000.0,
        "Gross Profit": 13366000.0,
        "Cost Of Revenue": 16338000.0,
        "Total Revenue": 29704000.0,
        "Operating Revenue": 29704000.0
    },
    "2023-12-31": {
        "Tax Effect Of Unusual Items": 0.0,
        "Tax Rate For Calcs": 0.21,
        "Normalized EBITDA": 675000.0,
        "Net Income From Continuing Operation Net Minority Interest": -411000.0,
        "Reconciled Depreciation": 1001000.0,
        "Reconciled Cost Of Revenue": 23721000.0,
        "EBITDA": 675000.0,
        "EBIT": -326000.0,
        "Net Interest Income": 418000.0,
        "Interest Expense": 107000.0,
        "Interest Income": 525000.0,
        "Normalized Income": -411000.0,
        "Net Income From Continuing And Discontinued Operation": -411000.0,
        "Total Expenses": 29511000.0,
        "Diluted Average Shares": NaN,
        "Basic Average Shares": NaN,
        "Diluted EPS": NaN,
        "Basic EPS": NaN,
        "Diluted NI Availto Com Stockholders": -411000.0,
        "Net Income Common Stockholders": -411000.0,
        "Net Income": -411000.0,
        "Minority Interests": 231000.0,
        "Net Income Including Noncontrolling Interests": -642000.0,
        "Net Income Continuous Operations": -642000.0,
        "Tax Provision": 209000.0,
        "Pretax Income": -433000.0,
        "Other Income Expense": 118000.0,
        "Other Non Operating Income Expenses": 45000.0,
        "Net Non Operating Interest Income Expense": 418000.0,
        "Interest Expense Non Operating": 107000.0,
        "Interest Income Non Operating": 525000.0,
        "Operating Income": -969000.0,
        "Operating Expense": 5790000.0,
        "Selling General And Administration": 5790000.0,
        "General And Administrative Expense": 5790000.0,
        "Other Gand A": 6837000.0,
        "Salaries And Wages": NaN,
        "Gross Profit": 4821000.0,
        "Cost Of Revenue": 23721000.0,
        "Total Revenue": 28542000.0,
        "Operating Revenue": 28542000.0
    },
    "2024-03-31": {
        "Tax Effect Of Unusual Items": 0.0,
        "Tax Rate For Calcs": 0.208,
        "Normalized EBITDA": 7278000.0,
        "Net Income From Continuing Operation Net Minority Interest": 3000000.0,
        "Reconciled Depreciation": 1019000.0,
        "Reconciled Cost Of Revenue": 17315000.0,
        "EBITDA": 7278000.0,
        "EBIT": 6259000.0,
        "Net Interest Income": 296000.0,
        "Interest Expense": 51000.0,
        "Interest Income": 347000.0,
        "Normalized Income": 3000000.0,
        "Net Income From Continuing And Discontinued Operation": 3000000.0,
        "Total Expenses": 24368000.0,
        "Diluted Average Shares": 9515581.0,
        "Basic Average Shares": 9480027.0,
        "Diluted EPS": 0.32,
        "Basic EPS": 0.32,
        "Diluted NI Availto Com Stockholders": 3000000.0,
        "Net Income Common Stockholders": 3000000.0,
        "Net Income": 3000000.0,
        "Minority Interests": -1915000.0,
        "Net Income Including Noncontrolling Interests": 4915000.0,
        "Net Income Continuous Operations": 4915000.0,
        "Tax Provision": 1293000.0,
        "Pretax Income": 6208000.0,
        "Other Income Expense": 8000.0,
        "Other Non Operating Income Expenses": 8000.0,
        "Net Non Operating Interest Income Expense": 296000.0,
        "Interest Expense Non Operating": 51000.0,
        "Interest Income Non Operating": 347000.0,
        "Operating Income": 5904000.0,
        "Operating Expense": 7053000.0,
        "Selling General And Administration": 7053000.0,
        "General And Administrative Expense": 7053000.0,
        "Other Gand A": 6699000.0,
        "Salaries And Wages": 354000.0,
        "Gross Profit": 12957000.0,
        "Cost Of Revenue": 17315000.0,
        "Total Revenue": 30272000.0,
        "Operating Revenue": 30272000.0
    },
    "2024-06-30": {
        "Tax Effect Of Unusual Items": 0.0,
        "Tax Rate For Calcs": 0.214491,
        "Normalized EBITDA": 6663000.0,
        "Net Income From Continuing Operation Net Minority Interest": 2665000.0,
        "Reconciled Depreciation": 1058000.0,
        "Reconciled Cost Of Revenue": 18008000.0,
        "EBITDA": 6663000.0,
        "EBIT": 5605000.0,
        "Net Interest Income": 260000.0,
        "Interest Expense": 29000.0,
        "Interest Income": 289000.0,
        "Normalized Income": 2665000.0,
        "Net Income From Continuing And Discontinued Operation": 2665000.0,
        "Total Expenses": 25684000.0,
        "Diluted Average Shares": 9547879.0,
        "Basic Average Shares": 9509711.0,
        "Diluted EPS": 0.28,
        "Basic EPS": 0.28,
        "Diluted NI Availto Com Stockholders": 2665000.0,
        "Net Income Common Stockholders": 2665000.0,
        "Net Income": 2665000.0,
        "Minority Interests": -1715000.0,
        "Net Income Including Noncontrolling Interests": 4380000.0,
        "Net Income Continuous Operations": 4380000.0,
        "Tax Provision": 1196000.0,
        "Pretax Income": 5576000.0,
        "Other Income Expense": 7000.0,
        "Other Non Operating Income Expenses": 7000.0,
        "Net Non Operating Interest Income Expense": 260000.0,
        "Interest Expense Non Operating": 29000.0,
        "Interest Income Non Operating": 289000.0,
        "Operating Income": 5309000.0,
        "Operating Expense": 7676000.0,
        "Selling General And Administration": 7676000.0,
        "General And Administrative Expense": 7676000.0,
        "Other Gand A": 7191000.0,
        "Salaries And Wages": 485000.0,
        "Gross Profit": 12985000.0,
        "Cost Of Revenue": 18008000.0,
        "Total Revenue": 30993000.0,
        "Operating Revenue": 30993000.0
    }
}