{
    "2023-03-31": {
        "Tax Effect Of Unusual Items": NaN,
        "Tax Rate For Calcs": NaN,
        "Normalized EBITDA": NaN,
        "Total Unusual Items": NaN,
        "Total Unusual Items Excluding Goodwill": NaN,
        "Net Income From Continuing Operation Net Minority Interest": NaN,
        "Reconciled Depreciation": NaN,
        "Reconciled Cost Of Revenue": NaN,
        "EBITDA": NaN,
        "EBIT": NaN,
        "Net Interest Income": NaN,
        "Interest Expense": NaN,
        "Interest Income": 10089000.0,
        "Normalized Income": NaN,
        "Net Income From Continuing And Discontinued Operation": NaN,
        "Total Expenses": NaN,
        "Diluted Average Shares": 301258621.0,
        "Basic Average Shares": 298825378.0,
        "Diluted EPS": 0.05,
        "Basic EPS": 0.05,
        "Diluted NI Availto Com Stockholders": NaN,
        "Net Income Common Stockholders": NaN,
        "Net Income": NaN,
        "Minority Interests": NaN,
        "Net Income Including Noncontrolling Interests": NaN,
        "Net Income Continuous Operations": NaN,
        "Tax Provision": NaN,
        "Pretax Income": NaN,
        "Other Income Expense": NaN,
        "Other Non Operating Income Expenses": 9820000.0,
        "Special Income Charges": NaN,
        "Gain On Sale Of Ppe": NaN,
        "Gain On Sale Of Business": NaN,
        "Impairment Of Capital Assets": 940000.0,
        "Earnings From Equity Interest": -143000.0,
        "Gain On Sale Of Security": NaN,
        "Net Non Operating Interest Income Expense": NaN,
        "Interest Expense Non Operating": NaN,
        "Interest Income Non Operating": 10089000.0,
        "Operating Income": NaN,
        "Operating Expense": NaN,
        "Other Operating Expenses": NaN,
        "Depreciation Amortization Depletion Income Statement": 115000.0,
        "Depreciation And Amortization In Income Statement": 115000.0,
        "Depreciation Income Statement": 115000.0,
        "Selling General And Administration": NaN,
        "General And Administrative Expense": NaN,
        "Other Gand A": NaN,
        "Salaries And Wages": NaN,
        "Gross Profit": NaN,
        "Cost Of Revenue": NaN,
        "Total Revenue": NaN,
        "Operating Revenue": NaN
    },
    "2022-12-31": {
        "Tax Effect Of Unusual Items": NaN,
        "Tax Rate For Calcs": NaN,
        "Normalized EBITDA": NaN,
        "Total Unusual Items": NaN,
        "Total Unusual Items Excluding Goodwill": NaN,
        "Net Income From Continuing Operation Net Minority Interest": NaN,
        "Reconciled Depreciation": NaN,
        "Reconciled Cost Of Revenue": NaN,
        "EBITDA": NaN,
        "EBIT": NaN,
        "Net Interest Income": NaN,
        "Interest Expense": NaN,
        "Interest Income": 119000.0,
        "Normalized Income": NaN,
        "Net Income From Continuing And Discontinued Operation": NaN,
        "Total Expenses": NaN,
        "Diluted Average Shares": NaN,
        "Basic Average Shares": NaN,
        "Diluted EPS": NaN,
        "Basic EPS": NaN,
        "Diluted NI Availto Com Stockholders": NaN,
        "Net Income Common Stockholders": NaN,
        "Net Income": NaN,
        "Minority Interests": NaN,
        "Net Income Including Noncontrolling Interests": NaN,
        "Net Income Continuous Operations": NaN,
        "Tax Provision": NaN,
        "Pretax Income": NaN,
        "Other Income Expense": NaN,
        "Other Non Operating Income Expenses": 1256000.0,
        "Special Income Charges": NaN,
        "Gain On Sale Of Ppe": NaN,
        "Gain On Sale Of Business": 0.0,
        "Impairment Of Capital Assets": NaN,
        "Earnings From Equity Interest": NaN,
        "Gain On Sale Of Security": NaN,
        "Net Non Operating Interest Income Expense": NaN,
        "Interest Expense Non Operating": NaN,
        "Interest Income Non Operating": 119000.0,
        "Operating Income": NaN,
        "Operating Expense": NaN,
        "Other Operating Expenses": NaN,
        "Depreciation Amortization Depletion Income Statement": NaN,
        "Depreciation And Amortization In Income Statement": NaN,
        "Depreciation Income Statement": NaN,
        "Selling General And Administration": NaN,
        "General And Administrative Expense": NaN,
        "Other Gand A": NaN,
        "Salaries And Wages": NaN,
        "Gross Profit": NaN,
        "Cost Of Revenue": NaN,
        "Total Revenue": NaN,
        "Operating Revenue": NaN
    },
    "2022-09-30": {
        "Tax Effect Of Unusual Items": NaN,
        "Tax Rate For Calcs": NaN,
        "Normalized EBITDA": NaN,
        "Total Unusual Items": NaN,
        "Total Unusual Items Excluding Goodwill": NaN,
        "Net Income From Continuing Operation Net Minority Interest": NaN,
        "Reconciled Depreciation": NaN,
        "Reconciled Cost Of Revenue": NaN,
        "EBITDA": NaN,
        "EBIT": NaN,
        "Net Interest Income": NaN,
        "Interest Expense": NaN,
        "Interest Income": 0.0,
        "Normalized Income": NaN,
        "Net Income From Continuing And Discontinued Operation": NaN,
        "Total Expenses": NaN,
        "Diluted Average Shares": 244745973.0,
        "Basic Average Shares": 242122336.0,
        "Diluted EPS": 0.13,
        "Basic EPS": 0.13,
        "Diluted NI Availto Com Stockholders": NaN,
        "Net Income Common Stockholders": NaN,
        "Net Income": NaN,
        "Minority Interests": NaN,
        "Net Income Including Noncontrolling Interests": NaN,
        "Net Income Continuous Operations": NaN,
        "Tax Provision": NaN,
        "Pretax Income": NaN,
        "Other Income Expense": NaN,
        "Other Non Operating Income Expenses": -91000.0,
        "Special Income Charges": NaN,
        "Gain On Sale Of Ppe": NaN,
        "Gain On Sale Of Business": 24906000.0,
        "Impairment Of Capital Assets": NaN,
        "Earnings From Equity Interest": NaN,
        "Gain On Sale Of Security": NaN,
        "Net Non Operating Interest Income Expense": NaN,
        "Interest Expense Non Operating": NaN,
        "Interest Income Non Operating": 0.0,
        "Operating Income": NaN,
        "Operating Expense": NaN,
        "Other Operating Expenses": NaN,
        "Depreciation Amortization Depletion Income Statement": NaN,
        "Depreciation And Amortization In Income Statement": NaN,
        "Depreciation Income Statement": NaN,
        "Selling General And Administration": NaN,
        "General And Administrative Expense": NaN,
        "Other Gand A": NaN,
        "Salaries And Wages": NaN,
        "Gross Profit": NaN,
        "Cost Of Revenue": NaN,
        "Total Revenue": NaN,
        "Operating Revenue": NaN
    },
    "2022-06-30": {
        "Tax Effect Of Unusual Items": 3664453.105968,
        "Tax Rate For Calcs": 0.104615,
        "Normalized EBITDA": 21165000.0,
        "Total Unusual Items": 35028000.0,
        "Total Unusual Items Excluding Goodwill": 35028000.0,
        "Net Income From Continuing Operation Net Minority Interest": 39696000.0,
        "Reconciled Depreciation": 11132000.0,
        "Reconciled Cost Of Revenue": 16273000.0,
        "EBITDA": 56193000.0,
        "EBIT": 45061000.0,
        "Net Interest Income": -506000.0,
        "Interest Expense": 727000.0,
        "Interest Income": 221000.0,
        "Normalized Income": 8332453.105968,
        "Net Income From Continuing And Discontinued Operation": 39696000.0,
        "Total Expenses": 25482000.0,
        "Diluted Average Shares": 195396824.0,
        "Basic Average Shares": 192228171.0,
        "Diluted EPS": 0.2,
        "Basic EPS": 0.21,
        "Diluted NI Availto Com Stockholders": 39696000.0,
        "Net Income Common Stockholders": 39696000.0,
        "Net Income": 39696000.0,
        "Minority Interests": NaN,
        "Net Income Including Noncontrolling Interests": 39696000.0,
        "Net Income Continuous Operations": 39696000.0,
        "Tax Provision": 4638000.0,
        "Pretax Income": 44334000.0,
        "Other Income Expense": 34354000.0,
        "Other Non Operating Income Expenses": -674000.0,
        "Special Income Charges": 35427000.0,
        "Gain On Sale Of Ppe": 22937000.0,
        "Gain On Sale Of Business": 12490000.0,
        "Impairment Of Capital Assets": 0.0,
        "Earnings From Equity Interest": NaN,
        "Gain On Sale Of Security": -399000.0,
        "Net Non Operating Interest Income Expense": -506000.0,
        "Interest Expense Non Operating": 727000.0,
        "Interest Income Non Operating": 221000.0,
        "Operating Income": 10486000.0,
        "Operating Expense": 9209000.0,
        "Other Operating Expenses": 4554000.0,
        "Selling General And Administration": 4655000.0,
        "General And Administrative Expense": 4655000.0,
        "Other Gand A": 1325000.0,
        "Salaries And Wages": 3330000.0,
        "Gross Profit": 19695000.0,
        "Cost Of Revenue": 16273000.0,
        "Total Revenue": 35968000.0,
        "Operating Revenue": 35968000.0
    },
    "2023-06-30": {
        "Tax Effect Of Unusual Items": -2702000.0,
        "Tax Rate For Calcs": 0.4,
        "Normalized EBITDA": 40055000.0,
        "Total Unusual Items": -6755000.0,
        "Total Unusual Items Excluding Goodwill": -6755000.0,
        "Net Income From Continuing Operation Net Minority Interest": 2049000.0,
        "Reconciled Depreciation": 21905000.0,
        "Reconciled Cost Of Revenue": 27379000.0,
        "EBITDA": 33300000.0,
        "EBIT": 11395000.0,
        "Net Interest Income": -9817000.0,
        "Interest Expense": 9817000.0,
        "Interest Income": 0.0,
        "Normalized Income": 6102000.0,
        "Net Income From Continuing And Discontinued Operation": 2049000.0,
        "Total Expenses": 32951000.0,
        "Diluted Average Shares": 300666592.0,
        "Basic Average Shares": 298094024.0,
        "Diluted EPS": 0.01,
        "Basic EPS": 0.01,
        "Diluted NI Availto Com Stockholders": 2049000.0,
        "Net Income Common Stockholders": 2049000.0,
        "Net Income": 2049000.0,
        "Minority Interests": -635000.0,
        "Net Income Including Noncontrolling Interests": 2684000.0,
        "Net Income Continuous Operations": 2684000.0,
        "Tax Provision": -1106000.0,
        "Pretax Income": 1578000.0,
        "Other Income Expense": -5489000.0,
        "Other Non Operating Income Expenses": NaN,
        "Special Income Charges": -2039000.0,
        "Gain On Sale Of Ppe": -2039000.0,
        "Gain On Sale Of Business": 0.0,
        "Impairment Of Capital Assets": 0.0,
        "Earnings From Equity Interest": 1266000.0,
        "Gain On Sale Of Security": -4716000.0,
        "Net Non Operating Interest Income Expense": -9817000.0,
        "Interest Expense Non Operating": 9817000.0,
        "Interest Income Non Operating": 0.0,
        "Operating Income": 16884000.0,
        "Operating Expense": 5572000.0,
        "Other Operating Expenses": 1964000.0,
        "Depreciation Amortization Depletion Income Statement": NaN,
        "Depreciation And Amortization In Income Statement": NaN,
        "Depreciation Income Statement": NaN,
        "Selling General And Administration": 3608000.0,
        "General And Administrative Expense": 3608000.0,
        "Other Gand A": 1858000.0,
        "Salaries And Wages": 1750000.0,
        "Gross Profit": 22456000.0,
        "Cost Of Revenue": 27379000.0,
        "Total Revenue": 49835000.0,
        "Operating Revenue": 49835000.0
    },
    "2022-03-31": {
        "Diluted EPS": 0.05,
        "Total Revenue": 35,
        "Gross Profit": 19,
        "Operating Income": 15,
        "EBIT": 27,
        "Net Income": 9
    },
    "2021-12-31": {
        "Diluted EPS": 0.04,
        "Total Revenue": 30,
        "Gross Profit": 18,
        "Operating Income": 13,
        "EBIT": 22,
        "Net Income": 7
    },
    "2021-09-30": {
        "Diluted EPS": 0.03,
        "Total Revenue": 28,
        "Gross Profit": 15,
        "Operating Income": 12,
        "EBIT": 21,
        "Net Income": 7
    },
    "2021-06-30": {
        "Diluted EPS": 0.04,
        "Total Revenue": 26,
        "Gross Profit": 14,
        "Operating Income": 8,
        "EBIT": 18,
        "Net Income": 9
    },
    "2021-03-31": {
        "Diluted EPS": 0.03,
        "Total Revenue": 31,
        "Gross Profit": 16,
        "Operating Income": 12,
        "EBIT": 22,
        "Net Income": 5
    },
    "2020-12-31": {
        "Diluted EPS": 0.06,
        "Total Revenue": 30,
        "Gross Profit": 17,
        "Operating Income": 13,
        "EBIT": 22,
        "Net Income": 11
    },
    "2020-09-30": {
        "Diluted EPS": 0.03,
        "Total Revenue": 23,
        "Gross Profit": 12,
        "Operating Income": 9,
        "EBIT": 19,
        "Net Income": 7
    },
    "2020-06-30": {
        "Diluted EPS": 0.04,
        "Total Revenue": 19,
        "Gross Profit": 8,
        "Operating Income": 4,
        "EBIT": 12,
        "Net Income": 7
    },
    "2020-03-31": {
        "Diluted EPS": -0.06,
        "Total Revenue": 21,
        "Gross Profit": 9,
        "Operating Income": 5,
        "EBIT": 15,
        "Net Income": -10
    },
    "2019-12-31": {
        "Diluted EPS": 0.04,
        "Total Revenue": 24,
        "Gross Profit": 10,
        "Operating Income": 5,
        "EBIT": 18,
        "Net Income": 5
    },
    "2019-09-30": {
        "Diluted EPS": 0.03,
        "Total Revenue": 26,
        "Gross Profit": 11,
        "Operating Income": 8,
        "EBIT": 16,
        "Net Income": 6
    },
    "2019-06-30": {
        "Diluted EPS": 0.01,
        "Total Revenue": 21,
        "Gross Profit": 6,
        "Operating Income": 3,
        "EBIT": 14,
        "Net Income": 2
    },
    "2019-03-31": {
        "Diluted EPS": 0.01,
        "Total Revenue": 18,
        "Gross Profit": 7,
        "Operating Income": 4,
        "EBIT": 13,
        "Net Income": 2
    },
    "2018-12-31": {
        "Diluted EPS": 0.02,
        "Total Revenue": 17,
        "Gross Profit": 6,
        "Operating Income": 3,
        "EBIT": 10,
        "Net Income": 3
    },
    "2018-09-30": {
        "Diluted EPS": 0.01,
        "Total Revenue": 17,
        "Gross Profit": 7,
        "Operating Income": 5,
        "EBIT": 11,
        "Net Income": 2
    },
    "2018-06-30": {
        "Diluted EPS": 0.0,
        "Total Revenue": 19,
        "Gross Profit": 7,
        "Operating Income": 4,
        "EBIT": 12,
        "Net Income": 1
    },
    "2018-03-31": {
        "Diluted EPS": 0.0,
        "Total Revenue": 19,
        "Gross Profit": 7,
        "Operating Income": 5,
        "EBIT": 13,
        "Net Income": 0
    },
    "2017-12-31": {
        "Diluted EPS": 0.01,
        "Total Revenue": 15,
        "Gross Profit": 5,
        "Operating Income": 2,
        "EBIT": 9,
        "Net Income": 1
    },
    "2017-09-30": {
        "Diluted EPS": 0.02,
        "Total Revenue": 18,
        "Gross Profit": 7,
        "Operating Income": 4,
        "EBIT": 12,
        "Net Income": 5
    },
    "2017-06-30": {
        "Diluted EPS": -0.01,
        "Total Revenue": 16,
        "Gross Profit": 5,
        "Operating Income": 2,
        "EBIT": 10,
        "Net Income": -2
    },
    "2017-03-31": {
        "Diluted EPS": 0.04,
        "Total Revenue": 19,
        "Gross Profit": 7,
        "Operating Income": 4,
        "EBIT": 12,
        "Net Income": 7
    },
    "2016-12-31": {
        "Diluted EPS": -0.01,
        "Total Revenue": 16,
        "Gross Profit": 5,
        "Operating Income": 3,
        "EBIT": 11,
        "Net Income": 0
    },
    "2016-09-30": {
        "Diluted EPS": 0.04,
        "Total Revenue": 17,
        "Gross Profit": 6,
        "Operating Income": 4,
        "EBIT": 11,
        "Net Income": 7
    },
    "2016-06-30": {
        "Diluted EPS": 0.04,
        "Total Revenue": 16,
        "Gross Profit": 5,
        "Operating Income": 3,
        "EBIT": 10,
        "Net Income": 5
    },
    "2016-03-31": {
        "Diluted EPS": 0.1,
        "Total Revenue": 13,
        "Gross Profit": 5,
        "Operating Income": 3,
        "EBIT": 8,
        "Net Income": 13
    },
    "2015-12-31": {
        "Diluted EPS": -0.2,
        "Total Revenue": 10,
        "Gross Profit": -1,
        "Operating Income": -6,
        "EBIT": 3,
        "Net Income": -25
    },
    "2015-09-30": {
        "Diluted EPS": -0.05,
        "Total Revenue": 12,
        "Gross Profit": 1,
        "Operating Income": -1,
        "EBIT": 7,
        "Net Income": -5
    },
    "2015-06-30": {
        "Diluted EPS": -0.11,
        "Total Revenue": 15,
        "Gross Profit": 1,
        "Operating Income": -1,
        "EBIT": 9,
        "Net Income": -13
    },
    "2015-03-31": {
        "Diluted EPS": 0.01,
        "Total Revenue": 15,
        "Gross Profit": 2,
        "Operating Income": 0,
        "EBIT": 9,
        "Net Income": 1
    },
    "2014-12-31": {
        "Diluted EPS": 0.02,
        "Total Revenue": 12,
        "Gross Profit": 2,
        "Operating Income": 3,
        "EBIT": 10,
        "Net Income": 3
    },
    "2014-09-30": {
        "Diluted EPS": 0.02,
        "Total Revenue": 16,
        "Gross Profit": 4,
        "Operating Income": 1,
        "EBIT": 10,
        "Net Income": 2
    },
    "2014-06-30": {
        "Diluted EPS": 0.03,
        "Total Revenue": 13,
        "Gross Profit": 3,
        "Operating Income": 2,
        "EBIT": 8,
        "Net Income": 3
    },
    "2014-03-31": {
        "Diluted EPS": 0.03,
        "Total Revenue": 13,
        "Gross Profit": 3,
        "Operating Income": 1,
        "EBIT": 7,
        "Net Income": 4
    },
    "2013-12-31": {
        "Diluted EPS": -0.4,
        "Total Revenue": 16,
        "Gross Profit": 5,
        "Operating Income": 1,
        "EBIT": 8,
        "Net Income": -40
    },
    "2013-09-30": {
        "Diluted EPS": -0.02,
        "Total Revenue": 15,
        "Gross Profit": 5,
        "Operating Income": 0,
        "EBIT": 7,
        "Net Income": -2
    },
    "2013-06-30": {
        "Diluted EPS": -0.18,
        "Total Revenue": 13,
        "Gross Profit": 4,
        "Operating Income": 1,
        "EBIT": 7,
        "Net Income": -17
    },
    "2013-03-31": {
        "Diluted EPS": -0.13,
        "Total Revenue": 15,
        "Gross Profit": 7,
        "Operating Income": 3,
        "EBIT": 8,
        "Net Income": -12
    },
    "2012-12-31": {
        "Diluted EPS": 0.07,
        "Total Revenue": 12,
        "Gross Profit": 12,
        "Operating Income": 12,
        "EBIT": 15,
        "Net Income": 7
    },
    "2012-09-30": {
        "Diluted EPS": 0.05,
        "Total Revenue": 15,
        "Gross Profit": 8,
        "Operating Income": 6,
        "EBIT": 6,
        "Net Income": 5
    },
    "2012-06-30": {
        "Diluted EPS": 0.06,
        "Total Revenue": 15,
        "Gross Profit": 15,
        "Operating Income": 15,
        "EBIT": 15,
        "Net Income": 5
    },
    "2012-03-31": {
        "Diluted EPS": 0.05,
        "Total Revenue": 13,
        "Gross Profit": 13,
        "Operating Income": 13,
        "EBIT": 13,
        "Net Income": 4
    },
    "2023-09-30": {
        "Tax Effect Of Unusual Items": -1572000.0,
        "Tax Rate For Calcs": 0.4,
        "Normalized EBITDA": 30554000.0,
        "Total Unusual Items": -3930000.0,
        "Total Unusual Items Excluding Goodwill": -3930000.0,
        "Net Income From Continuing Operation Net Minority Interest": -241000.0,
        "Reconciled Depreciation": 16274000.0,
        "Reconciled Cost Of Revenue": 20928000.0,
        "EBITDA": 26624000.0,
        "EBIT": 10350000.0,
        "Net Interest Income": -9768000.0,
        "Interest Expense": 9768000.0,
        "Interest Income": 0.0,
        "Normalized Income": 2117000.0,
        "Net Income From Continuing And Discontinued Operation": -241000.0,
        "Total Expenses": 25781000.0,
        "Diluted Average Shares": 296172883.0,
        "Basic Average Shares": 296172883.0,
        "Diluted EPS": -0.000814,
        "Basic EPS": -0.000814,
        "Diluted NI Availto Com Stockholders": -241000.0,
        "Net Income Common Stockholders": -241000.0,
        "Net Income": -241000.0,
        "Minority Interests": -255000.0,
        "Net Income Including Noncontrolling Interests": 14000.0,
        "Net Income Continuous Operations": 14000.0,
        "Tax Provision": 568000.0,
        "Pretax Income": 582000.0,
        "Other Income Expense": -5193000.0,
        "Other Non Operating Income Expenses": NaN,
        "Special Income Charges": 0.0,
        "Gain On Sale Of Ppe": 0.0,
        "Gain On Sale Of Business": 0.0,
        "Impairment Of Capital Assets": 0.0,
        "Earnings From Equity Interest": -1263000.0,
        "Gain On Sale Of Security": -3930000.0,
        "Net Non Operating Interest Income Expense": -9768000.0,
        "Interest Expense Non Operating": 9768000.0,
        "Interest Income Non Operating": 0.0,
        "Operating Income": 15543000.0,
        "Operating Expense": 4853000.0,
        "Other Operating Expenses": 1720000.0,
        "Depreciation Amortization Depletion Income Statement": NaN,
        "Depreciation And Amortization In Income Statement": NaN,
        "Depreciation Income Statement": NaN,
        "Selling General And Administration": 3133000.0,
        "General And Administrative Expense": 3133000.0,
        "Other Gand A": 1396000.0,
        "Salaries And Wages": 1737000.0,
        "Gross Profit": 20396000.0,
        "Cost Of Revenue": 20928000.0,
        "Total Revenue": 41324000.0,
        "Operating Revenue": 41324000.0
    },
    "2023-12-31": {
        "Tax Effect Of Unusual Items": 3901436.161421,
        "Tax Rate For Calcs": 0.157806,
        "Normalized EBITDA": 33940000.0,
        "Total Unusual Items": 24723000.0,
        "Total Unusual Items Excluding Goodwill": 24723000.0,
        "Net Income From Continuing Operation Net Minority Interest": 24239000.0,
        "Reconciled Depreciation": 19596000.0,
        "Reconciled Cost Of Revenue": 24133000.0,
        "EBITDA": 58663000.0,
        "EBIT": 39067000.0,
        "Net Interest Income": -20025000.0,
        "Interest Expense": 10025000.0,
        "Interest Income": NaN,
        "Normalized Income": 3417436.161421,
        "Net Income From Continuing And Discontinued Operation": 24239000.0,
        "Total Expenses": 29632000.0,
        "Diluted Average Shares": NaN,
        "Basic Average Shares": NaN,
        "Diluted EPS": NaN,
        "Basic EPS": NaN,
        "Diluted NI Availto Com Stockholders": 24239000.0,
        "Net Income Common Stockholders": 24239000.0,
        "Net Income": 24239000.0,
        "Minority Interests": -220000.0,
        "Net Income Including Noncontrolling Interests": 24459000.0,
        "Net Income Continuous Operations": 24459000.0,
        "Tax Provision": 4583000.0,
        "Pretax Income": 29042000.0,
        "Other Income Expense": 34201000.0,
        "Other Non Operating Income Expenses": NaN,
        "Special Income Charges": 3301000.0,
        "Gain On Sale Of Ppe": 3988000.0,
        "Gain On Sale Of Business": 0.0,
        "Impairment Of Capital Assets": 687000.0,
        "Earnings From Equity Interest": -2001000.0,
        "Gain On Sale Of Security": 21422000.0,
        "Net Non Operating Interest Income Expense": -20025000.0,
        "Interest Expense Non Operating": 10025000.0,
        "Interest Income Non Operating": NaN,
        "Operating Income": 14866000.0,
        "Operating Expense": 5499000.0,
        "Other Operating Expenses": 1712000.0,
        "Depreciation Amortization Depletion Income Statement": NaN,
        "Depreciation And Amortization In Income Statement": NaN,
        "Depreciation Income Statement": NaN,
        "Selling General And Administration": 3787000.0,
        "General And Administrative Expense": 3787000.0,
        "Other Gand A": 1662000.0,
        "Salaries And Wages": 2125000.0,
        "Gross Profit": 20365000.0,
        "Cost Of Revenue": 24133000.0,
        "Total Revenue": 44498000.0,
        "Operating Revenue": 44498000.0
    },
    "2024-03-31": {
        "Tax Effect Of Unusual Items": -977550.0,
        "Tax Rate For Calcs": 0.15,
        "Normalized EBITDA": 33150000.0,
        "Total Unusual Items": -6517000.0,
        "Total Unusual Items Excluding Goodwill": -6517000.0,
        "Net Income From Continuing Operation Net Minority Interest": -4196000.0,
        "Reconciled Depreciation": 17284000.0,
        "Reconciled Cost Of Revenue": 5702000.0,
        "EBITDA": 26633000.0,
        "EBIT": 9349000.0,
        "Net Interest Income": -9368000.0,
        "Interest Expense": 9368000.0,
        "Interest Income": NaN,
        "Normalized Income": 1343450.0,
        "Net Income From Continuing And Discontinued Operation": -4196000.0,
        "Total Expenses": 28141000.0,
        "Diluted Average Shares": 297815683.0,
        "Basic Average Shares": 297815683.0,
        "Diluted EPS": -0.01,
        "Basic EPS": -0.01,
        "Diluted NI Availto Com Stockholders": -4196000.0,
        "Net Income Common Stockholders": -4196000.0,
        "Net Income": -4196000.0,
        "Minority Interests": -340000.0,
        "Net Income Including Noncontrolling Interests": -3856000.0,
        "Net Income Continuous Operations": -3856000.0,
        "Tax Provision": 3837000.0,
        "Pretax Income": -19000.0,
        "Other Income Expense": -5321000.0,
        "Other Non Operating Income Expenses": 525000.0,
        "Special Income Charges": -404000.0,
        "Gain On Sale Of Ppe": -404000.0,
        "Gain On Sale Of Business": NaN,
        "Impairment Of Capital Assets": 0.0,
        "Earnings From Equity Interest": 671000.0,
        "Gain On Sale Of Security": -6113000.0,
        "Net Non Operating Interest Income Expense": -9368000.0,
        "Interest Expense Non Operating": 9368000.0,
        "Interest Income Non Operating": NaN,
        "Operating Income": 14670000.0,
        "Operating Expense": 5695000.0,
        "Other Operating Expenses": 1673000.0,
        "Depreciation Amortization Depletion Income Statement": 540000.0,
        "Depreciation And Amortization In Income Statement": 540000.0,
        "Depreciation Income Statement": 540000.0,
        "Selling General And Administration": 3482000.0,
        "General And Administrative Expense": 3482000.0,
        "Other Gand A": 1685000.0,
        "Salaries And Wages": 1797000.0,
        "Gross Profit": 20365000.0,
        "Cost Of Revenue": 22446000.0,
        "Total Revenue": 42811000.0,
        "Operating Revenue": 42811000.0
    },
    "2024-06-30": {
        "Tax Effect Of Unusual Items": 1042882.609921,
        "Tax Rate For Calcs": 0.260006,
        "Normalized EBITDA": 34114000.0,
        "Total Unusual Items": 4011000.0,
        "Total Unusual Items Excluding Goodwill": 4011000.0,
        "Net Income From Continuing Operation Net Minority Interest": 10028000.0,
        "Reconciled Depreciation": 14961000.0,
        "Reconciled Cost Of Revenue": 4758000.0,
        "EBITDA": 38125000.0,
        "EBIT": 23164000.0,
        "Net Interest Income": -8972000.0,
        "Interest Expense": 8972000.0,
        "Interest Income": NaN,
        "Normalized Income": 7059882.609921,
        "Net Income From Continuing And Discontinued Operation": 10028000.0,
        "Total Expenses": 25187000.0,
        "Diluted Average Shares": 299817720.0,
        "Basic Average Shares": 297831968.0,
        "Diluted EPS": 0.03,
        "Basic EPS": 0.03,
        "Diluted NI Availto Com Stockholders": 10028000.0,
        "Net Income Common Stockholders": 10028000.0,
        "Net Income": 10028000.0,
        "Minority Interests": -474000.0,
        "Net Income Including Noncontrolling Interests": 10502000.0,
        "Net Income Continuous Operations": 10502000.0,
        "Tax Provision": 3690000.0,
        "Pretax Income": 14192000.0,
        "Other Income Expense": 6977000.0,
        "Other Non Operating Income Expenses": 2966000.0,
        "Special Income Charges": -3424000.0,
        "Gain On Sale Of Ppe": -3424000.0,
        "Gain On Sale Of Business": NaN,
        "Impairment Of Capital Assets": NaN,
        "Earnings From Equity Interest": NaN,
        "Gain On Sale Of Security": 7435000.0,
        "Net Non Operating Interest Income Expense": -8972000.0,
        "Interest Expense Non Operating": 8972000.0,
        "Interest Income Non Operating": NaN,
        "Operating Income": 16187000.0,
        "Operating Expense": 6018000.0,
        "Other Operating Expenses": 1741000.0,
        "Depreciation Amortization Depletion Income Statement": 550000.0,
        "Depreciation And Amortization In Income Statement": 550000.0,
        "Depreciation Income Statement": 550000.0,
        "Selling General And Administration": 3727000.0,
        "General And Administrative Expense": 3727000.0,
        "Other Gand A": 1917000.0,
        "Salaries And Wages": 1810000.0,
        "Gross Profit": 22205000.0,
        "Cost Of Revenue": 19169000.0,
        "Total Revenue": 41374000.0,
        "Operating Revenue": 41374000.0
    }
}