{
    "2023-06-30": {
        "Tax Effect Of Unusual Items": 0.0,
        "Tax Rate For Calcs": 0.260372,
        "Total Unusual Items": 0.0,
        "Total Unusual Items Excluding Goodwill": 0.0,
        "Net Income From Continuing Operation Net Minority Interest": 24745000.0,
        "Reconciled Depreciation": 1269000.0,
        "Net Interest Income": 90471000.0,
        "Interest Expense": 67679000.0,
        "Interest Income": 158150000.0,
        "Normalized Income": 24745000.0,
        "Net Income From Continuing And Discontinued Operation": 24745000.0,
        "Diluted Average Shares": 44990909.0,
        "Basic Average Shares": 44990909.0,
        "Diluted EPS": 0.55,
        "Basic EPS": 0.55,
        "Diluted NI Availto Com Stockholders": 24745000.0,
        "Net Income Common Stockholders": 24745000.0,
        "Otherunder Preferred Stock Dividend": NaN,
        "Net Income": 24745000.0,
        "Net Income Including Noncontrolling Interests": 24745000.0,
        "Net Income Continuous Operations": 24745000.0,
        "Tax Provision": 8711000.0,
        "Pretax Income": 33456000.0,
        "Special Income Charges": 0.0,
        "Other Special Charges": NaN,
        "Restructuring And Mergern Acquisition": 0.0,
        "Gain On Sale Of Security": 0.0,
        "Depreciation Amortization Depletion Income Statement": 1269000.0,
        "Depreciation And Amortization In Income Statement": 1269000.0,
        "Amortization": 1269000.0,
        "Amortization Of Intangibles Income Statement": 1269000.0,
        "Selling General And Administration": 44895000.0,
        "Selling And Marketing Expense": 1589000.0,
        "General And Administrative Expense": 43306000.0,
        "Other Gand A": NaN,
        "Insurance And Claims": 2375000.0,
        "Salaries And Wages": 40931000.0,
        "Total Revenue": 107647000.0,
        "Operating Revenue": 107647000.0
    },
    "2023-03-31": {
        "Tax Effect Of Unusual Items": 0.0,
        "Tax Rate For Calcs": 0.251606,
        "Total Unusual Items": NaN,
        "Total Unusual Items Excluding Goodwill": NaN,
        "Net Income From Continuing Operation Net Minority Interest": 51253000.0,
        "Reconciled Depreciation": 1306000.0,
        "Net Interest Income": 97302000.0,
        "Interest Expense": 54045000.0,
        "Interest Income": 151347000.0,
        "Normalized Income": 51253000.0,
        "Net Income From Continuing And Discontinued Operation": 51253000.0,
        "Diluted Average Shares": 44958772.0,
        "Basic Average Shares": 44958772.0,
        "Diluted EPS": 1.14,
        "Basic EPS": 1.14,
        "Diluted NI Availto Com Stockholders": 51253000.0,
        "Net Income Common Stockholders": 51253000.0,
        "Otherunder Preferred Stock Dividend": 169000.0,
        "Net Income": 51253000.0,
        "Net Income Including Noncontrolling Interests": 51253000.0,
        "Net Income Continuous Operations": 51253000.0,
        "Tax Provision": 17231000.0,
        "Pretax Income": 68484000.0,
        "Special Income Charges": NaN,
        "Other Special Charges": NaN,
        "Restructuring And Mergern Acquisition": NaN,
        "Gain On Sale Of Security": 0.0,
        "Depreciation Amortization Depletion Income Statement": 1306000.0,
        "Depreciation And Amortization In Income Statement": 1306000.0,
        "Amortization": 1306000.0,
        "Amortization Of Intangibles Income Statement": 1306000.0,
        "Selling General And Administration": 42607000.0,
        "Selling And Marketing Expense": 1543000.0,
        "General And Administrative Expense": 41064000.0,
        "Other Gand A": NaN,
        "Insurance And Claims": 2138000.0,
        "Salaries And Wages": 38926000.0,
        "Total Revenue": 113253000.0,
        "Operating Revenue": 113253000.0
    },
    "2022-12-31": {
        "Tax Effect Of Unusual Items": 0.0,
        "Tax Rate For Calcs": 0.257495,
        "Total Unusual Items": 0.0,
        "Total Unusual Items Excluding Goodwill": 0.0,
        "Net Income From Continuing Operation Net Minority Interest": 33980000.0,
        "Reconciled Depreciation": 1408000.0,
        "Net Interest Income": 106643000.0,
        "Interest Expense": 38657000.0,
        "Interest Income": 145300000.0,
        "Normalized Income": 33980000.0,
        "Net Income From Continuing And Discontinued Operation": 33980000.0,
        "Diluted Average Shares": 44828827.0,
        "Basic Average Shares": 44710526.0,
        "Diluted EPS": 0.76,
        "Basic EPS": 0.76,
        "Diluted NI Availto Com Stockholders": 33980000.0,
        "Net Income Common Stockholders": 33980000.0,
        "Otherunder Preferred Stock Dividend": 106000.0,
        "Net Income": 33980000.0,
        "Net Income Including Noncontrolling Interests": 33980000.0,
        "Net Income Continuous Operations": 33980000.0,
        "Tax Provision": 11784000.0,
        "Pretax Income": 45764000.0,
        "Special Income Charges": 0.0,
        "Other Special Charges": 0.0,
        "Restructuring And Mergern Acquisition": 0.0,
        "Gain On Sale Of Security": -393000.0,
        "Depreciation Amortization Depletion Income Statement": 1408000.0,
        "Depreciation And Amortization In Income Statement": 1408000.0,
        "Amortization": 1408000.0,
        "Amortization Of Intangibles Income Statement": 1408000.0,
        "Selling General And Administration": 42271000.0,
        "Selling And Marketing Expense": 1354000.0,
        "General And Administrative Expense": 40917000.0,
        "Other Gand A": NaN,
        "Insurance And Claims": 1462000.0,
        "Salaries And Wages": 39455000.0,
        "Total Revenue": 120940000.0,
        "Operating Revenue": 120940000.0
    },
    "2022-09-30": {
        "Tax Effect Of Unusual Items": -47201.629328,
        "Tax Rate For Calcs": 0.256531,
        "Total Unusual Items": -184000.0,
        "Total Unusual Items Excluding Goodwill": -184000.0,
        "Net Income From Continuing Operation Net Minority Interest": 33584000.0,
        "Reconciled Depreciation": 1432000.0,
        "Net Interest Income": 112960000.0,
        "Interest Expense": 17462000.0,
        "Interest Income": 130422000.0,
        "Normalized Income": 33720798.370672,
        "Net Income From Continuing And Discontinued Operation": 33584000.0,
        "Diluted Average Shares": 44781000.0,
        "Basic Average Shares": 44640000.0,
        "Diluted EPS": 0.75,
        "Basic EPS": 0.75,
        "Diluted NI Availto Com Stockholders": 33584000.0,
        "Net Income Common Stockholders": 33584000.0,
        "Otherunder Preferred Stock Dividend": 114000.0,
        "Net Income": 33584000.0,
        "Net Income Including Noncontrolling Interests": 33584000.0,
        "Net Income Continuous Operations": 33584000.0,
        "Tax Provision": 11588000.0,
        "Pretax Income": 45172000.0,
        "Special Income Charges": -184000.0,
        "Other Special Charges": 183000.0,
        "Restructuring And Mergern Acquisition": 1000.0,
        "Gain On Sale Of Security": 2000.0,
        "Depreciation Amortization Depletion Income Statement": 1432000.0,
        "Depreciation And Amortization In Income Statement": 1432000.0,
        "Amortization": 1432000.0,
        "Amortization Of Intangibles Income Statement": 1432000.0,
        "Selling General And Administration": 42764000.0,
        "Selling And Marketing Expense": 1370000.0,
        "General And Administrative Expense": 41394000.0,
        "Other Gand A": 2509000.0,
        "Insurance And Claims": 1268000.0,
        "Salaries And Wages": 40126000.0,
        "Total Revenue": 130025000.0,
        "Operating Revenue": 130025000.0
    },
    "2022-06-30": {
        "Tax Effect Of Unusual Items": 3922636.70412,
        "Tax Rate For Calcs": 0.250936,
        "Total Unusual Items": 15632000.0,
        "Total Unusual Items Excluding Goodwill": 15632000.0,
        "Net Income From Continuing Operation Net Minority Interest": 54800000.0,
        "Reconciled Depreciation": 1466000.0,
        "Net Interest Income": 105950000.0,
        "Interest Expense": 7959000.0,
        "Interest Income": 113909000.0,
        "Normalized Income": 43090636.70412,
        "Net Income From Continuing And Discontinued Operation": 54800000.0,
        "Diluted Average Shares": 45111000.0,
        "Basic Average Shares": 45024000.0,
        "Diluted EPS": 1.21,
        "Basic EPS": 1.21,
        "Diluted NI Availto Com Stockholders": 54800000.0,
        "Net Income Common Stockholders": 54800000.0,
        "Otherunder Preferred Stock Dividend": 194000.0,
        "Net Income": 54800000.0,
        "Net Income Including Noncontrolling Interests": 54800000.0,
        "Net Income Continuous Operations": 54800000.0,
        "Tax Provision": 18358000.0,
        "Pretax Income": 73158000.0,
        "Special Income Charges": 15632000.0,
        "Other Special Charges": -16699000.0,
        "Restructuring And Mergern Acquisition": 1067000.0,
        "Gain On Sale Of Security": 38000.0,
        "Depreciation Amortization Depletion Income Statement": 1466000.0,
        "Depreciation And Amortization In Income Statement": 1466000.0,
        "Amortization": 1466000.0,
        "Amortization Of Intangibles Income Statement": 1466000.0,
        "Selling General And Administration": 41908000.0,
        "Selling And Marketing Expense": 1280000.0,
        "General And Administrative Expense": 40628000.0,
        "Other Gand A": 2564000.0,
        "Insurance And Claims": 1078000.0,
        "Salaries And Wages": 39550000.0,
        "Total Revenue": 124496000.0,
        "Operating Revenue": 124496000.0
    },
    "2022-03-31": {
        "Diluted EPS": 0.96,
        "Total Revenue": 127,
        "Gross Profit": 122,
        "Operating Income": 58,
        "EBIT": NaN,
        "Net Income": 44
    },
    "2021-12-31": {
        "Diluted EPS": 1.01,
        "Total Revenue": 133,
        "Gross Profit": 128,
        "Operating Income": 60,
        "EBIT": NaN,
        "Net Income": 45
    },
    "2021-09-30": {
        "Diluted EPS": 1.2,
        "Total Revenue": 136,
        "Gross Profit": 131,
        "Operating Income": 76,
        "EBIT": NaN,
        "Net Income": 57
    },
    "2021-06-30": {
        "Diluted EPS": 1.19,
        "Total Revenue": 141,
        "Gross Profit": 134,
        "Operating Income": 76,
        "EBIT": NaN,
        "Net Income": 57
    },
    "2021-03-31": {
        "Diluted EPS": 1.58,
        "Total Revenue": 143,
        "Gross Profit": 133,
        "Operating Income": 100,
        "EBIT": NaN,
        "Net Income": 75
    },
    "2020-12-31": {
        "Diluted EPS": 1.27,
        "Total Revenue": 144,
        "Gross Profit": 132,
        "Operating Income": 75,
        "EBIT": NaN,
        "Net Income": 56
    },
    "2020-09-30": {
        "Diluted EPS": 0.94,
        "Total Revenue": 142,
        "Gross Profit": 127,
        "Operating Income": 60,
        "EBIT": NaN,
        "Net Income": 44
    },
    "2020-06-30": {
        "Diluted EPS": -0.31,
        "Total Revenue": 138,
        "Gross Profit": 124,
        "Operating Income": 3,
        "EBIT": NaN,
        "Net Income": -14
    },
    "2020-03-31": {
        "Diluted EPS": 0.28,
        "Total Revenue": 102,
        "Gross Profit": 83,
        "Operating Income": 12,
        "EBIT": NaN,
        "Net Income": 10
    },
    "2019-12-31": {
        "Diluted EPS": 0.79,
        "Total Revenue": 105,
        "Gross Profit": 85,
        "Operating Income": 38,
        "EBIT": NaN,
        "Net Income": 28
    },
    "2019-09-30": {
        "Diluted EPS": 0.82,
        "Total Revenue": 106,
        "Gross Profit": 85,
        "Operating Income": 39,
        "EBIT": NaN,
        "Net Income": 29
    },
    "2019-06-30": {
        "Diluted EPS": 0.79,
        "Total Revenue": 104,
        "Gross Profit": 83,
        "Operating Income": 37,
        "EBIT": NaN,
        "Net Income": 28
    },
    "2019-03-31": {
        "Diluted EPS": 0.85,
        "Total Revenue": 105,
        "Gross Profit": 84,
        "Operating Income": 40,
        "EBIT": NaN,
        "Net Income": 30
    },
    "2018-12-31": {
        "Diluted EPS": 0.71,
        "Total Revenue": 100,
        "Gross Profit": 80,
        "Operating Income": 34,
        "EBIT": NaN,
        "Net Income": 25
    },
    "2018-09-30": {
        "Diluted EPS": 0.82,
        "Total Revenue": 99,
        "Gross Profit": 83,
        "Operating Income": 39,
        "EBIT": NaN,
        "Net Income": 29
    },
    "2018-06-30": {
        "Diluted EPS": 0.68,
        "Total Revenue": 93,
        "Gross Profit": 79,
        "Operating Income": 34,
        "EBIT": NaN,
        "Net Income": 24
    },
    "2018-03-31": {
        "Diluted EPS": 0.61,
        "Total Revenue": 93,
        "Gross Profit": 80,
        "Operating Income": 37,
        "EBIT": NaN,
        "Net Income": 22
    },
    "2017-12-31": {
        "Diluted EPS": 0.34,
        "Total Revenue": 63,
        "Gross Profit": 56,
        "Operating Income": 23,
        "EBIT": NaN,
        "Net Income": 8
    },
    "2017-09-30": {
        "Diluted EPS": 0.62,
        "Total Revenue": 62,
        "Gross Profit": 55,
        "Operating Income": 24,
        "EBIT": NaN,
        "Net Income": 15
    },
    "2017-06-30": {
        "Diluted EPS": 0.61,
        "Total Revenue": 62,
        "Gross Profit": 56,
        "Operating Income": 23,
        "EBIT": NaN,
        "Net Income": 15
    },
    "2017-03-31": {
        "Diluted EPS": 0.63,
        "Total Revenue": 59,
        "Gross Profit": 53,
        "Operating Income": 23,
        "EBIT": NaN,
        "Net Income": 15
    },
    "2016-12-31": {
        "Diluted EPS": 0.55,
        "Total Revenue": 57,
        "Gross Profit": 51,
        "Operating Income": 20,
        "EBIT": NaN,
        "Net Income": 13
    },
    "2016-09-30": {
        "Diluted EPS": 0.56,
        "Total Revenue": 55,
        "Gross Profit": 50,
        "Operating Income": 20,
        "EBIT": NaN,
        "Net Income": 13
    },
    "2016-06-30": {
        "Diluted EPS": 0.44,
        "Total Revenue": 55,
        "Gross Profit": 49,
        "Operating Income": 16,
        "EBIT": NaN,
        "Net Income": 11
    },
    "2016-03-31": {
        "Diluted EPS": 0.45,
        "Total Revenue": 55,
        "Gross Profit": 49,
        "Operating Income": 16,
        "EBIT": NaN,
        "Net Income": 11
    },
    "2015-12-31": {
        "Diluted EPS": 0.52,
        "Total Revenue": 53,
        "Gross Profit": 48,
        "Operating Income": 19,
        "EBIT": NaN,
        "Net Income": 13
    },
    "2015-09-30": {
        "Diluted EPS": 0.45,
        "Total Revenue": 53,
        "Gross Profit": 48,
        "Operating Income": 16,
        "EBIT": NaN,
        "Net Income": 11
    },
    "2015-06-30": {
        "Diluted EPS": 0.42,
        "Total Revenue": 51,
        "Gross Profit": 46,
        "Operating Income": 15,
        "EBIT": NaN,
        "Net Income": 10
    },
    "2015-03-31": {
        "Diluted EPS": 0.45,
        "Total Revenue": 51,
        "Gross Profit": 47,
        "Operating Income": 17,
        "EBIT": NaN,
        "Net Income": 11
    },
    "2014-12-31": {
        "Diluted EPS": 0.37,
        "Total Revenue": 49,
        "Gross Profit": 45,
        "Operating Income": 13,
        "EBIT": NaN,
        "Net Income": 9
    },
    "2014-09-30": {
        "Diluted EPS": 0.44,
        "Total Revenue": 50,
        "Gross Profit": 45,
        "Operating Income": 17,
        "EBIT": NaN,
        "Net Income": 11
    },
    "2014-06-30": {
        "Diluted EPS": 0.28,
        "Total Revenue": 49,
        "Gross Profit": 44,
        "Operating Income": 10,
        "EBIT": NaN,
        "Net Income": 7
    },
    "2014-03-31": {
        "Diluted EPS": 0.43,
        "Total Revenue": 47,
        "Gross Profit": 43,
        "Operating Income": 16,
        "EBIT": NaN,
        "Net Income": 11
    },
    "2013-12-31": {
        "Diluted EPS": 0.38,
        "Total Revenue": 49,
        "Gross Profit": 44,
        "Operating Income": 14,
        "EBIT": NaN,
        "Net Income": 10
    },
    "2013-09-30": {
        "Diluted EPS": 0.48,
        "Total Revenue": 51,
        "Gross Profit": 47,
        "Operating Income": 19,
        "EBIT": NaN,
        "Net Income": 12
    },
    "2013-06-30": {
        "Diluted EPS": 0.49,
        "Total Revenue": 48,
        "Gross Profit": 43,
        "Operating Income": 19,
        "EBIT": NaN,
        "Net Income": 12
    },
    "2013-03-31": {
        "Diluted EPS": 0.42,
        "Total Revenue": 49,
        "Gross Profit": 44,
        "Operating Income": 16,
        "EBIT": NaN,
        "Net Income": 11
    },
    "2012-12-31": {
        "Diluted EPS": 0.39,
        "Total Revenue": 48,
        "Gross Profit": 43,
        "Operating Income": 15,
        "EBIT": NaN,
        "Net Income": 10
    },
    "2012-09-30": {
        "Diluted EPS": 0.44,
        "Total Revenue": 50,
        "Gross Profit": 44,
        "Operating Income": 17,
        "EBIT": NaN,
        "Net Income": 11
    },
    "2012-06-30": {
        "Diluted EPS": 0.3,
        "Total Revenue": 47,
        "Gross Profit": 41,
        "Operating Income": 11,
        "EBIT": NaN,
        "Net Income": 7
    },
    "2012-03-31": {
        "Diluted EPS": 0.35,
        "Total Revenue": 46,
        "Gross Profit": 40,
        "Operating Income": 12,
        "EBIT": NaN,
        "Net Income": 8
    },
    "2011-12-31": {
        "Diluted EPS": 0.3,
        "Total Revenue": 46,
        "Gross Profit": 40,
        "Operating Income": 10,
        "EBIT": NaN,
        "Net Income": 7
    },
    "2011-09-30": {
        "Diluted EPS": 0.47,
        "Total Revenue": 46,
        "Gross Profit": 40,
        "Operating Income": 17,
        "EBIT": NaN,
        "Net Income": 11
    },
    "2011-06-30": {
        "Diluted EPS": 0.34,
        "Total Revenue": 46,
        "Gross Profit": 39,
        "Operating Income": 12,
        "EBIT": NaN,
        "Net Income": 8
    },
    "2011-03-31": {
        "Diluted EPS": 0.3,
        "Total Revenue": 45,
        "Gross Profit": 38,
        "Operating Income": 10,
        "EBIT": NaN,
        "Net Income": 7
    },
    "2010-12-31": {
        "Diluted EPS": 0.2,
        "Total Revenue": 48,
        "Gross Profit": 41,
        "Operating Income": 12,
        "EBIT": NaN,
        "Net Income": 7
    },
    "2010-09-30": {
        "Diluted EPS": 0.35,
        "Total Revenue": 48,
        "Gross Profit": 40,
        "Operating Income": 12,
        "EBIT": NaN,
        "Net Income": 6
    },
    "2010-06-30": {
        "Diluted EPS": 0.26,
        "Total Revenue": 48,
        "Gross Profit": 40,
        "Operating Income": 9,
        "EBIT": NaN,
        "Net Income": 5
    },
    "2010-03-31": {
        "Diluted EPS": -0.03,
        "Total Revenue": 48,
        "Gross Profit": 39,
        "Operating Income": -1,
        "EBIT": NaN,
        "Net Income": -1
    },
    "2009-12-31": {
        "Diluted EPS": -0.27,
        "Total Revenue": 48,
        "Gross Profit": 38,
        "Operating Income": -7,
        "EBIT": NaN,
        "Net Income": -4
    },
    "2009-09-30": {
        "Diluted EPS": -0.9,
        "Total Revenue": 50,
        "Gross Profit": 37,
        "Operating Income": -24,
        "EBIT": NaN,
        "Net Income": -15
    },
    "2009-06-30": {
        "Diluted EPS": -0.09,
        "Total Revenue": 50,
        "Gross Profit": 35,
        "Operating Income": -2,
        "EBIT": NaN,
        "Net Income": -1
    },
    "2009-03-31": {
        "Diluted EPS": 0.06,
        "Total Revenue": 51,
        "Gross Profit": 37,
        "Operating Income": 2,
        "EBIT": NaN,
        "Net Income": 1
    }
}