{
    "2023-03-31": {
        "Tax Effect Of Unusual Items": NaN,
        "Tax Rate For Calcs": NaN,
        "Normalized EBITDA": NaN,
        "Total Unusual Items": NaN,
        "Total Unusual Items Excluding Goodwill": NaN,
        "Net Income From Continuing Operation Net Minority Interest": NaN,
        "Reconciled Depreciation": NaN,
        "Reconciled Cost Of Revenue": NaN,
        "EBITDA": NaN,
        "EBIT": NaN,
        "Net Interest Income": NaN,
        "Interest Expense": NaN,
        "Interest Income": NaN,
        "Normalized Income": NaN,
        "Net Income From Continuing And Discontinued Operation": NaN,
        "Total Expenses": NaN,
        "Total Operating Income As Reported": NaN,
        "Diluted Average Shares": NaN,
        "Basic Average Shares": NaN,
        "Diluted EPS": NaN,
        "Basic EPS": NaN,
        "Diluted NI Availto Com Stockholders": NaN,
        "Average Dilution Earnings": NaN,
        "Net Income Common Stockholders": NaN,
        "Net Income": NaN,
        "Minority Interests": NaN,
        "Net Income Including Noncontrolling Interests": NaN,
        "Net Income Continuous Operations": NaN,
        "Tax Provision": NaN,
        "Pretax Income": NaN,
        "Other Income Expense": NaN,
        "Other Non Operating Income Expenses": NaN,
        "Special Income Charges": NaN,
        "Gain On Sale Of Ppe": NaN,
        "Other Special Charges": -49000.0,
        "Write Off": NaN,
        "Impairment Of Capital Assets": NaN,
        "Earnings From Equity Interest": NaN,
        "Gain On Sale Of Security": NaN,
        "Net Non Operating Interest Income Expense": NaN,
        "Interest Expense Non Operating": NaN,
        "Interest Income Non Operating": NaN,
        "Operating Income": NaN,
        "Operating Expense": NaN,
        "Depreciation Amortization Depletion Income Statement": NaN,
        "Depreciation And Amortization In Income Statement": NaN,
        "Amortization": NaN,
        "Amortization Of Intangibles Income Statement": NaN,
        "Depreciation Income Statement": NaN,
        "Research And Development": 8255000.0,
        "Selling General And Administration": NaN,
        "Gross Profit": NaN,
        "Cost Of Revenue": NaN,
        "Total Revenue": NaN,
        "Operating Revenue": NaN
    },
    "2022-12-31": {
        "Tax Effect Of Unusual Items": NaN,
        "Tax Rate For Calcs": NaN,
        "Normalized EBITDA": NaN,
        "Total Unusual Items": NaN,
        "Total Unusual Items Excluding Goodwill": NaN,
        "Net Income From Continuing Operation Net Minority Interest": NaN,
        "Reconciled Depreciation": NaN,
        "Reconciled Cost Of Revenue": NaN,
        "EBITDA": NaN,
        "EBIT": NaN,
        "Net Interest Income": NaN,
        "Interest Expense": NaN,
        "Interest Income": NaN,
        "Normalized Income": NaN,
        "Net Income From Continuing And Discontinued Operation": NaN,
        "Total Expenses": NaN,
        "Total Operating Income As Reported": NaN,
        "Diluted Average Shares": NaN,
        "Basic Average Shares": NaN,
        "Diluted EPS": NaN,
        "Basic EPS": NaN,
        "Diluted NI Availto Com Stockholders": NaN,
        "Average Dilution Earnings": NaN,
        "Net Income Common Stockholders": NaN,
        "Net Income": NaN,
        "Minority Interests": NaN,
        "Net Income Including Noncontrolling Interests": NaN,
        "Net Income Continuous Operations": NaN,
        "Tax Provision": NaN,
        "Pretax Income": NaN,
        "Other Income Expense": NaN,
        "Other Non Operating Income Expenses": NaN,
        "Special Income Charges": NaN,
        "Other Special Charges": NaN,
        "Write Off": NaN,
        "Impairment Of Capital Assets": NaN,
        "Earnings From Equity Interest": NaN,
        "Gain On Sale Of Security": NaN,
        "Net Non Operating Interest Income Expense": NaN,
        "Interest Expense Non Operating": NaN,
        "Interest Income Non Operating": NaN,
        "Operating Income": NaN,
        "Operating Expense": NaN,
        "Depreciation Amortization Depletion Income Statement": NaN,
        "Depreciation And Amortization In Income Statement": NaN,
        "Amortization": NaN,
        "Amortization Of Intangibles Income Statement": NaN,
        "Depreciation Income Statement": NaN,
        "Research And Development": 7248000.0,
        "Selling General And Administration": NaN,
        "Gross Profit": NaN,
        "Cost Of Revenue": NaN,
        "Total Revenue": NaN,
        "Operating Revenue": NaN
    },
    "2022-09-30": {
        "Tax Effect Of Unusual Items": NaN,
        "Tax Rate For Calcs": NaN,
        "Normalized EBITDA": NaN,
        "Total Unusual Items": NaN,
        "Total Unusual Items Excluding Goodwill": NaN,
        "Net Income From Continuing Operation Net Minority Interest": NaN,
        "Reconciled Depreciation": NaN,
        "Reconciled Cost Of Revenue": NaN,
        "EBITDA": NaN,
        "EBIT": NaN,
        "Net Interest Income": NaN,
        "Interest Expense": NaN,
        "Interest Income": NaN,
        "Normalized Income": NaN,
        "Net Income From Continuing And Discontinued Operation": NaN,
        "Total Expenses": NaN,
        "Total Operating Income As Reported": NaN,
        "Diluted Average Shares": 83140000.0,
        "Basic Average Shares": 83140000.0,
        "Diluted EPS": 0.27,
        "Basic EPS": 0.27,
        "Diluted NI Availto Com Stockholders": NaN,
        "Net Income Common Stockholders": NaN,
        "Net Income": NaN,
        "Minority Interests": NaN,
        "Net Income Including Noncontrolling Interests": NaN,
        "Net Income Continuous Operations": NaN,
        "Tax Provision": NaN,
        "Pretax Income": NaN,
        "Other Income Expense": NaN,
        "Other Non Operating Income Expenses": NaN,
        "Special Income Charges": NaN,
        "Other Special Charges": NaN,
        "Write Off": 0.0,
        "Impairment Of Capital Assets": NaN,
        "Earnings From Equity Interest": NaN,
        "Gain On Sale Of Security": NaN,
        "Net Non Operating Interest Income Expense": NaN,
        "Interest Expense Non Operating": NaN,
        "Interest Income Non Operating": NaN,
        "Operating Income": NaN,
        "Operating Expense": NaN,
        "Depreciation Amortization Depletion Income Statement": NaN,
        "Depreciation And Amortization In Income Statement": NaN,
        "Amortization": NaN,
        "Amortization Of Intangibles Income Statement": NaN,
        "Depreciation Income Statement": NaN,
        "Research And Development": 9181000.0,
        "Selling General And Administration": NaN,
        "Gross Profit": NaN,
        "Cost Of Revenue": NaN,
        "Total Revenue": NaN,
        "Operating Revenue": NaN
    },
    "2022-06-30": {
        "Tax Effect Of Unusual Items": -9137142.406859,
        "Tax Rate For Calcs": 0.339784,
        "Normalized EBITDA": 173616000.0,
        "Total Unusual Items": -26891000.0,
        "Total Unusual Items Excluding Goodwill": -26891000.0,
        "Net Income From Continuing Operation Net Minority Interest": 13868000.0,
        "Reconciled Depreciation": 116555000.0,
        "Reconciled Cost Of Revenue": 214289000.0,
        "EBITDA": 146725000.0,
        "EBIT": 30170000.0,
        "Net Interest Income": -5235000.0,
        "Interest Expense": 14307000.0,
        "Interest Income": 9072000.0,
        "Normalized Income": 31621857.593141,
        "Net Income From Continuing And Discontinued Operation": 13868000.0,
        "Total Expenses": 452699000.0,
        "Total Operating Income As Reported": 45906000.0,
        "Diluted Average Shares": 84317000.0,
        "Basic Average Shares": 84317000.0,
        "Diluted EPS": 0.16,
        "Basic EPS": 0.16,
        "Diluted NI Availto Com Stockholders": 13868000.0,
        "Net Income Common Stockholders": 13868000.0,
        "Net Income": 13868000.0,
        "Minority Interests": 3395000.0,
        "Net Income Including Noncontrolling Interests": 10473000.0,
        "Net Income Continuous Operations": 10473000.0,
        "Tax Provision": 5390000.0,
        "Pretax Income": 15863000.0,
        "Other Income Expense": -25519000.0,
        "Other Non Operating Income Expenses": 2673000.0,
        "Special Income Charges": -711000.0,
        "Write Off": NaN,
        "Impairment Of Capital Assets": 711000.0,
        "Earnings From Equity Interest": -1301000.0,
        "Gain On Sale Of Security": -26180000.0,
        "Net Non Operating Interest Income Expense": -5235000.0,
        "Interest Expense Non Operating": 14307000.0,
        "Interest Income Non Operating": 9072000.0,
        "Operating Income": 46617000.0,
        "Operating Expense": 238410000.0,
        "Depreciation Amortization Depletion Income Statement": 116555000.0,
        "Depreciation And Amortization In Income Statement": 116555000.0,
        "Research And Development": 8764000.0,
        "Selling General And Administration": 113091000.0,
        "Gross Profit": 285027000.0,
        "Cost Of Revenue": 214289000.0,
        "Total Revenue": 499316000.0,
        "Operating Revenue": 499316000.0
    },
    "2022-03-31": {
        "Diluted EPS": 1.06,
        "Total Revenue": 502,
        "Gross Profit": 291,
        "Operating Income": 45,
        "EBIT": 166,
        "Net Income": 91
    },
    "2021-12-31": {
        "Diluted EPS": -0.82,
        "Total Revenue": 499,
        "Gross Profit": 287,
        "Operating Income": 36,
        "EBIT": 158,
        "Net Income": -76
    },
    "2021-09-30": {
        "Diluted EPS": 0.38,
        "Total Revenue": 505,
        "Gross Profit": 304,
        "Operating Income": 63,
        "EBIT": 183,
        "Net Income": 33
    },
    "2021-06-30": {
        "Diluted EPS": 0.41,
        "Total Revenue": 500,
        "Gross Profit": 306,
        "Operating Income": 65,
        "EBIT": 185,
        "Net Income": 37
    },
    "2021-03-31": {
        "Diluted EPS": 0.84,
        "Total Revenue": 483,
        "Gross Profit": 305,
        "Operating Income": 53,
        "EBIT": 184,
        "Net Income": 79
    },
    "2020-12-31": {
        "Diluted EPS": 0.01,
        "Total Revenue": 489,
        "Gross Profit": 293,
        "Operating Income": 30,
        "EBIT": 164,
        "Net Income": 0
    },
    "2020-09-30": {
        "Diluted EPS": 0.26,
        "Total Revenue": 474,
        "Gross Profit": 290,
        "Operating Income": 37,
        "EBIT": 168,
        "Net Income": 25
    },
    "2020-06-30": {
        "Diluted EPS": -0.12,
        "Total Revenue": 459,
        "Gross Profit": 286,
        "Operating Income": 35,
        "EBIT": 166,
        "Net Income": -11
    },
    "2020-03-31": {
        "Diluted EPS": -0.56,
        "Total Revenue": 466,
        "Gross Profit": 275,
        "Operating Income": 11,
        "EBIT": 144,
        "Net Income": -54
    },
    "2019-12-31": {
        "Diluted EPS": -0.55,
        "Total Revenue": 499,
        "Gross Profit": 284,
        "Operating Income": 24,
        "EBIT": 154,
        "Net Income": -53
    },
    "2019-09-30": {
        "Diluted EPS": -0.19,
        "Total Revenue": 472,
        "Gross Profit": 277,
        "Operating Income": 26,
        "EBIT": 177,
        "Net Income": -18
    },
    "2019-06-30": {
        "Diluted EPS": -0.06,
        "Total Revenue": 460,
        "Gross Profit": 271,
        "Operating Income": -5,
        "EBIT": 153,
        "Net Income": -6
    },
    "2019-03-31": {
        "Diluted EPS": 0.15,
        "Total Revenue": 454,
        "Gross Profit": 266,
        "Operating Income": 28,
        "EBIT": 184,
        "Net Income": 14
    },
    "2018-12-31": {
        "Diluted EPS": -1.17,
        "Total Revenue": 279,
        "Gross Profit": 108,
        "Operating Income": -135,
        "EBIT": 21,
        "Net Income": -112
    },
    "2018-09-30": {
        "Diluted EPS": 0.17,
        "Total Revenue": 456,
        "Gross Profit": 268,
        "Operating Income": 38,
        "EBIT": 191,
        "Net Income": 16
    },
    "2018-06-30": {
        "Diluted EPS": 0.8,
        "Total Revenue": 526,
        "Gross Profit": 333,
        "Operating Income": 75,
        "EBIT": 225,
        "Net Income": 77
    },
    "2018-03-31": {
        "Diluted EPS": -0.22,
        "Total Revenue": 502,
        "Gross Profit": 314,
        "Operating Income": 58,
        "EBIT": 206,
        "Net Income": -22
    },
    "2017-12-31": {
        "Diluted EPS": 3.23,
        "Total Revenue": 146,
        "Gross Profit": 8,
        "Operating Income": -123,
        "EBIT": 21,
        "Net Income": 313
    },
    "2017-09-30": {
        "Diluted EPS": 0.36,
        "Total Revenue": 481,
        "Gross Profit": 291,
        "Operating Income": 56,
        "EBIT": 193,
        "Net Income": 35
    },
    "2017-06-30": {
        "Diluted EPS": 0.07,
        "Total Revenue": 465,
        "Gross Profit": 273,
        "Operating Income": 46,
        "EBIT": 178,
        "Net Income": 7
    },
    "2017-03-31": {
        "Diluted EPS": 0.41,
        "Total Revenue": 433,
        "Gross Profit": 257,
        "Operating Income": 52,
        "EBIT": 180,
        "Net Income": 39
    },
    "2016-12-31": {
        "Diluted EPS": 0.39,
        "Total Revenue": 476,
        "Gross Profit": 279,
        "Operating Income": 78,
        "EBIT": 209,
        "Net Income": 38
    },
    "2016-09-30": {
        "Diluted EPS": 0.39,
        "Total Revenue": 460,
        "Gross Profit": 275,
        "Operating Income": 77,
        "EBIT": 200,
        "Net Income": 37
    },
    "2016-06-30": {
        "Diluted EPS": 0.6,
        "Total Revenue": 443,
        "Gross Profit": 268,
        "Operating Income": 75,
        "EBIT": 196,
        "Net Income": 56
    },
    "2016-03-31": {
        "Diluted EPS": 0.54,
        "Total Revenue": 432,
        "Gross Profit": 263,
        "Operating Income": 66,
        "EBIT": 192,
        "Net Income": 51
    },
    "2015-12-31": {
        "Diluted EPS": 0.71,
        "Total Revenue": -504,
        "Gross Profit": 78,
        "Operating Income": 10,
        "EBIT": 139,
        "Net Income": 66
    },
    "2015-09-30": {
        "Diluted EPS": 0.32,
        "Total Revenue": 761,
        "Gross Profit": 333,
        "Operating Income": 89,
        "EBIT": 221,
        "Net Income": 30
    },
    "2015-06-30": {
        "Diluted EPS": 0.36,
        "Total Revenue": 794,
        "Gross Profit": 337,
        "Operating Income": 94,
        "EBIT": 227,
        "Net Income": 34
    },
    "2015-03-31": {
        "Diluted EPS": 0.36,
        "Total Revenue": 799,
        "Gross Profit": 330,
        "Operating Income": 81,
        "EBIT": 214,
        "Net Income": 33
    },
    "2014-12-31": {
        "Diluted EPS": 0.59,
        "Total Revenue": 844,
        "Gross Profit": 341,
        "Operating Income": 84,
        "EBIT": 224,
        "Net Income": 55
    },
    "2014-09-30": {
        "Diluted EPS": 0.69,
        "Total Revenue": 896,
        "Gross Profit": 343,
        "Operating Income": 92,
        "EBIT": 235,
        "Net Income": 64
    },
    "2014-06-30": {
        "Diluted EPS": 0.36,
        "Total Revenue": 880,
        "Gross Profit": 338,
        "Operating Income": 92,
        "EBIT": 233,
        "Net Income": 34
    },
    "2014-03-31": {
        "Diluted EPS": 0.14,
        "Total Revenue": 826,
        "Gross Profit": 295,
        "Operating Income": 60,
        "EBIT": 193,
        "Net Income": 13
    },
    "2013-12-31": {
        "Diluted EPS": 0.05,
        "Total Revenue": 808,
        "Gross Profit": 271,
        "Operating Income": 33,
        "EBIT": 160,
        "Net Income": 5
    },
    "2013-09-30": {
        "Diluted EPS": 0.05,
        "Total Revenue": 849,
        "Gross Profit": 267,
        "Operating Income": 41,
        "EBIT": 166,
        "Net Income": 4
    },
    "2013-06-30": {
        "Diluted EPS": -0.11,
        "Total Revenue": 830,
        "Gross Profit": 276,
        "Operating Income": 6,
        "EBIT": 134,
        "Net Income": -10
    },
    "2013-03-31": {
        "Diluted EPS": 0.04,
        "Total Revenue": 795,
        "Gross Profit": 262,
        "Operating Income": 24,
        "EBIT": 151,
        "Net Income": 3
    },
    "2012-12-31": {
        "Diluted EPS": 0.28,
        "Total Revenue": 786,
        "Gross Profit": 256,
        "Operating Income": 1,
        "EBIT": 119,
        "Net Income": 26
    },
    "2012-09-30": {
        "Diluted EPS": 0.26,
        "Total Revenue": 765,
        "Gross Profit": 247,
        "Operating Income": 24,
        "EBIT": 135,
        "Net Income": 23
    },
    "2012-06-30": {
        "Diluted EPS": 0.41,
        "Total Revenue": 806,
        "Gross Profit": 269,
        "Operating Income": 46,
        "EBIT": 161,
        "Net Income": 36
    },
    "2012-03-31": {
        "Diluted EPS": 1.45,
        "Total Revenue": 765,
        "Gross Profit": 260,
        "Operating Income": 29,
        "EBIT": 144,
        "Net Income": 127
    },
    "2011-12-31": {
        "Diluted EPS": -0.14,
        "Total Revenue": 834,
        "Gross Profit": 281,
        "Operating Income": 2,
        "EBIT": 132,
        "Net Income": -13
    },
    "2011-09-30": {
        "Diluted EPS": -0.22,
        "Total Revenue": 863,
        "Gross Profit": 273,
        "Operating Income": 22,
        "EBIT": 150,
        "Net Income": -19
    },
    "2011-06-30": {
        "Diluted EPS": 0.21,
        "Total Revenue": 584,
        "Gross Profit": 174,
        "Operating Income": 46,
        "EBIT": 117,
        "Net Income": 18
    },
    "2011-03-31": {
        "Diluted EPS": 0.19,
        "Total Revenue": 480,
        "Gross Profit": 125,
        "Operating Income": 11,
        "EBIT": 68,
        "Net Income": 17
    },
    "2010-12-31": {
        "Diluted EPS": 1.99,
        "Total Revenue": 513,
        "Gross Profit": 132,
        "Operating Income": 32,
        "EBIT": 88,
        "Net Income": 169
    },
    "2010-09-30": {
        "Diluted EPS": 0.06,
        "Total Revenue": 607,
        "Gross Profit": 143,
        "Operating Income": 39,
        "EBIT": 97,
        "Net Income": 5
    },
    "2010-06-30": {
        "Diluted EPS": -0.49,
        "Total Revenue": 603,
        "Gross Profit": 139,
        "Operating Income": 31,
        "EBIT": 88,
        "Net Income": -41
    },
    "2010-03-31": {
        "Diluted EPS": 0.84,
        "Total Revenue": 627,
        "Gross Profit": 147,
        "Operating Income": 41,
        "EBIT": 98,
        "Net Income": 72
    },
    "2009-12-31": {
        "Diluted EPS": -0.38,
        "Total Revenue": 558,
        "Gross Profit": 123,
        "Operating Income": 14,
        "EBIT": 78,
        "Net Income": -30
    },
    "2009-09-30": {
        "Diluted EPS": 3.45,
        "Total Revenue": 483,
        "Gross Profit": 107,
        "Operating Income": -4,
        "EBIT": 55,
        "Net Income": 294
    },
    "2009-06-30": {
        "Diluted EPS": 1.18,
        "Total Revenue": 383,
        "Gross Profit": 103,
        "Operating Income": -3,
        "EBIT": 56,
        "Net Income": 102
    },
    "2009-03-31": {
        "Diluted EPS": -0.01,
        "Total Revenue": 480,
        "Gross Profit": 100,
        "Operating Income": -2,
        "EBIT": 60,
        "Net Income": -1
    },
    "2023-06-30": {
        "Tax Effect Of Unusual Items": NaN,
        "Tax Rate For Calcs": NaN,
        "Normalized EBITDA": NaN,
        "Total Unusual Items": NaN,
        "Total Unusual Items Excluding Goodwill": NaN,
        "Net Income From Continuing Operation Net Minority Interest": NaN,
        "Reconciled Depreciation": NaN,
        "Reconciled Cost Of Revenue": NaN,
        "EBITDA": NaN,
        "EBIT": NaN,
        "Net Interest Income": NaN,
        "Interest Expense": NaN,
        "Interest Income": NaN,
        "Normalized Income": NaN,
        "Net Income From Continuing And Discontinued Operation": NaN,
        "Total Expenses": NaN,
        "Total Operating Income As Reported": NaN,
        "Diluted Average Shares": 308375000.0,
        "Basic Average Shares": 270818000.0,
        "Diluted EPS": 0.69,
        "Basic EPS": 0.79,
        "Diluted NI Availto Com Stockholders": NaN,
        "Average Dilution Earnings": 0.0,
        "Net Income Common Stockholders": NaN,
        "Net Income": NaN,
        "Minority Interests": NaN,
        "Net Income Including Noncontrolling Interests": NaN,
        "Net Income Continuous Operations": NaN,
        "Tax Provision": NaN,
        "Pretax Income": NaN,
        "Other Income Expense": NaN,
        "Other Non Operating Income Expenses": NaN,
        "Special Income Charges": NaN,
        "Gain On Sale Of Ppe": NaN,
        "Other Special Charges": -68037000.0,
        "Write Off": 33400000.0,
        "Impairment Of Capital Assets": NaN,
        "Earnings From Equity Interest": NaN,
        "Gain On Sale Of Security": NaN,
        "Net Non Operating Interest Income Expense": NaN,
        "Interest Expense Non Operating": NaN,
        "Interest Income Non Operating": NaN,
        "Operating Income": NaN,
        "Operating Expense": NaN,
        "Depreciation Amortization Depletion Income Statement": NaN,
        "Depreciation And Amortization In Income Statement": NaN,
        "Amortization": 116599000.0,
        "Amortization Of Intangibles Income Statement": 116599000.0,
        "Depreciation Income Statement": 254034000.0,
        "Research And Development": 6842000.0,
        "Selling General And Administration": NaN,
        "Gross Profit": NaN,
        "Cost Of Revenue": NaN,
        "Total Revenue": NaN,
        "Operating Revenue": NaN
    },
    "2023-09-30": {
        "Tax Effect Of Unusual Items": -54578272.0,
        "Tax Rate For Calcs": 0.334,
        "Normalized EBITDA": 404238000.0,
        "Total Unusual Items": -163408000.0,
        "Total Unusual Items Excluding Goodwill": -163408000.0,
        "Net Income From Continuing Operation Net Minority Interest": -138371000.0,
        "Reconciled Depreciation": 397211000.0,
        "Reconciled Cost Of Revenue": 2980999000.0,
        "EBITDA": 240830000.0,
        "EBIT": -156381000.0,
        "Net Interest Income": 22120000.0,
        "Interest Expense": 21795000.0,
        "Interest Income": 43915000.0,
        "Normalized Income": -29541272.0,
        "Net Income From Continuing And Discontinued Operation": -138371000.0,
        "Total Expenses": 4140223000.0,
        "Total Operating Income As Reported": -31349000.0,
        "Diluted Average Shares": 271245000.0,
        "Basic Average Shares": 271245000.0,
        "Diluted EPS": -0.51,
        "Basic EPS": -0.51,
        "Diluted NI Availto Com Stockholders": -138371000.0,
        "Average Dilution Earnings": 0.0,
        "Net Income Common Stockholders": -138371000.0,
        "Net Income": -138371000.0,
        "Minority Interests": -19634000.0,
        "Net Income Including Noncontrolling Interests": -118737000.0,
        "Net Income Continuous Operations": -118737000.0,
        "Tax Provision": -59439000.0,
        "Pretax Income": -178176000.0,
        "Other Income Expense": -168947000.0,
        "Other Non Operating Income Expenses": -2346000.0,
        "Special Income Charges": 4480000.0,
        "Gain On Sale Of Ppe": 0.0,
        "Other Special Charges": -4480000.0,
        "Write Off": 0.0,
        "Impairment Of Capital Assets": 0.0,
        "Earnings From Equity Interest": -3193000.0,
        "Gain On Sale Of Security": -167888000.0,
        "Net Non Operating Interest Income Expense": 22120000.0,
        "Interest Expense Non Operating": 21795000.0,
        "Interest Income Non Operating": 43915000.0,
        "Operating Income": -31349000.0,
        "Operating Expense": 1159224000.0,
        "Depreciation Amortization Depletion Income Statement": 397211000.0,
        "Depreciation And Amortization In Income Statement": 397211000.0,
        "Amortization": 127500000.0,
        "Amortization Of Intangibles Income Statement": 127500000.0,
        "Depreciation Income Statement": 269711000.0,
        "Research And Development": 6463000.0,
        "Selling General And Administration": 762013000.0,
        "Gross Profit": 1127875000.0,
        "Cost Of Revenue": 2980999000.0,
        "Total Revenue": 4108874000.0,
        "Operating Revenue": 4108874000.0
    },
    "2023-12-31": {
        "Tax Effect Of Unusual Items": -408960060.959181,
        "Tax Rate For Calcs": 0.16716,
        "Normalized EBITDA": 1776253000.0,
        "Total Unusual Items": -2446524000.0,
        "Total Unusual Items Excluding Goodwill": -2446524000.0,
        "Net Income From Continuing Operation Net Minority Interest": -1745499000.0,
        "Reconciled Depreciation": 1286449000.0,
        "Reconciled Cost Of Revenue": 11392896000.0,
        "EBITDA": -670271000.0,
        "EBIT": -1956720000.0,
        "Net Interest Income": 77862000.0,
        "Interest Expense": 51181000.0,
        "Interest Income": 129043000.0,
        "Normalized Income": 292064939.040819,
        "Net Income From Continuing And Discontinued Operation": -1745499000.0,
        "Total Expenses": 15324470000.0,
        "Total Operating Income As Reported": -372609000.0,
        "Diluted Average Shares": NaN,
        "Basic Average Shares": NaN,
        "Diluted EPS": NaN,
        "Basic EPS": NaN,
        "Diluted NI Availto Com Stockholders": -1745499000.0,
        "Average Dilution Earnings": NaN,
        "Net Income Common Stockholders": -1745499000.0,
        "Net Income": -1745499000.0,
        "Minority Interests": -73238000.0,
        "Net Income Including Noncontrolling Interests": -1672261000.0,
        "Net Income Continuous Operations": -1672261000.0,
        "Tax Provision": -335640000.0,
        "Pretax Income": -2007901000.0,
        "Other Income Expense": -2471111000.0,
        "Other Non Operating Income Expenses": -19564000.0,
        "Special Income Charges": -691333000.0,
        "Gain On Sale Of Ppe": NaN,
        "Other Special Charges": NaN,
        "Write Off": 6400000.0,
        "Impairment Of Capital Assets": 757957000.0,
        "Earnings From Equity Interest": -5023000.0,
        "Gain On Sale Of Security": -1755191000.0,
        "Net Non Operating Interest Income Expense": 77862000.0,
        "Interest Expense Non Operating": 51181000.0,
        "Interest Income Non Operating": 129043000.0,
        "Operating Income": 385348000.0,
        "Operating Expense": 3931574000.0,
        "Depreciation Amortization Depletion Income Statement": 1286449000.0,
        "Depreciation And Amortization In Income Statement": 1286449000.0,
        "Amortization": NaN,
        "Amortization Of Intangibles Income Statement": NaN,
        "Depreciation Income Statement": NaN,
        "Research And Development": NaN,
        "Selling General And Administration": 2666685000.0,
        "Gross Profit": 4316922000.0,
        "Cost Of Revenue": 11392896000.0,
        "Total Revenue": 15709818000.0,
        "Operating Revenue": 15709818000.0
    },
    "2024-03-31": {
        "Tax Effect Of Unusual Items": -416840.0,
        "Tax Rate For Calcs": 0.017,
        "Normalized EBITDA": 499028000.0,
        "Total Unusual Items": -24520000.0,
        "Total Unusual Items Excluding Goodwill": -24520000.0,
        "Net Income From Continuing Operation Net Minority Interest": -107376000.0,
        "Reconciled Depreciation": 485400000.0,
        "Reconciled Cost Of Revenue": 2920265000.0,
        "EBITDA": 474508000.0,
        "EBIT": -10892000.0,
        "Net Interest Income": -68946000.0,
        "Interest Expense": 99408000.0,
        "Interest Income": 30462000.0,
        "Normalized Income": -83272840.0,
        "Net Income From Continuing And Discontinued Operation": -107376000.0,
        "Total Expenses": 4030087000.0,
        "Total Operating Income As Reported": -15244000.0,
        "Diluted Average Shares": 271519000.0,
        "Basic Average Shares": 271519000.0,
        "Diluted EPS": -0.4,
        "Basic EPS": -0.4,
        "Diluted NI Availto Com Stockholders": -107376000.0,
        "Average Dilution Earnings": NaN,
        "Net Income Common Stockholders": -107376000.0,
        "Net Income": -107376000.0,
        "Minority Interests": 999000.0,
        "Net Income Including Noncontrolling Interests": -108375000.0,
        "Net Income Continuous Operations": -108375000.0,
        "Tax Provision": -1925000.0,
        "Pretax Income": -110300000.0,
        "Other Income Expense": -26110000.0,
        "Other Non Operating Income Expenses": 1196000.0,
        "Special Income Charges": 0.0,
        "Gain On Sale Of Ppe": NaN,
        "Other Special Charges": NaN,
        "Write Off": NaN,
        "Impairment Of Capital Assets": 0.0,
        "Earnings From Equity Interest": -2786000.0,
        "Gain On Sale Of Security": -24520000.0,
        "Net Non Operating Interest Income Expense": -68946000.0,
        "Interest Expense Non Operating": 99408000.0,
        "Interest Income Non Operating": 30462000.0,
        "Operating Income": -15244000.0,
        "Operating Expense": 1109822000.0,
        "Depreciation Amortization Depletion Income Statement": 485400000.0,
        "Depreciation And Amortization In Income Statement": 485400000.0,
        "Amortization": 143521000.0,
        "Amortization Of Intangibles Income Statement": 143521000.0,
        "Depreciation Income Statement": 341879000.0,
        "Research And Development": NaN,
        "Selling General And Administration": 624422000.0,
        "Gross Profit": 1094578000.0,
        "Cost Of Revenue": 2920265000.0,
        "Total Revenue": 4014843000.0,
        "Operating Revenue": 4014843000.0
    },
    "2024-06-30": {
        "Tax Effect Of Unusual Items": -2080806.0,
        "Tax Rate For Calcs": 0.074,
        "Normalized EBITDA": 392706000.0,
        "Total Unusual Items": -28119000.0,
        "Total Unusual Items Excluding Goodwill": -28119000.0,
        "Net Income From Continuing Operation Net Minority Interest": -205591000.0,
        "Reconciled Depreciation": 507525000.0,
        "Reconciled Cost Of Revenue": 2915571000.0,
        "EBITDA": 364587000.0,
        "EBIT": -142938000.0,
        "Net Interest Income": -67237000.0,
        "Interest Expense": 81166000.0,
        "Interest Income": 13929000.0,
        "Normalized Income": -179552806.0,
        "Net Income From Continuing And Discontinued Operation": -205591000.0,
        "Total Expenses": 4018120000.0,
        "Total Operating Income As Reported": -65369000.0,
        "Diluted Average Shares": 271592000.0,
        "Basic Average Shares": 271592000.0,
        "Diluted EPS": -0.76,
        "Basic EPS": -0.76,
        "Diluted NI Availto Com Stockholders": -205591000.0,
        "Average Dilution Earnings": 0.0,
        "Net Income Common Stockholders": -205591000.0,
        "Net Income": -205591000.0,
        "Minority Interests": 1867000.0,
        "Net Income Including Noncontrolling Interests": -207458000.0,
        "Net Income Continuous Operations": -207458000.0,
        "Tax Provision": -16646000.0,
        "Pretax Income": -224104000.0,
        "Other Income Expense": -91498000.0,
        "Other Non Operating Income Expenses": 3018000.0,
        "Special Income Charges": 0.0,
        "Gain On Sale Of Ppe": NaN,
        "Other Special Charges": NaN,
        "Write Off": 0.0,
        "Impairment Of Capital Assets": 0.0,
        "Earnings From Equity Interest": -66397000.0,
        "Gain On Sale Of Security": -28119000.0,
        "Net Non Operating Interest Income Expense": -67237000.0,
        "Interest Expense Non Operating": 81166000.0,
        "Interest Income Non Operating": 13929000.0,
        "Operating Income": -65369000.0,
        "Operating Expense": 1102549000.0,
        "Depreciation Amortization Depletion Income Statement": 507525000.0,
        "Depreciation And Amortization In Income Statement": 507525000.0,
        "Amortization": 145844000.0,
        "Amortization Of Intangibles Income Statement": 145844000.0,
        "Depreciation Income Statement": 361681000.0,
        "Research And Development": NaN,
        "Selling General And Administration": 595024000.0,
        "Gross Profit": 1037180000.0,
        "Cost Of Revenue": 2915571000.0,
        "Total Revenue": 3952751000.0,
        "Operating Revenue": 3952751000.0
    },
    "2024-09-30": {
        "Tax Effect Of Unusual Items": 11495008.0,
        "Tax Rate For Calcs": 0.196,
        "Normalized EBITDA": 321326000.0,
        "Total Unusual Items": 58648000.0,
        "Total Unusual Items Excluding Goodwill": 58648000.0,
        "Net Income From Continuing Operation Net Minority Interest": -141812000.0,
        "Reconciled Depreciation": 477434000.0,
        "Reconciled Cost Of Revenue": 2931173000.0,
        "EBITDA": 379974000.0,
        "EBIT": -97460000.0,
        "Net Interest Income": -70303000.0,
        "Interest Expense": 81503000.0,
        "Interest Income": 11200000.0,
        "Normalized Income": -188964992.0,
        "Net Income From Continuing And Discontinued Operation": -141812000.0,
        "Total Expenses": 4051751000.0,
        "Total Operating Income As Reported": -160767000.0,
        "Diluted Average Shares": 271736000.0,
        "Basic Average Shares": 271736000.0,
        "Diluted EPS": -0.52,
        "Basic EPS": -0.52,
        "Diluted NI Availto Com Stockholders": -141812000.0,
        "Average Dilution Earnings": 0.0,
        "Net Income Common Stockholders": -141812000.0,
        "Net Income": -141812000.0,
        "Minority Interests": 1989000.0,
        "Net Income Including Noncontrolling Interests": -143801000.0,
        "Net Income Continuous Operations": -143801000.0,
        "Tax Provision": -35162000.0,
        "Pretax Income": -178963000.0,
        "Other Income Expense": 52107000.0,
        "Other Non Operating Income Expenses": -1265000.0,
        "Special Income Charges": 50418000.0,
        "Gain On Sale Of Ppe": 50418000.0,
        "Other Special Charges": NaN,
        "Write Off": 0.0,
        "Impairment Of Capital Assets": 0.0,
        "Earnings From Equity Interest": -5276000.0,
        "Gain On Sale Of Security": 8230000.0,
        "Net Non Operating Interest Income Expense": -70303000.0,
        "Interest Expense Non Operating": 81503000.0,
        "Interest Income Non Operating": 11200000.0,
        "Operating Income": -160767000.0,
        "Operating Expense": 1120578000.0,
        "Depreciation Amortization Depletion Income Statement": 477434000.0,
        "Depreciation And Amortization In Income Statement": 477434000.0,
        "Amortization": 111226000.0,
        "Amortization Of Intangibles Income Statement": 111226000.0,
        "Depreciation Income Statement": 366208000.0,
        "Research And Development": NaN,
        "Selling General And Administration": 643144000.0,
        "Gross Profit": 959811000.0,
        "Cost Of Revenue": 2931173000.0,
        "Total Revenue": 3890984000.0,
        "Operating Revenue": 3890984000.0
    }
}