{
    "2023-03-31": {
        "Tax Effect Of Unusual Items": -5608078.0,
        "Tax Rate For Calcs": 0.266,
        "Normalized EBITDA": -2822000.0,
        "Total Unusual Items": -21083000.0,
        "Total Unusual Items Excluding Goodwill": -21083000.0,
        "Net Income From Continuing Operation Net Minority Interest": -103911000.0,
        "Reconciled Depreciation": 77991000.0,
        "Reconciled Cost Of Revenue": 1191913000.0,
        "EBITDA": -23905000.0,
        "EBIT": -101896000.0,
        "Net Interest Income": -28711000.0,
        "Interest Expense": 39752000.0,
        "Interest Income": 15434000.0,
        "Normalized Income": -88436078.0,
        "Net Income From Continuing And Discontinued Operation": -103911000.0,
        "Total Expenses": 1441086000.0,
        "Rent Expense Supplemental": 182612000.0,
        "Total Operating Income As Reported": -112395000.0,
        "Diluted Average Shares": 109110000.0,
        "Basic Average Shares": 109110000.0,
        "Diluted EPS": -0.95,
        "Basic EPS": -0.95,
        "Diluted NI Availto Com Stockholders": -103911000.0,
        "Net Income Common Stockholders": -103911000.0,
        "Net Income": -103911000.0,
        "Net Income Including Noncontrolling Interests": -103911000.0,
        "Net Income Continuous Operations": -103911000.0,
        "Tax Provision": -37737000.0,
        "Pretax Income": -141648000.0,
        "Other Income Expense": -21625000.0,
        "Other Non Operating Income Expenses": -542000.0,
        "Special Income Charges": -21083000.0,
        "Gain On Sale Of Ppe": -7100000.0,
        "Other Special Charges": 13983000.0,
        "Net Non Operating Interest Income Expense": -28711000.0,
        "Total Other Finance Cost": 4393000.0,
        "Interest Expense Non Operating": 39752000.0,
        "Interest Income Non Operating": 15434000.0,
        "Operating Income": -91312000.0,
        "Operating Expense": 249173000.0,
        "Other Operating Expenses": 201156000.0,
        "Selling General And Administration": 48017000.0,
        "Selling And Marketing Expense": 48017000.0,
        "Gross Profit": 157861000.0,
        "Cost Of Revenue": 1191913000.0,
        "Total Revenue": 1349774000.0,
        "Excise Taxes": NaN,
        "Operating Revenue": 1327473000.0
    },
    "2022-12-31": {
        "Tax Effect Of Unusual Items": -74341607.372384,
        "Tax Rate For Calcs": 0.204624,
        "Normalized EBITDA": 134214000.0,
        "Total Unusual Items": -363308000.0,
        "Total Unusual Items Excluding Goodwill": -363308000.0,
        "Net Income From Continuing Operation Net Minority Interest": -270664000.0,
        "Reconciled Depreciation": 82246000.0,
        "Reconciled Cost Of Revenue": 1102574000.0,
        "EBITDA": -229094000.0,
        "EBIT": -311340000.0,
        "Net Interest Income": -30865000.0,
        "Interest Expense": 28957000.0,
        "Interest Income": 2039000.0,
        "Normalized Income": 18302392.627616,
        "Net Income From Continuing And Discontinued Operation": -270664000.0,
        "Total Expenses": 1333731000.0,
        "Rent Expense Supplemental": 149557000.0,
        "Total Operating Income As Reported": -305729000.0,
        "Diluted Average Shares": 108867000.0,
        "Basic Average Shares": 108867000.0,
        "Diluted EPS": -2.49,
        "Basic EPS": -2.49,
        "Diluted NI Availto Com Stockholders": -270664000.0,
        "Net Income Common Stockholders": -270664000.0,
        "Net Income": -270664000.0,
        "Net Income Including Noncontrolling Interests": -270664000.0,
        "Net Income Continuous Operations": -270664000.0,
        "Tax Provision": -69633000.0,
        "Pretax Income": -340297000.0,
        "Other Income Expense": -367011000.0,
        "Other Non Operating Income Expenses": -3703000.0,
        "Special Income Charges": -363308000.0,
        "Gain On Sale Of Ppe": -15062000.0,
        "Other Special Charges": 348246000.0,
        "Net Non Operating Interest Income Expense": -30865000.0,
        "Total Other Finance Cost": 3947000.0,
        "Interest Expense Non Operating": 28957000.0,
        "Interest Income Non Operating": 2039000.0,
        "Operating Income": 57579000.0,
        "Operating Expense": 231157000.0,
        "Other Operating Expenses": 185060000.0,
        "Selling General And Administration": 46097000.0,
        "Selling And Marketing Expense": 46097000.0,
        "Gross Profit": 288736000.0,
        "Cost Of Revenue": 1102574000.0,
        "Total Revenue": 1391310000.0,
        "Excise Taxes": 0.0,
        "Operating Revenue": 1369671000.0
    },
    "2022-09-30": {
        "Tax Effect Of Unusual Items": -12219648.0,
        "Tax Rate For Calcs": 0.256,
        "Normalized EBITDA": 100376000.0,
        "Total Unusual Items": -47733000.0,
        "Total Unusual Items Excluding Goodwill": -47733000.0,
        "Net Income From Continuing Operation Net Minority Interest": -36377000.0,
        "Reconciled Depreciation": 78184000.0,
        "Reconciled Cost Of Revenue": 1114269000.0,
        "EBITDA": 52643000.0,
        "EBIT": -25541000.0,
        "Net Interest Income": -12102000.0,
        "Interest Expense": 23353000.0,
        "Interest Income": 15283000.0,
        "Normalized Income": -863648.0,
        "Net Income From Continuing And Discontinued Operation": -36377000.0,
        "Total Expenses": 1331836000.0,
        "Rent Expense Supplemental": 170506000.0,
        "Total Operating Income As Reported": -36390000.0,
        "Diluted Average Shares": 108853000.0,
        "Basic Average Shares": 108853000.0,
        "Diluted EPS": -0.33,
        "Basic EPS": -0.33,
        "Diluted NI Availto Com Stockholders": -36377000.0,
        "Net Income Common Stockholders": -36377000.0,
        "Net Income": -36377000.0,
        "Net Income Including Noncontrolling Interests": -36377000.0,
        "Net Income Continuous Operations": -36377000.0,
        "Tax Provision": -12517000.0,
        "Pretax Income": -48894000.0,
        "Other Income Expense": -48135000.0,
        "Other Non Operating Income Expenses": -402000.0,
        "Special Income Charges": -47733000.0,
        "Gain On Sale Of Ppe": -9374000.0,
        "Other Special Charges": 38359000.0,
        "Net Non Operating Interest Income Expense": -12102000.0,
        "Total Other Finance Cost": 4032000.0,
        "Interest Expense Non Operating": 23353000.0,
        "Interest Income Non Operating": 15283000.0,
        "Operating Income": 11343000.0,
        "Operating Expense": 217567000.0,
        "Other Operating Expenses": 170182000.0,
        "Selling General And Administration": 47385000.0,
        "Selling And Marketing Expense": 47385000.0,
        "Gross Profit": 228910000.0,
        "Cost Of Revenue": 1114269000.0,
        "Total Revenue": 1343179000.0,
        "Excise Taxes": NaN,
        "Operating Revenue": 1322079000.0
    },
    "2022-06-30": {
        "Tax Effect Of Unusual Items": -6415360.0,
        "Tax Rate For Calcs": 0.224,
        "Normalized EBITDA": 61440000.0,
        "Total Unusual Items": -28640000.0,
        "Total Unusual Items Excluding Goodwill": -28640000.0,
        "Net Income From Continuing Operation Net Minority Interest": -52406000.0,
        "Reconciled Depreciation": 76469000.0,
        "Reconciled Cost Of Revenue": 1149796000.0,
        "EBITDA": 32800000.0,
        "EBIT": -43669000.0,
        "Net Interest Income": -21886000.0,
        "Interest Expense": 23843000.0,
        "Interest Income": 5585000.0,
        "Normalized Income": -30181360.0,
        "Net Income From Continuing And Discontinued Operation": -52406000.0,
        "Total Expenses": 1383333000.0,
        "Rent Expense Supplemental": 160653000.0,
        "Total Operating Income As Reported": -45330000.0,
        "Diluted Average Shares": 108697000.0,
        "Basic Average Shares": 108697000.0,
        "Diluted EPS": -0.48,
        "Basic EPS": -0.48,
        "Diluted NI Availto Com Stockholders": -52406000.0,
        "Net Income Common Stockholders": -52406000.0,
        "Net Income": -52406000.0,
        "Net Income Including Noncontrolling Interests": -52406000.0,
        "Net Income Continuous Operations": -52406000.0,
        "Tax Provision": -15106000.0,
        "Pretax Income": -67512000.0,
        "Other Income Expense": -28936000.0,
        "Other Non Operating Income Expenses": -296000.0,
        "Special Income Charges": -28640000.0,
        "Gain On Sale Of Ppe": -10636000.0,
        "Other Special Charges": 18004000.0,
        "Net Non Operating Interest Income Expense": -21886000.0,
        "Total Other Finance Cost": 3628000.0,
        "Interest Expense Non Operating": 23843000.0,
        "Interest Income Non Operating": 5585000.0,
        "Operating Income": -16690000.0,
        "Operating Expense": 233537000.0,
        "Other Operating Expenses": 184813000.0,
        "Selling General And Administration": 48724000.0,
        "Selling And Marketing Expense": 48724000.0,
        "Gross Profit": 216847000.0,
        "Cost Of Revenue": 1149796000.0,
        "Total Revenue": 1366643000.0,
        "Excise Taxes": NaN,
        "Operating Revenue": 1347871000.0
    },
    "2023-06-30": {
        "Tax Effect Of Unusual Items": -4362540.0,
        "Tax Rate For Calcs": 0.21,
        "Normalized EBITDA": 146545000.0,
        "Total Unusual Items": -20774000.0,
        "Total Unusual Items Excluding Goodwill": -20774000.0,
        "Net Income From Continuing Operation Net Minority Interest": -2349000.0,
        "Reconciled Depreciation": 80542000.0,
        "Reconciled Cost Of Revenue": 1134692000.0,
        "EBITDA": 125771000.0,
        "EBIT": 45229000.0,
        "Net Interest Income": -4473000.0,
        "Interest Expense": 30257000.0,
        "Interest Income": 30049000.0,
        "Normalized Income": 14062460.0,
        "Net Income From Continuing And Discontinued Operation": -2349000.0,
        "Total Expenses": 1391487000.0,
        "Rent Expense Supplemental": 198588000.0,
        "Total Operating Income As Reported": 20211000.0,
        "Diluted Average Shares": 109161000.0,
        "Basic Average Shares": 109161000.0,
        "Diluted EPS": -0.02,
        "Basic EPS": -0.02,
        "Diluted NI Availto Com Stockholders": -2349000.0,
        "Net Income Common Stockholders": -2349000.0,
        "Net Income": -2349000.0,
        "Net Income Including Noncontrolling Interests": -2349000.0,
        "Net Income Continuous Operations": -2349000.0,
        "Tax Provision": 17321000.0,
        "Pretax Income": 14972000.0,
        "Other Income Expense": -21540000.0,
        "Other Non Operating Income Expenses": -766000.0,
        "Special Income Charges": -20774000.0,
        "Gain On Sale Of Ppe": -802000.0,
        "Other Special Charges": 19972000.0,
        "Net Non Operating Interest Income Expense": -4473000.0,
        "Total Other Finance Cost": 4265000.0,
        "Interest Expense Non Operating": 30257000.0,
        "Interest Income Non Operating": 30049000.0,
        "Operating Income": 40985000.0,
        "Operating Expense": 256795000.0,
        "Other Operating Expenses": 206094000.0,
        "Selling General And Administration": 50701000.0,
        "Selling And Marketing Expense": 50701000.0,
        "Gross Profit": 297780000.0,
        "Cost Of Revenue": 1134692000.0,
        "Total Revenue": 1432472000.0,
        "Excise Taxes": NaN,
        "Operating Revenue": 1410061000.0
    },
    "2022-03-31": {
        "Diluted EPS": -1.79,
        "Total Revenue": 967,
        "Gross Profit": 599,
        "Operating Income": -211,
        "EBIT": -129,
        "Net Income": -195
    },
    "2021-12-31": {
        "Diluted EPS": -0.76,
        "Total Revenue": 988,
        "Gross Profit": 691,
        "Operating Income": -62,
        "EBIT": 17,
        "Net Income": -87
    },
    "2021-09-30": {
        "Diluted EPS": 0.14,
        "Total Revenue": 923,
        "Gross Profit": 663,
        "Operating Income": 14,
        "EBIT": 91,
        "Net Income": 15
    },
    "2021-06-30": {
        "Diluted EPS": -2.73,
        "Total Revenue": 859,
        "Gross Profit": 644,
        "Operating Income": 93,
        "EBIT": 171,
        "Net Income": -288
    },
    "2021-03-31": {
        "Diluted EPS": -1.15,
        "Total Revenue": 461,
        "Gross Profit": 318,
        "Operating Income": -103,
        "EBIT": -25,
        "Net Income": -112
    },
    "2020-12-31": {
        "Diluted EPS": -1.77,
        "Total Revenue": 498,
        "Gross Profit": 395,
        "Operating Income": -160,
        "EBIT": -84,
        "Net Income": -157
    },
    "2020-09-30": {
        "Diluted EPS": -1.07,
        "Total Revenue": 402,
        "Gross Profit": 308,
        "Operating Income": -99,
        "EBIT": -27,
        "Net Income": -99
    },
    "2020-06-30": {
        "Diluted EPS": -1.81,
        "Total Revenue": 139,
        "Gross Profit": 119,
        "Operating Income": -190,
        "EBIT": -117,
        "Net Income": -144
    },
    "2020-03-31": {
        "Diluted EPS": -0.41,
        "Total Revenue": 771,
        "Gross Profit": 558,
        "Operating Income": -58,
        "EBIT": 10,
        "Net Income": -28
    },
    "2019-12-31": {
        "Diluted EPS": 1.18,
        "Total Revenue": 970,
        "Gross Profit": 725,
        "Operating Income": 125,
        "EBIT": 189,
        "Net Income": 81
    },
    "2019-09-30": {
        "Diluted EPS": 1.22,
        "Total Revenue": 992,
        "Gross Profit": 738,
        "Operating Income": 125,
        "EBIT": 185,
        "Net Income": 83
    },
    "2019-06-30": {
        "Diluted EPS": 1.67,
        "Total Revenue": NaN,
        "Gross Profit": 748,
        "Operating Income": 164,
        "EBIT": 221,
        "Net Income": 115
    },
    "2019-03-31": {
        "Diluted EPS": 0.82,
        "Total Revenue": 856,
        "Gross Profit": 626,
        "Operating Income": 88,
        "EBIT": 141,
        "Net Income": 56
    },
    "2018-12-31": {
        "Diluted EPS": 1.36,
        "Total Revenue": 863,
        "Gross Profit": 633,
        "Operating Income": 136,
        "EBIT": 186,
        "Net Income": 92
    },
    "2018-09-30": {
        "Diluted EPS": 1.42,
        "Total Revenue": 904,
        "Gross Profit": 646,
        "Operating Income": 145,
        "EBIT": 191,
        "Net Income": 97
    },
    "2018-06-30": {
        "Diluted EPS": 0.16,
        "Total Revenue": 852,
        "Gross Profit": 606,
        "Operating Income": 109,
        "EBIT": 157,
        "Net Income": 11
    },
    "2018-03-31": {
        "Diluted EPS": -0.66,
        "Total Revenue": 704,
        "Gross Profit": 499,
        "Operating Income": -39,
        "EBIT": 2,
        "Net Income": -45
    },
    "2017-12-31": {
        "Diluted EPS": 3.57,
        "Total Revenue": 666,
        "Gross Profit": 491,
        "Operating Income": 91,
        "EBIT": 129,
        "Net Income": 247
    },
    "2017-09-30": {
        "Diluted EPS": 0.86,
        "Total Revenue": 687,
        "Gross Profit": 529,
        "Operating Income": 104,
        "EBIT": 142,
        "Net Income": 60
    },
    "2017-06-30": {
        "Diluted EPS": 1.11,
        "Total Revenue": 700,
        "Gross Profit": 558,
        "Operating Income": 131,
        "EBIT": 168,
        "Net Income": 77
    },
    "2017-03-31": {
        "Diluted EPS": 0.45,
        "Total Revenue": 590,
        "Gross Profit": 450,
        "Operating Income": 58,
        "EBIT": 93,
        "Net Income": 31
    },
    "2016-12-31": {
        "Diluted EPS": 0.68,
        "Total Revenue": 576,
        "Gross Profit": 450,
        "Operating Income": 83,
        "EBIT": 113,
        "Net Income": 47
    },
    "2016-09-30": {
        "Diluted EPS": 1.17,
        "Total Revenue": 621,
        "Gross Profit": 499,
        "Operating Income": 135,
        "EBIT": 162,
        "Net Income": 81
    },
    "2016-06-30": {
        "Diluted EPS": 1.03,
        "Total Revenue": 584,
        "Gross Profit": 471,
        "Operating Income": 122,
        "EBIT": 148,
        "Net Income": 73
    },
    "2016-03-31": {
        "Diluted EPS": 0.86,
        "Total Revenue": 538,
        "Gross Profit": 452,
        "Operating Income": 101,
        "EBIT": 126,
        "Net Income": 62
    },
    "2015-12-31": {
        "Diluted EPS": 1.04,
        "Total Revenue": 520,
        "Gross Profit": 415,
        "Operating Income": 120,
        "EBIT": 143,
        "Net Income": 74
    },
    "2015-09-30": {
        "Diluted EPS": 1.35,
        "Total Revenue": 575,
        "Gross Profit": 459,
        "Operating Income": 157,
        "EBIT": 177,
        "Net Income": 97
    },
    "2015-06-30": {
        "Diluted EPS": 1.05,
        "Total Revenue": 553,
        "Gross Profit": 426,
        "Operating Income": 122,
        "EBIT": 140,
        "Net Income": 77
    },
    "2015-03-31": {
        "Diluted EPS": 0.94,
        "Total Revenue": 493,
        "Gross Profit": 381,
        "Operating Income": 109,
        "EBIT": 124,
        "Net Income": 69
    },
    "2014-12-31": {
        "Diluted EPS": 0.78,
        "Total Revenue": 474,
        "Gross Profit": 336,
        "Operating Income": 90,
        "EBIT": 103,
        "Net Income": 56
    },
    "2014-09-30": {
        "Diluted EPS": 0.91,
        "Total Revenue": 520,
        "Gross Profit": 348,
        "Operating Income": 100,
        "EBIT": 111,
        "Net Income": 67
    },
    "2014-06-30": {
        "Diluted EPS": 0.88,
        "Total Revenue": 499,
        "Gross Profit": 344,
        "Operating Income": 105,
        "EBIT": 116,
        "Net Income": 65
    },
    "2014-03-31": {
        "Diluted EPS": 0.51,
        "Total Revenue": 438,
        "Gross Profit": 290,
        "Operating Income": 60,
        "EBIT": 71,
        "Net Income": 38
    },
    "2013-12-31": {
        "Diluted EPS": 0.58,
        "Total Revenue": 420,
        "Gross Profit": 280,
        "Operating Income": 68,
        "EBIT": 77,
        "Net Income": 43
    },
    "2013-09-30": {
        "Diluted EPS": 0.84,
        "Total Revenue": 457,
        "Gross Profit": 312,
        "Operating Income": 98,
        "EBIT": 106,
        "Net Income": 61
    },
    "2013-06-30": {
        "Diluted EPS": 0.58,
        "Total Revenue": 407,
        "Gross Profit": 272,
        "Operating Income": 67,
        "EBIT": 74,
        "Net Income": 42
    },
    "2013-03-31": {
        "Diluted EPS": 0.42,
        "Total Revenue": 370,
        "Gross Profit": 239,
        "Operating Income": 50,
        "EBIT": 56,
        "Net Income": 31
    },
    "2012-12-31": {
        "Diluted EPS": 0.26,
        "Total Revenue": 328,
        "Gross Profit": 207,
        "Operating Income": 32,
        "EBIT": 32,
        "Net Income": 20
    },
    "2012-09-30": {
        "Diluted EPS": 0.43,
        "Total Revenue": 342,
        "Gross Profit": 220,
        "Operating Income": 50,
        "EBIT": 50,
        "Net Income": 31
    },
    "2012-06-30": {
        "Diluted EPS": 0.48,
        "Total Revenue": 346,
        "Gross Profit": 226,
        "Operating Income": 55,
        "EBIT": 55,
        "Net Income": 35
    },
    "2012-03-31": {
        "Diluted EPS": 0.32,
        "Total Revenue": 301,
        "Gross Profit": 193,
        "Operating Income": 37,
        "EBIT": 37,
        "Net Income": 23
    },
    "2011-12-31": {
        "Diluted EPS": 0.34,
        "Total Revenue": 274,
        "Gross Profit": 179,
        "Operating Income": 38,
        "EBIT": 38,
        "Net Income": 24
    },
    "2011-09-30": {
        "Diluted EPS": 0.38,
        "Total Revenue": 289,
        "Gross Profit": 184,
        "Operating Income": 45,
        "EBIT": 45,
        "Net Income": 28
    },
    "2011-06-30": {
        "Diluted EPS": 0.41,
        "Total Revenue": 276,
        "Gross Profit": 169,
        "Operating Income": 35,
        "EBIT": 35,
        "Net Income": 17
    },
    "2011-03-31": {
        "Diluted EPS": 0.3,
        "Total Revenue": 233,
        "Gross Profit": 152,
        "Operating Income": 27,
        "EBIT": 27,
        "Net Income": 8
    },
    "2010-12-31": {
        "Diluted EPS": 0.0,
        "Total Revenue": NaN,
        "Gross Profit": NaN,
        "Operating Income": NaN,
        "EBIT": NaN,
        "Net Income": NaN
    },
    "2010-09-30": {
        "Diluted EPS": 2.33,
        "Total Revenue": 204,
        "Gross Profit": 140,
        "Operating Income": 21,
        "EBIT": 21,
        "Net Income": 62
    },
    "2010-06-30": {
        "Diluted EPS": -0.38,
        "Total Revenue": 177,
        "Gross Profit": 117,
        "Operating Income": 2,
        "EBIT": 2,
        "Net Income": -10
    },
    "2009-12-31": {
        "Diluted EPS": 0.0,
        "Total Revenue": NaN,
        "Gross Profit": NaN,
        "Operating Income": NaN,
        "EBIT": NaN,
        "Net Income": NaN
    },
    "2023-09-30": {
        "Tax Effect Of Unusual Items": -2288928.0,
        "Tax Rate For Calcs": 0.226,
        "Normalized EBITDA": -80829000.0,
        "Total Unusual Items": -10128000.0,
        "Total Unusual Items Excluding Goodwill": -10128000.0,
        "Net Income From Continuing Operation Net Minority Interest": -157552000.0,
        "Reconciled Depreciation": 82802000.0,
        "Reconciled Cost Of Revenue": 1203603000.0,
        "EBITDA": -90957000.0,
        "EBIT": -173759000.0,
        "Net Interest Income": -14236000.0,
        "Interest Expense": 29886000.0,
        "Interest Income": 19910000.0,
        "Normalized Income": -149712928.0,
        "Net Income From Continuing And Discontinued Operation": -157552000.0,
        "Total Expenses": 1437175000.0,
        "Rent Expense Supplemental": 204918000.0,
        "Total Operating Income As Reported": -188760000.0,
        "Diluted Average Shares": 109164000.0,
        "Basic Average Shares": 109164000.0,
        "Diluted EPS": -1.44,
        "Basic EPS": -1.44,
        "Diluted NI Availto Com Stockholders": -157552000.0,
        "Net Income Common Stockholders": -157552000.0,
        "Net Income": -157552000.0,
        "Net Income Including Noncontrolling Interests": -157552000.0,
        "Net Income Continuous Operations": -157552000.0,
        "Tax Provision": -46093000.0,
        "Pretax Income": -203645000.0,
        "Other Income Expense": -10777000.0,
        "Other Non Operating Income Expenses": -649000.0,
        "Special Income Charges": -10128000.0,
        "Gain On Sale Of Ppe": 2250000.0,
        "Other Special Charges": 12378000.0,
        "Net Non Operating Interest Income Expense": -14236000.0,
        "Total Other Finance Cost": 4260000.0,
        "Interest Expense Non Operating": 29886000.0,
        "Interest Income Non Operating": 19910000.0,
        "Operating Income": -178632000.0,
        "Operating Expense": 233572000.0,
        "Other Operating Expenses": 187249000.0,
        "Selling General And Administration": 46323000.0,
        "Selling And Marketing Expense": 46323000.0,
        "Gross Profit": 54940000.0,
        "Cost Of Revenue": 1203603000.0,
        "Total Revenue": 1258543000.0,
        "Excise Taxes": NaN,
        "Operating Revenue": 1233912000.0
    }
}