{
    "2023-06-30": {
        "Tax Effect Of Unusual Items": 0.0,
        "Tax Rate For Calcs": 0.246,
        "Net Income From Continuing Operation Net Minority Interest": 31249000.0,
        "Reconciled Depreciation": 7654000.0,
        "Net Interest Income": 126963000.0,
        "Interest Expense": 47320000.0,
        "Interest Income": 174283000.0,
        "Normalized Income": 31249000.0,
        "Net Income From Continuing And Discontinued Operation": 31249000.0,
        "Diluted Average Shares": 85536000.0,
        "Basic Average Shares": 85022000.0,
        "Diluted EPS": 0.37,
        "Basic EPS": 0.37,
        "Diluted NI Availto Com Stockholders": 31249000.0,
        "Net Income Common Stockholders": 31249000.0,
        "Net Income": 31249000.0,
        "Net Income Including Noncontrolling Interests": 31249000.0,
        "Net Income Continuous Operations": 31249000.0,
        "Tax Provision": 10189000.0,
        "Pretax Income": 41438000.0,
        "Gain On Sale Of Security": -176000.0,
        "Depreciation Amortization Depletion Income Statement": 7654000.0,
        "Depreciation And Amortization In Income Statement": 7654000.0,
        "Amortization": 7654000.0,
        "Amortization Of Intangibles Income Statement": 7654000.0,
        "Selling General And Administration": 56790000.0,
        "Selling And Marketing Expense": 2047000.0,
        "General And Administrative Expense": 54743000.0,
        "Other Gand A": NaN,
        "Insurance And Claims": 2116000.0,
        "Salaries And Wages": 52627000.0,
        "Total Revenue": 148539000.0,
        "Operating Revenue": 148539000.0
    },
    "2023-03-31": {
        "Tax Effect Of Unusual Items": 0.0,
        "Tax Rate For Calcs": 0.186,
        "Net Income From Continuing Operation Net Minority Interest": 11827000.0,
        "Reconciled Depreciation": 6727000.0,
        "Net Interest Income": 131152000.0,
        "Interest Expense": 26839000.0,
        "Interest Income": 157991000.0,
        "Normalized Income": 11827000.0,
        "Net Income From Continuing And Discontinued Operation": 11827000.0,
        "Diluted Average Shares": 80717000.0,
        "Basic Average Shares": 80151000.0,
        "Diluted EPS": 0.15,
        "Basic EPS": 0.15,
        "Diluted NI Availto Com Stockholders": 11827000.0,
        "Net Income Common Stockholders": 11827000.0,
        "Net Income": 11827000.0,
        "Net Income Including Noncontrolling Interests": 11827000.0,
        "Net Income Continuous Operations": 11827000.0,
        "Tax Provision": 2697000.0,
        "Pretax Income": 14524000.0,
        "Gain On Sale Of Security": 107000.0,
        "Depreciation Amortization Depletion Income Statement": 6727000.0,
        "Depreciation And Amortization In Income Statement": 6727000.0,
        "Amortization": 6727000.0,
        "Amortization Of Intangibles Income Statement": 6727000.0,
        "Selling General And Administration": 59859000.0,
        "Selling And Marketing Expense": 2238000.0,
        "General And Administrative Expense": 57621000.0,
        "Other Gand A": NaN,
        "Insurance And Claims": 1443000.0,
        "Salaries And Wages": 56178000.0,
        "Total Revenue": 153597000.0,
        "Operating Revenue": 153597000.0
    },
    "2022-12-31": {
        "Tax Effect Of Unusual Items": 0.0,
        "Tax Rate For Calcs": 0.245705,
        "Net Income From Continuing Operation Net Minority Interest": 23927000.0,
        "Reconciled Depreciation": 4763000.0,
        "Net Interest Income": 119682000.0,
        "Interest Expense": 7400000.0,
        "Interest Income": 127082000.0,
        "Normalized Income": 23927000.0,
        "Net Income From Continuing And Discontinued Operation": 23927000.0,
        "Diluted Average Shares": 71374000.0,
        "Basic Average Shares": 70770000.0,
        "Diluted EPS": 0.34,
        "Basic EPS": 0.34,
        "Diluted NI Availto Com Stockholders": 23927000.0,
        "Net Income Common Stockholders": 23927000.0,
        "Net Income": 23927000.0,
        "Net Income Including Noncontrolling Interests": 23927000.0,
        "Net Income Continuous Operations": 23927000.0,
        "Tax Provision": 7794000.0,
        "Pretax Income": 31721000.0,
        "Gain On Sale Of Security": 18000.0,
        "Depreciation Amortization Depletion Income Statement": 4763000.0,
        "Depreciation And Amortization In Income Statement": 4763000.0,
        "Amortization": 4763000.0,
        "Amortization Of Intangibles Income Statement": 4763000.0,
        "Selling General And Administration": 53366000.0,
        "Selling And Marketing Expense": 1772000.0,
        "General And Administrative Expense": 51594000.0,
        "Other Gand A": NaN,
        "Insurance And Claims": 889000.0,
        "Salaries And Wages": 50705000.0,
        "Total Revenue": 137360000.0,
        "Operating Revenue": 137360000.0
    },
    "2022-09-30": {
        "Tax Effect Of Unusual Items": 0.0,
        "Tax Rate For Calcs": 0.237667,
        "Net Income From Continuing Operation Net Minority Interest": 29237000.0,
        "Reconciled Depreciation": 1446000.0,
        "Net Interest Income": 87989000.0,
        "Interest Expense": 3120000.0,
        "Interest Income": 91109000.0,
        "Normalized Income": 29237000.0,
        "Net Income From Continuing And Discontinued Operation": 29237000.0,
        "Diluted Average Shares": 61961000.0,
        "Basic Average Shares": 61442000.0,
        "Diluted EPS": 0.47,
        "Basic EPS": 0.48,
        "Diluted NI Availto Com Stockholders": 29237000.0,
        "Net Income Common Stockholders": 29237000.0,
        "Net Income": 29237000.0,
        "Net Income Including Noncontrolling Interests": 29237000.0,
        "Net Income Continuous Operations": 29237000.0,
        "Tax Provision": 9115000.0,
        "Pretax Income": 38352000.0,
        "Gain On Sale Of Security": -362000.0,
        "Depreciation Amortization Depletion Income Statement": 1446000.0,
        "Depreciation And Amortization In Income Statement": 1446000.0,
        "Amortization": 1446000.0,
        "Amortization Of Intangibles Income Statement": 1446000.0,
        "Selling General And Administration": 34715000.0,
        "Selling And Marketing Expense": 1461000.0,
        "General And Administrative Expense": 33254000.0,
        "Other Gand A": 6366000.0,
        "Insurance And Claims": 760000.0,
        "Salaries And Wages": 32494000.0,
        "Total Revenue": 104387000.0,
        "Operating Revenue": 104387000.0
    },
    "2022-06-30": {
        "Tax Effect Of Unusual Items": 0.0,
        "Tax Rate For Calcs": 0.213395,
        "Net Income From Continuing Operation Net Minority Interest": 32755000.0,
        "Reconciled Depreciation": 1446000.0,
        "Net Interest Income": 80971000.0,
        "Interest Expense": 2102000.0,
        "Interest Income": 83073000.0,
        "Normalized Income": 32755000.0,
        "Net Income From Continuing And Discontinued Operation": 32755000.0,
        "Diluted Average Shares": 61923000.0,
        "Basic Average Shares": 61409000.0,
        "Diluted EPS": 0.53,
        "Basic EPS": 0.53,
        "Diluted NI Availto Com Stockholders": 32755000.0,
        "Net Income Common Stockholders": 32755000.0,
        "Net Income": 32755000.0,
        "Net Income Including Noncontrolling Interests": 32755000.0,
        "Net Income Continuous Operations": 32755000.0,
        "Tax Provision": 8886000.0,
        "Pretax Income": 41641000.0,
        "Gain On Sale Of Security": -300000.0,
        "Depreciation Amortization Depletion Income Statement": 1446000.0,
        "Depreciation And Amortization In Income Statement": 1446000.0,
        "Amortization": 1446000.0,
        "Amortization Of Intangibles Income Statement": 1446000.0,
        "Selling General And Administration": 34788000.0,
        "Selling And Marketing Expense": 1882000.0,
        "General And Administrative Expense": 32906000.0,
        "Other Gand A": 6951000.0,
        "Insurance And Claims": 699000.0,
        "Salaries And Wages": 32207000.0,
        "Total Revenue": 98611000.0,
        "Operating Revenue": 98611000.0
    },
    "2022-03-31": {
        "Diluted EPS": 0.33,
        "Total Revenue": 94,
        "Gross Profit": 92,
        "Operating Income": 26,
        "EBIT": NaN,
        "Net Income": 21
    },
    "2021-12-31": {
        "Diluted EPS": 0.62,
        "Total Revenue": 93,
        "Gross Profit": 91,
        "Operating Income": 45,
        "EBIT": NaN,
        "Net Income": 36
    },
    "2021-09-30": {
        "Diluted EPS": 0.4,
        "Total Revenue": 92,
        "Gross Profit": 90,
        "Operating Income": 30,
        "EBIT": NaN,
        "Net Income": 23
    },
    "2021-06-30": {
        "Diluted EPS": 0.56,
        "Total Revenue": 83,
        "Gross Profit": 81,
        "Operating Income": 40,
        "EBIT": NaN,
        "Net Income": 31
    },
    "2021-03-31": {
        "Diluted EPS": 0.6,
        "Total Revenue": 87,
        "Gross Profit": 84,
        "Operating Income": 44,
        "EBIT": NaN,
        "Net Income": 34
    },
    "2020-12-31": {
        "Diluted EPS": 0.54,
        "Total Revenue": 88,
        "Gross Profit": 84,
        "Operating Income": 38,
        "EBIT": NaN,
        "Net Income": 29
    },
    "2020-09-30": {
        "Diluted EPS": 0.42,
        "Total Revenue": 85,
        "Gross Profit": 80,
        "Operating Income": 30,
        "EBIT": NaN,
        "Net Income": 23
    },
    "2020-06-30": {
        "Diluted EPS": 0.47,
        "Total Revenue": 88,
        "Gross Profit": 82,
        "Operating Income": 32,
        "EBIT": NaN,
        "Net Income": 25
    },
    "2020-03-31": {
        "Diluted EPS": 0.01,
        "Total Revenue": 88,
        "Gross Profit": 78,
        "Operating Income": 1,
        "EBIT": NaN,
        "Net Income": 1
    },
    "2019-12-31": {
        "Diluted EPS": 0.52,
        "Total Revenue": 89,
        "Gross Profit": 78,
        "Operating Income": 35,
        "EBIT": NaN,
        "Net Income": 27
    },
    "2019-09-30": {
        "Diluted EPS": 0.49,
        "Total Revenue": 87,
        "Gross Profit": 75,
        "Operating Income": 34,
        "EBIT": NaN,
        "Net Income": 26
    },
    "2019-06-30": {
        "Diluted EPS": 0.45,
        "Total Revenue": 86,
        "Gross Profit": 74,
        "Operating Income": 30,
        "EBIT": NaN,
        "Net Income": 23
    },
    "2019-03-31": {
        "Diluted EPS": 0.44,
        "Total Revenue": 85,
        "Gross Profit": 74,
        "Operating Income": 29,
        "EBIT": NaN,
        "Net Income": 23
    },
    "2018-12-31": {
        "Diluted EPS": 0.31,
        "Total Revenue": 83,
        "Gross Profit": 73,
        "Operating Income": 21,
        "EBIT": NaN,
        "Net Income": 16
    },
    "2018-09-30": {
        "Diluted EPS": 0.34,
        "Total Revenue": 71,
        "Gross Profit": 64,
        "Operating Income": 21,
        "EBIT": NaN,
        "Net Income": 16
    },
    "2018-06-30": {
        "Diluted EPS": 0.35,
        "Total Revenue": 69,
        "Gross Profit": 63,
        "Operating Income": 22,
        "EBIT": NaN,
        "Net Income": 17
    },
    "2018-03-31": {
        "Diluted EPS": 0.38,
        "Total Revenue": 68,
        "Gross Profit": 62,
        "Operating Income": 24,
        "EBIT": NaN,
        "Net Income": 18
    },
    "2017-12-31": {
        "Diluted EPS": 0.29,
        "Total Revenue": 80,
        "Gross Profit": 75,
        "Operating Income": 33,
        "EBIT": NaN,
        "Net Income": 13
    },
    "2017-09-30": {
        "Diluted EPS": 0.32,
        "Total Revenue": 62,
        "Gross Profit": 57,
        "Operating Income": 22,
        "EBIT": NaN,
        "Net Income": 14
    },
    "2017-06-30": {
        "Diluted EPS": 0.18,
        "Total Revenue": 58,
        "Gross Profit": 55,
        "Operating Income": 12,
        "EBIT": NaN,
        "Net Income": 8
    },
    "2017-03-31": {
        "Diluted EPS": 0.2,
        "Total Revenue": 51,
        "Gross Profit": 48,
        "Operating Income": 12,
        "EBIT": NaN,
        "Net Income": 8
    },
    "2016-12-31": {
        "Diluted EPS": 0.29,
        "Total Revenue": 50,
        "Gross Profit": 47,
        "Operating Income": 16,
        "EBIT": NaN,
        "Net Income": 11
    },
    "2016-09-30": {
        "Diluted EPS": 0.24,
        "Total Revenue": 50,
        "Gross Profit": 47,
        "Operating Income": 13,
        "EBIT": NaN,
        "Net Income": 9
    },
    "2016-06-30": {
        "Diluted EPS": 0.14,
        "Total Revenue": 46,
        "Gross Profit": 44,
        "Operating Income": 8,
        "EBIT": NaN,
        "Net Income": 5
    },
    "2016-03-31": {
        "Diluted EPS": 0.11,
        "Total Revenue": 41,
        "Gross Profit": 39,
        "Operating Income": 6,
        "EBIT": NaN,
        "Net Income": 4
    },
    "2015-12-31": {
        "Diluted EPS": 0.17,
        "Total Revenue": 39,
        "Gross Profit": 37,
        "Operating Income": 10,
        "EBIT": NaN,
        "Net Income": 6
    },
    "2015-09-30": {
        "Diluted EPS": 0.13,
        "Total Revenue": 39,
        "Gross Profit": 37,
        "Operating Income": 7,
        "EBIT": NaN,
        "Net Income": 4
    },
    "2015-06-30": {
        "Diluted EPS": 0.18,
        "Total Revenue": 36,
        "Gross Profit": 35,
        "Operating Income": 9,
        "EBIT": NaN,
        "Net Income": 6
    },
    "2015-03-31": {
        "Diluted EPS": 0.18,
        "Total Revenue": 35,
        "Gross Profit": 33,
        "Operating Income": 9,
        "EBIT": NaN,
        "Net Income": 6
    },
    "2014-12-31": {
        "Diluted EPS": -0.07,
        "Total Revenue": 34,
        "Gross Profit": 32,
        "Operating Income": 32,
        "EBIT": NaN,
        "Net Income": -2
    },
    "2014-09-30": {
        "Diluted EPS": 0.12,
        "Total Revenue": 25,
        "Gross Profit": 24,
        "Operating Income": 25,
        "EBIT": NaN,
        "Net Income": 3
    },
    "2014-06-30": {
        "Diluted EPS": 0.07,
        "Total Revenue": 24,
        "Gross Profit": 23,
        "Operating Income": 24,
        "EBIT": NaN,
        "Net Income": 2
    },
    "2014-03-31": {
        "Diluted EPS": 0.09,
        "Total Revenue": 23,
        "Gross Profit": 22,
        "Operating Income": 23,
        "EBIT": NaN,
        "Net Income": 2
    },
    "2013-12-31": {
        "Diluted EPS": -0.04,
        "Total Revenue": 24,
        "Gross Profit": 22,
        "Operating Income": 22,
        "EBIT": NaN,
        "Net Income": 1
    },
    "2013-09-30": {
        "Diluted EPS": 2.31,
        "Total Revenue": 25,
        "Gross Profit": 23,
        "Operating Income": 22,
        "EBIT": NaN,
        "Net Income": 44
    },
    "2013-06-30": {
        "Diluted EPS": 0.11,
        "Total Revenue": 24,
        "Gross Profit": 23,
        "Operating Income": 22,
        "EBIT": NaN,
        "Net Income": 2
    },
    "2013-03-31": {
        "Diluted EPS": 0.06,
        "Total Revenue": 23,
        "Gross Profit": 22,
        "Operating Income": 21,
        "EBIT": NaN,
        "Net Income": 1
    },
    "2012-12-31": {
        "Diluted EPS": -0.04,
        "Total Revenue": 23,
        "Gross Profit": 21,
        "Operating Income": 20,
        "EBIT": NaN,
        "Net Income": -1
    },
    "2012-09-30": {
        "Diluted EPS": -0.05,
        "Total Revenue": 24,
        "Gross Profit": 22,
        "Operating Income": 21,
        "EBIT": NaN,
        "Net Income": 0
    },
    "2012-06-30": {
        "Diluted EPS": -0.15,
        "Total Revenue": 27,
        "Gross Profit": 25,
        "Operating Income": 18,
        "EBIT": NaN,
        "Net Income": -3
    },
    "2012-03-31": {
        "Diluted EPS": 0.0,
        "Total Revenue": 28,
        "Gross Profit": 25,
        "Operating Income": 23,
        "EBIT": NaN,
        "Net Income": 0
    },
    "2011-12-31": {
        "Diluted EPS": 0.11,
        "Total Revenue": 26,
        "Gross Profit": 23,
        "Operating Income": 23,
        "EBIT": NaN,
        "Net Income": 2
    },
    "2011-09-30": {
        "Diluted EPS": 0.1,
        "Total Revenue": 25,
        "Gross Profit": 22,
        "Operating Income": 22,
        "EBIT": NaN,
        "Net Income": 2
    },
    "2011-06-30": {
        "Diluted EPS": 0.0,
        "Total Revenue": 25,
        "Gross Profit": 21,
        "Operating Income": 20,
        "EBIT": NaN,
        "Net Income": 0
    },
    "2011-03-31": {
        "Diluted EPS": -0.05,
        "Total Revenue": 24,
        "Gross Profit": 21,
        "Operating Income": 20,
        "EBIT": NaN,
        "Net Income": -1
    },
    "2010-12-31": {
        "Diluted EPS": -0.5,
        "Total Revenue": 25,
        "Gross Profit": 22,
        "Operating Income": 18,
        "EBIT": NaN,
        "Net Income": -11
    },
    "2010-09-30": {
        "Diluted EPS": -0.45,
        "Total Revenue": 26,
        "Gross Profit": 21,
        "Operating Income": 12,
        "EBIT": NaN,
        "Net Income": -9
    },
    "2010-06-30": {
        "Diluted EPS": -1.25,
        "Total Revenue": 27,
        "Gross Profit": 22,
        "Operating Income": 5,
        "EBIT": NaN,
        "Net Income": -15
    },
    "2010-03-31": {
        "Diluted EPS": -0.2,
        "Total Revenue": 29,
        "Gross Profit": 23,
        "Operating Income": 21,
        "EBIT": NaN,
        "Net Income": -3
    },
    "2009-12-31": {
        "Diluted EPS": 0.6,
        "Total Revenue": 29,
        "Gross Profit": 23,
        "Operating Income": -9,
        "EBIT": NaN,
        "Net Income": -39
    },
    "2009-09-30": {
        "Diluted EPS": -6.05,
        "Total Revenue": 31,
        "Gross Profit": 25,
        "Operating Income": -41,
        "EBIT": NaN,
        "Net Income": -42
    },
    "2009-06-30": {
        "Diluted EPS": -16.75,
        "Total Revenue": 33,
        "Gross Profit": 26,
        "Operating Income": -72,
        "EBIT": NaN,
        "Net Income": -64
    },
    "2009-03-31": {
        "Diluted EPS": -1.5,
        "Total Revenue": 32,
        "Gross Profit": 23,
        "Operating Income": 12,
        "EBIT": NaN,
        "Net Income": -6
    },
    "2023-09-30": {
        "Tax Effect Of Unusual Items": 0.0,
        "Tax Rate For Calcs": 0.224154,
        "Net Income From Continuing Operation Net Minority Interest": 31414000.0,
        "Reconciled Depreciation": 7457000.0,
        "Net Interest Income": 119306000.0,
        "Interest Expense": 60540000.0,
        "Interest Income": 179846000.0,
        "Normalized Income": 31414000.0,
        "Net Income From Continuing And Discontinued Operation": 31414000.0,
        "Diluted Average Shares": 85666000.0,
        "Basic Average Shares": 85142000.0,
        "Diluted EPS": 0.37,
        "Basic EPS": 0.37,
        "Diluted NI Availto Com Stockholders": 31414000.0,
        "Net Income Common Stockholders": 31414000.0,
        "Net Income": 31414000.0,
        "Net Income Including Noncontrolling Interests": 31414000.0,
        "Net Income Continuous Operations": 31414000.0,
        "Tax Provision": 9076000.0,
        "Pretax Income": 40490000.0,
        "Gain On Sale Of Security": -387000.0,
        "Depreciation Amortization Depletion Income Statement": 7457000.0,
        "Depreciation And Amortization In Income Statement": 7457000.0,
        "Amortization": 7457000.0,
        "Amortization Of Intangibles Income Statement": 7457000.0,
        "Selling General And Administration": 57771000.0,
        "Selling And Marketing Expense": 1876000.0,
        "General And Administrative Expense": 55895000.0,
        "Other Gand A": NaN,
        "Insurance And Claims": 2258000.0,
        "Salaries And Wages": 53637000.0,
        "Total Revenue": 137099000.0,
        "Operating Revenue": 137099000.0
    }
}