{
    "2023-03-31": {
        "Tax Effect Of Unusual Items": 0.0,
        "Tax Rate For Calcs": 0.17425,
        "Total Unusual Items": NaN,
        "Total Unusual Items Excluding Goodwill": NaN,
        "Net Income From Continuing Operation Net Minority Interest": 2450000.0,
        "Reconciled Depreciation": 858000.0,
        "Net Interest Income": 10324000.0,
        "Interest Expense": 3500000.0,
        "Interest Income": 13824000.0,
        "Normalized Income": 2450000.0,
        "Net Income From Continuing And Discontinued Operation": 2450000.0,
        "Diluted Average Shares": 7008000.0,
        "Basic Average Shares": 6933000.0,
        "Diluted EPS": 0.35,
        "Basic EPS": 0.35,
        "Diluted NI Availto Com Stockholders": 2450000.0,
        "Net Income Common Stockholders": 2450000.0,
        "Net Income": 2450000.0,
        "Net Income Including Noncontrolling Interests": 2450000.0,
        "Net Income Continuous Operations": 2450000.0,
        "Tax Provision": 517000.0,
        "Pretax Income": 2967000.0,
        "Selling General And Administration": 6299000.0,
        "Selling And Marketing Expense": 198000.0,
        "General And Administrative Expense": 6101000.0,
        "Other Gand A": NaN,
        "Salaries And Wages": 6101000.0,
        "Total Revenue": 13990000.0,
        "Operating Revenue": 13990000.0,
        "Gross Profit": 14,
        "Operating Income": 3,
        "EBIT": NaN
    },
    "2022-12-31": {
        "Tax Effect Of Unusual Items": 3360.497238,
        "Tax Rate For Calcs": 0.186694,
        "Total Unusual Items": 18000.0,
        "Total Unusual Items Excluding Goodwill": 18000.0,
        "Net Income From Continuing Operation Net Minority Interest": 3533000.0,
        "Reconciled Depreciation": 889000.0,
        "Net Interest Income": 10900000.0,
        "Interest Expense": 2037000.0,
        "Interest Income": 12937000.0,
        "Normalized Income": 3518360.497238,
        "Net Income From Continuing And Discontinued Operation": 3533000.0,
        "Diluted Average Shares": 7021000.0,
        "Basic Average Shares": 6945000.0,
        "Diluted EPS": 0.5,
        "Basic EPS": 0.51,
        "Diluted NI Availto Com Stockholders": 3533000.0,
        "Net Income Common Stockholders": 3533000.0,
        "Net Income": 3533000.0,
        "Net Income Including Noncontrolling Interests": 3533000.0,
        "Net Income Continuous Operations": 3533000.0,
        "Tax Provision": 811000.0,
        "Pretax Income": 4344000.0,
        "Selling General And Administration": 6092000.0,
        "Selling And Marketing Expense": 258000.0,
        "General And Administrative Expense": 5834000.0,
        "Other Gand A": NaN,
        "Salaries And Wages": 5834000.0,
        "Total Revenue": 14613000.0,
        "Operating Revenue": 14613000.0,
        "Gross Profit": 15,
        "Operating Income": 4,
        "EBIT": NaN
    },
    "2022-09-30": {
        "Tax Effect Of Unusual Items": -2189.823875,
        "Tax Rate For Calcs": 0.182485,
        "Total Unusual Items": -12000.0,
        "Total Unusual Items Excluding Goodwill": -12000.0,
        "Net Income From Continuing Operation Net Minority Interest": 3342000.0,
        "Reconciled Depreciation": 955000.0,
        "Net Interest Income": 10430000.0,
        "Interest Expense": 1334000.0,
        "Interest Income": 11764000.0,
        "Normalized Income": 3351810.176125,
        "Net Income From Continuing And Discontinued Operation": 3342000.0,
        "Diluted Average Shares": 7033000.0,
        "Basic Average Shares": 6968000.0,
        "Diluted EPS": 0.47,
        "Basic EPS": 0.48,
        "Diluted NI Availto Com Stockholders": 3342000.0,
        "Net Income Common Stockholders": 3342000.0,
        "Net Income": 3342000.0,
        "Net Income Including Noncontrolling Interests": 3342000.0,
        "Net Income Continuous Operations": 3342000.0,
        "Tax Provision": 746000.0,
        "Pretax Income": 4088000.0,
        "Selling General And Administration": 6203000.0,
        "Selling And Marketing Expense": 200000.0,
        "General And Administrative Expense": 6003000.0,
        "Other Gand A": NaN,
        "Salaries And Wages": 6003000.0,
        "Total Revenue": 14473000.0,
        "Operating Revenue": 14473000.0,
        "Gross Profit": 14,
        "Operating Income": 4,
        "EBIT": NaN
    },
    "2022-06-30": {
        "Tax Effect Of Unusual Items": 0.0,
        "Tax Rate For Calcs": 0.181871,
        "Total Unusual Items": 0.0,
        "Total Unusual Items Excluding Goodwill": 0.0,
        "Net Income From Continuing Operation Net Minority Interest": 2834000.0,
        "Reconciled Depreciation": 1058000.0,
        "Net Interest Income": 9593000.0,
        "Interest Expense": 881000.0,
        "Interest Income": 10474000.0,
        "Normalized Income": 2834000.0,
        "Net Income From Continuing And Discontinued Operation": 2834000.0,
        "Diluted Average Shares": 7149000.0,
        "Basic Average Shares": 7075000.0,
        "Diluted EPS": 0.4,
        "Basic EPS": 0.4,
        "Diluted NI Availto Com Stockholders": 2834000.0,
        "Net Income Common Stockholders": 2834000.0,
        "Net Income": 2834000.0,
        "Net Income Including Noncontrolling Interests": 2834000.0,
        "Net Income Continuous Operations": 2834000.0,
        "Tax Provision": 630000.0,
        "Pretax Income": 3464000.0,
        "Selling General And Administration": 6815000.0,
        "Selling And Marketing Expense": 222000.0,
        "General And Administrative Expense": 6593000.0,
        "Other Gand A": 858000.0,
        "Salaries And Wages": 6593000.0,
        "Total Revenue": 14266000.0,
        "Operating Revenue": 14266000.0,
        "Gross Profit": 14,
        "Operating Income": 3,
        "EBIT": NaN
    },
    "2023-06-30": {
        "Tax Effect Of Unusual Items": 2553.966541,
        "Tax Rate For Calcs": 0.170264,
        "Total Unusual Items": 15000.0,
        "Total Unusual Items Excluding Goodwill": 15000.0,
        "Net Income From Continuing Operation Net Minority Interest": 3075000.0,
        "Reconciled Depreciation": NaN,
        "Net Interest Income": 9829000.0,
        "Interest Expense": 4577000.0,
        "Interest Income": 14406000.0,
        "Normalized Income": 3062553.966541,
        "Net Income From Continuing And Discontinued Operation": 3075000.0,
        "Diluted Average Shares": 6910000.0,
        "Basic Average Shares": 6847000.0,
        "Diluted EPS": 0.44,
        "Basic EPS": 0.45,
        "Diluted NI Availto Com Stockholders": 3075000.0,
        "Net Income Common Stockholders": 3075000.0,
        "Net Income": 3075000.0,
        "Net Income Including Noncontrolling Interests": 3075000.0,
        "Net Income Continuous Operations": 3075000.0,
        "Tax Provision": 631000.0,
        "Pretax Income": 3706000.0,
        "Selling General And Administration": 6090000.0,
        "Selling And Marketing Expense": 213000.0,
        "General And Administrative Expense": 5877000.0,
        "Other Gand A": NaN,
        "Salaries And Wages": 5877000.0,
        "Total Revenue": 14190000.0,
        "Operating Revenue": 14190000.0
    },
    "2022-03-31": {
        "Diluted EPS": 0.4,
        "Total Revenue": 15,
        "Gross Profit": 14,
        "Operating Income": 3,
        "EBIT": NaN,
        "Net Income": 3
    },
    "2021-12-31": {
        "Diluted EPS": 0.49,
        "Total Revenue": 17,
        "Gross Profit": 16,
        "Operating Income": 4,
        "EBIT": NaN,
        "Net Income": 3
    },
    "2021-09-30": {
        "Diluted EPS": 0.58,
        "Total Revenue": 18,
        "Gross Profit": 17,
        "Operating Income": 5,
        "EBIT": NaN,
        "Net Income": 4
    },
    "2021-06-30": {
        "Diluted EPS": 0.52,
        "Total Revenue": 17,
        "Gross Profit": 16,
        "Operating Income": 5,
        "EBIT": NaN,
        "Net Income": 4
    },
    "2021-03-31": {
        "Diluted EPS": 0.97,
        "Total Revenue": 22,
        "Gross Profit": 21,
        "Operating Income": 9,
        "EBIT": NaN,
        "Net Income": 7
    },
    "2020-12-31": {
        "Diluted EPS": 0.77,
        "Total Revenue": 19,
        "Gross Profit": 18,
        "Operating Income": 7,
        "EBIT": NaN,
        "Net Income": 5
    },
    "2020-09-30": {
        "Diluted EPS": 0.66,
        "Total Revenue": 21,
        "Gross Profit": 20,
        "Operating Income": 7,
        "EBIT": NaN,
        "Net Income": 5
    },
    "2020-06-30": {
        "Diluted EPS": 0.45,
        "Total Revenue": 19,
        "Gross Profit": 17,
        "Operating Income": 5,
        "EBIT": NaN,
        "Net Income": 4
    },
    "2020-03-31": {
        "Diluted EPS": 0.09,
        "Total Revenue": 13,
        "Gross Profit": 11,
        "Operating Income": 1,
        "EBIT": NaN,
        "Net Income": 1
    },
    "2019-12-31": {
        "Diluted EPS": 0.4,
        "Total Revenue": 17,
        "Gross Profit": 15,
        "Operating Income": 4,
        "EBIT": NaN,
        "Net Income": 3
    },
    "2019-09-30": {
        "Diluted EPS": 0.46,
        "Total Revenue": 17,
        "Gross Profit": 14,
        "Operating Income": 5,
        "EBIT": NaN,
        "Net Income": 4
    },
    "2019-06-30": {
        "Diluted EPS": 0.31,
        "Total Revenue": 15,
        "Gross Profit": 13,
        "Operating Income": 3,
        "EBIT": NaN,
        "Net Income": 2
    },
    "2019-03-31": {
        "Diluted EPS": 0.27,
        "Total Revenue": 13,
        "Gross Profit": 11,
        "Operating Income": 3,
        "EBIT": NaN,
        "Net Income": 2
    },
    "2018-12-31": {
        "Diluted EPS": 0.35,
        "Total Revenue": 15,
        "Gross Profit": 13,
        "Operating Income": 4,
        "EBIT": NaN,
        "Net Income": 3
    },
    "2018-09-30": {
        "Diluted EPS": 0.37,
        "Total Revenue": 14,
        "Gross Profit": 13,
        "Operating Income": 4,
        "EBIT": NaN,
        "Net Income": 3
    },
    "2018-06-30": {
        "Diluted EPS": 0.38,
        "Total Revenue": 14,
        "Gross Profit": 13,
        "Operating Income": 4,
        "EBIT": NaN,
        "Net Income": 3
    },
    "2018-03-31": {
        "Diluted EPS": 0.33,
        "Total Revenue": 13,
        "Gross Profit": 12,
        "Operating Income": 3,
        "EBIT": NaN,
        "Net Income": 2
    },
    "2017-12-31": {
        "Diluted EPS": 0.6,
        "Total Revenue": 13,
        "Gross Profit": 12,
        "Operating Income": 3,
        "EBIT": NaN,
        "Net Income": 4
    },
    "2017-09-30": {
        "Diluted EPS": 0.41,
        "Total Revenue": 13,
        "Gross Profit": 12,
        "Operating Income": 4,
        "EBIT": NaN,
        "Net Income": 2
    },
    "2017-06-30": {
        "Diluted EPS": 0.35,
        "Total Revenue": 12,
        "Gross Profit": 11,
        "Operating Income": 3,
        "EBIT": NaN,
        "Net Income": 2
    },
    "2017-03-31": {
        "Diluted EPS": 0.3,
        "Total Revenue": 11,
        "Gross Profit": 10,
        "Operating Income": 3,
        "EBIT": NaN,
        "Net Income": 2
    },
    "2016-12-31": {
        "Diluted EPS": 0.35,
        "Total Revenue": 13,
        "Gross Profit": 12,
        "Operating Income": 3,
        "EBIT": NaN,
        "Net Income": 2
    },
    "2016-09-30": {
        "Diluted EPS": 0.38,
        "Total Revenue": 13,
        "Gross Profit": 12,
        "Operating Income": 4,
        "EBIT": NaN,
        "Net Income": 2
    },
    "2016-06-30": {
        "Diluted EPS": 0.33,
        "Total Revenue": 12,
        "Gross Profit": 11,
        "Operating Income": 3,
        "EBIT": NaN,
        "Net Income": 2
    },
    "2016-03-31": {
        "Diluted EPS": 0.25,
        "Total Revenue": 10,
        "Gross Profit": 10,
        "Operating Income": 2,
        "EBIT": NaN,
        "Net Income": 1
    },
    "2015-12-31": {
        "Diluted EPS": 0.29,
        "Total Revenue": 10,
        "Gross Profit": 10,
        "Operating Income": 3,
        "EBIT": NaN,
        "Net Income": 2
    },
    "2015-09-30": {
        "Diluted EPS": 0.33,
        "Total Revenue": 11,
        "Gross Profit": 10,
        "Operating Income": 3,
        "EBIT": NaN,
        "Net Income": 2
    },
    "2015-06-30": {
        "Diluted EPS": 0.3,
        "Total Revenue": 11,
        "Gross Profit": 10,
        "Operating Income": 3,
        "EBIT": NaN,
        "Net Income": 2
    },
    "2015-03-31": {
        "Diluted EPS": 0.22,
        "Total Revenue": 10,
        "Gross Profit": 9,
        "Operating Income": 2,
        "EBIT": NaN,
        "Net Income": 1
    },
    "2014-12-31": {
        "Diluted EPS": 0.3,
        "Total Revenue": 9,
        "Gross Profit": 9,
        "Operating Income": 2,
        "EBIT": NaN,
        "Net Income": 2
    },
    "2014-09-30": {
        "Diluted EPS": 0.3,
        "Total Revenue": 10,
        "Gross Profit": 9,
        "Operating Income": 2,
        "EBIT": NaN,
        "Net Income": 2
    },
    "2014-06-30": {
        "Diluted EPS": 0.24,
        "Total Revenue": 9,
        "Gross Profit": 9,
        "Operating Income": 2,
        "EBIT": NaN,
        "Net Income": 1
    },
    "2014-03-31": {
        "Diluted EPS": 0.19,
        "Total Revenue": 8,
        "Gross Profit": 7,
        "Operating Income": 1,
        "EBIT": NaN,
        "Net Income": 1
    },
    "2013-12-31": {
        "Diluted EPS": 0.24,
        "Total Revenue": 9,
        "Gross Profit": 8,
        "Operating Income": 2,
        "EBIT": NaN,
        "Net Income": 1
    },
    "2013-09-30": {
        "Diluted EPS": 0.27,
        "Total Revenue": 10,
        "Gross Profit": 9,
        "Operating Income": 2,
        "EBIT": NaN,
        "Net Income": 1
    },
    "2013-06-30": {
        "Diluted EPS": 0.26,
        "Total Revenue": 10,
        "Gross Profit": 9,
        "Operating Income": 2,
        "EBIT": NaN,
        "Net Income": 1
    },
    "2013-03-31": {
        "Diluted EPS": 0.26,
        "Total Revenue": 10,
        "Gross Profit": 9,
        "Operating Income": 2,
        "EBIT": NaN,
        "Net Income": 1
    },
    "2012-12-31": {
        "Diluted EPS": 0.3,
        "Total Revenue": 11,
        "Gross Profit": 10,
        "Operating Income": 2,
        "EBIT": NaN,
        "Net Income": 2
    },
    "2012-09-30": {
        "Diluted EPS": 0.26,
        "Total Revenue": 10,
        "Gross Profit": 9,
        "Operating Income": 2,
        "EBIT": NaN,
        "Net Income": 1
    },
    "2012-06-30": {
        "Diluted EPS": 0.2,
        "Total Revenue": 10,
        "Gross Profit": 8,
        "Operating Income": 1,
        "EBIT": NaN,
        "Net Income": 1
    },
    "2012-03-31": {
        "Diluted EPS": 0.19,
        "Total Revenue": 10,
        "Gross Profit": 8,
        "Operating Income": 1,
        "EBIT": NaN,
        "Net Income": 1
    },
    "2011-12-31": {
        "Diluted EPS": 0.06,
        "Total Revenue": 10,
        "Gross Profit": 9,
        "Operating Income": 1,
        "EBIT": NaN,
        "Net Income": 0
    },
    "2011-09-30": {
        "Diluted EPS": 0.11,
        "Total Revenue": 9,
        "Gross Profit": 8,
        "Operating Income": 1,
        "EBIT": NaN,
        "Net Income": 1
    },
    "2011-06-30": {
        "Diluted EPS": 0.15,
        "Total Revenue": 12,
        "Gross Profit": 10,
        "Operating Income": 1,
        "EBIT": NaN,
        "Net Income": 1
    },
    "2011-03-31": {
        "Diluted EPS": 0.0,
        "Total Revenue": 10,
        "Gross Profit": 8,
        "Operating Income": 0,
        "EBIT": NaN,
        "Net Income": 0
    },
    "2010-12-31": {
        "Diluted EPS": -1.3,
        "Total Revenue": 12,
        "Gross Profit": 10,
        "Operating Income": -7,
        "EBIT": NaN,
        "Net Income": -7
    },
    "2010-09-30": {
        "Diluted EPS": 0.01,
        "Total Revenue": 12,
        "Gross Profit": 9,
        "Operating Income": 0,
        "EBIT": NaN,
        "Net Income": 0
    },
    "2010-06-30": {
        "Diluted EPS": -1.61,
        "Total Revenue": 12,
        "Gross Profit": 10,
        "Operating Income": -8,
        "EBIT": NaN,
        "Net Income": -8
    },
    "2010-03-31": {
        "Diluted EPS": -0.16,
        "Total Revenue": 14,
        "Gross Profit": 12,
        "Operating Income": -1,
        "EBIT": NaN,
        "Net Income": -1
    },
    "2009-12-31": {
        "Diluted EPS": -0.37,
        "Total Revenue": 15,
        "Gross Profit": 12,
        "Operating Income": -2,
        "EBIT": NaN,
        "Net Income": -2
    },
    "2009-09-30": {
        "Diluted EPS": 0.03,
        "Total Revenue": 15,
        "Gross Profit": 12,
        "Operating Income": 0,
        "EBIT": NaN,
        "Net Income": 0
    },
    "2009-06-30": {
        "Diluted EPS": 0.19,
        "Total Revenue": 16,
        "Gross Profit": 13,
        "Operating Income": 1,
        "EBIT": NaN,
        "Net Income": 1
    },
    "2009-03-31": {
        "Diluted EPS": 0.22,
        "Total Revenue": 16,
        "Gross Profit": 12,
        "Operating Income": 1,
        "EBIT": NaN,
        "Net Income": 1
    }
}