{
    "2023-03-31": {
        "Tax Effect Of Unusual Items": NaN,
        "Tax Rate For Calcs": NaN,
        "Normalized EBITDA": NaN,
        "Total Unusual Items": NaN,
        "Total Unusual Items Excluding Goodwill": NaN,
        "Net Income From Continuing Operation Net Minority Interest": NaN,
        "Reconciled Depreciation": NaN,
        "Reconciled Cost Of Revenue": NaN,
        "EBITDA": NaN,
        "EBIT": NaN,
        "Net Interest Income": NaN,
        "Interest Expense": NaN,
        "Interest Income": NaN,
        "Normalized Income": NaN,
        "Net Income From Continuing And Discontinued Operation": NaN,
        "Total Expenses": NaN,
        "Total Operating Income As Reported": NaN,
        "Diluted Average Shares": NaN,
        "Basic Average Shares": NaN,
        "Diluted EPS": NaN,
        "Basic EPS": NaN,
        "Diluted NI Availto Com Stockholders": NaN,
        "Net Income Common Stockholders": NaN,
        "Net Income": NaN,
        "Net Income Including Noncontrolling Interests": NaN,
        "Net Income Continuous Operations": NaN,
        "Earnings From Equity Interest Net Of Tax": NaN,
        "Tax Provision": NaN,
        "Pretax Income": NaN,
        "Other Income Expense": NaN,
        "Other Non Operating Income Expenses": -155000.0,
        "Special Income Charges": NaN,
        "Gain On Sale Of Ppe": NaN,
        "Other Special Charges": NaN,
        "Write Off": NaN,
        "Impairment Of Capital Assets": NaN,
        "Gain On Sale Of Security": NaN,
        "Net Non Operating Interest Income Expense": NaN,
        "Total Other Finance Cost": 1395000.0,
        "Interest Expense Non Operating": NaN,
        "Interest Income Non Operating": NaN,
        "Operating Income": NaN,
        "Operating Expense": NaN,
        "Other Operating Expenses": NaN,
        "Selling General And Administration": NaN,
        "General And Administrative Expense": NaN,
        "Other Gand A": NaN,
        "Gross Profit": NaN,
        "Cost Of Revenue": NaN,
        "Total Revenue": NaN,
        "Operating Revenue": NaN
    },
    "2022-12-31": {
        "Tax Effect Of Unusual Items": NaN,
        "Tax Rate For Calcs": NaN,
        "Normalized EBITDA": NaN,
        "Total Unusual Items": NaN,
        "Total Unusual Items Excluding Goodwill": NaN,
        "Net Income From Continuing Operation Net Minority Interest": NaN,
        "Reconciled Depreciation": NaN,
        "Reconciled Cost Of Revenue": NaN,
        "EBITDA": NaN,
        "EBIT": NaN,
        "Net Interest Income": NaN,
        "Interest Expense": NaN,
        "Interest Income": NaN,
        "Normalized Income": NaN,
        "Net Income From Continuing And Discontinued Operation": NaN,
        "Total Expenses": NaN,
        "Total Operating Income As Reported": NaN,
        "Diluted Average Shares": NaN,
        "Basic Average Shares": NaN,
        "Diluted EPS": NaN,
        "Basic EPS": NaN,
        "Diluted NI Availto Com Stockholders": NaN,
        "Net Income Common Stockholders": NaN,
        "Net Income": NaN,
        "Net Income Including Noncontrolling Interests": NaN,
        "Net Income Continuous Operations": NaN,
        "Earnings From Equity Interest Net Of Tax": NaN,
        "Tax Provision": NaN,
        "Pretax Income": NaN,
        "Other Income Expense": NaN,
        "Other Non Operating Income Expenses": -1318000.0,
        "Special Income Charges": NaN,
        "Gain On Sale Of Ppe": NaN,
        "Other Special Charges": NaN,
        "Write Off": NaN,
        "Impairment Of Capital Assets": NaN,
        "Gain On Sale Of Security": NaN,
        "Net Non Operating Interest Income Expense": NaN,
        "Total Other Finance Cost": 1393000.0,
        "Interest Expense Non Operating": NaN,
        "Interest Income Non Operating": NaN,
        "Operating Income": NaN,
        "Operating Expense": NaN,
        "Other Operating Expenses": NaN,
        "Selling General And Administration": NaN,
        "General And Administrative Expense": NaN,
        "Other Gand A": NaN,
        "Gross Profit": NaN,
        "Cost Of Revenue": NaN,
        "Total Revenue": NaN,
        "Operating Revenue": NaN
    },
    "2022-06-30": {
        "Tax Effect Of Unusual Items": 0.0,
        "Tax Rate For Calcs": 0.0,
        "Normalized EBITDA": 250994000.0,
        "Total Unusual Items": -175000.0,
        "Total Unusual Items Excluding Goodwill": -175000.0,
        "Net Income From Continuing Operation Net Minority Interest": 200146000.0,
        "Reconciled Depreciation": 39008000.0,
        "Reconciled Cost Of Revenue": 188111000.0,
        "EBITDA": 250819000.0,
        "EBIT": 211811000.0,
        "Net Interest Income": -13438000.0,
        "Interest Expense": 11672000.0,
        "Interest Income": -200000.0,
        "Normalized Income": 200321000.0,
        "Net Income From Continuing And Discontinued Operation": 200146000.0,
        "Total Expenses": 203582000.0,
        "Total Operating Income As Reported": 212436000.0,
        "Diluted Average Shares": 102473028.0,
        "Basic Average Shares": 102067113.0,
        "Diluted EPS": 1.95,
        "Basic EPS": 1.96,
        "Diluted NI Availto Com Stockholders": 200146000.0,
        "Net Income Common Stockholders": 200146000.0,
        "Net Income": 200146000.0,
        "Net Income Including Noncontrolling Interests": 200146000.0,
        "Net Income Continuous Operations": 200146000.0,
        "Earnings From Equity Interest Net Of Tax": 7000.0,
        "Tax Provision": 0.0,
        "Pretax Income": 200139000.0,
        "Other Income Expense": -175000.0,
        "Other Non Operating Income Expenses": NaN,
        "Special Income Charges": 129000.0,
        "Gain On Sale Of Ppe": NaN,
        "Other Special Charges": NaN,
        "Write Off": NaN,
        "Impairment Of Capital Assets": NaN,
        "Earnings From Equity Interest": NaN,
        "Gain On Sale Of Security": -304000.0,
        "Net Non Operating Interest Income Expense": -13438000.0,
        "Total Other Finance Cost": 1566000.0,
        "Interest Expense Non Operating": 11672000.0,
        "Interest Income Non Operating": -200000.0,
        "Operating Income": 213752000.0,
        "Operating Expense": 15471000.0,
        "Other Operating Expenses": -1676000.0,
        "Selling General And Administration": 17147000.0,
        "General And Administrative Expense": 17147000.0,
        "Other Gand A": 17147000.0,
        "Gross Profit": 229223000.0,
        "Cost Of Revenue": 188111000.0,
        "Total Revenue": 417334000.0,
        "Operating Revenue": 417334000.0
    },
    "2022-09-30": {
        "Tax Effect Of Unusual Items": NaN,
        "Tax Rate For Calcs": NaN,
        "Normalized EBITDA": NaN,
        "Total Unusual Items": NaN,
        "Total Unusual Items Excluding Goodwill": NaN,
        "Net Income From Continuing Operation Net Minority Interest": NaN,
        "Reconciled Depreciation": NaN,
        "Reconciled Cost Of Revenue": NaN,
        "EBITDA": NaN,
        "EBIT": NaN,
        "Net Interest Income": NaN,
        "Interest Expense": NaN,
        "Interest Income": NaN,
        "Normalized Income": NaN,
        "Net Income From Continuing And Discontinued Operation": NaN,
        "Total Expenses": NaN,
        "Total Operating Income As Reported": NaN,
        "Diluted Average Shares": NaN,
        "Basic Average Shares": NaN,
        "Diluted EPS": NaN,
        "Basic EPS": NaN,
        "Diluted NI Availto Com Stockholders": NaN,
        "Net Income Common Stockholders": NaN,
        "Net Income": NaN,
        "Net Income Including Noncontrolling Interests": NaN,
        "Net Income Continuous Operations": NaN,
        "Earnings From Equity Interest Net Of Tax": NaN,
        "Tax Provision": NaN,
        "Pretax Income": NaN,
        "Other Income Expense": NaN,
        "Other Non Operating Income Expenses": -288000.0,
        "Special Income Charges": NaN,
        "Gain On Sale Of Ppe": 0.0,
        "Other Special Charges": NaN,
        "Write Off": NaN,
        "Impairment Of Capital Assets": 0.0,
        "Gain On Sale Of Security": NaN,
        "Net Non Operating Interest Income Expense": NaN,
        "Total Other Finance Cost": NaN,
        "Interest Expense Non Operating": NaN,
        "Interest Income Non Operating": NaN,
        "Operating Income": NaN,
        "Operating Expense": NaN,
        "Other Operating Expenses": NaN,
        "Selling General And Administration": NaN,
        "General And Administrative Expense": NaN,
        "Other Gand A": NaN,
        "Gross Profit": NaN,
        "Cost Of Revenue": NaN,
        "Total Revenue": NaN,
        "Operating Revenue": NaN
    },
    "2022-03-31": {
        "Diluted EPS": 1.67,
        "Total Revenue": 361,
        "Gross Profit": 237,
        "Operating Income": 182,
        "EBIT": 221,
        "Net Income": 170
    },
    "2021-12-31": {
        "Diluted EPS": 2.98,
        "Total Revenue": 500,
        "Gross Profit": 364,
        "Operating Income": 314,
        "EBIT": 314,
        "Net Income": 300
    },
    "2021-09-30": {
        "Diluted EPS": 2.15,
        "Total Revenue": 416,
        "Gross Profit": 291,
        "Operating Income": 235,
        "EBIT": 235,
        "Net Income": 220
    },
    "2021-06-30": {
        "Diluted EPS": 1.22,
        "Total Revenue": 311,
        "Gross Profit": 194,
        "Operating Income": 142,
        "EBIT": 180,
        "Net Income": 124
    },
    "2021-03-31": {
        "Diluted EPS": 0.36,
        "Total Revenue": 200,
        "Gross Profit": 98,
        "Operating Income": 48,
        "EBIT": 84,
        "Net Income": 36
    },
    "2020-12-31": {
        "Diluted EPS": 0.29,
        "Total Revenue": 186,
        "Gross Profit": 92,
        "Operating Income": 44,
        "EBIT": 44,
        "Net Income": 28
    },
    "2020-09-30": {
        "Diluted EPS": 0.24,
        "Total Revenue": 200,
        "Gross Profit": 95,
        "Operating Income": 43,
        "EBIT": 43,
        "Net Income": 23
    },
    "2020-06-30": {
        "Diluted EPS": -0.46,
        "Total Revenue": 146,
        "Gross Profit": 31,
        "Operating Income": -26,
        "EBIT": 9,
        "Net Income": -44
    },
    "2020-03-31": {
        "Diluted EPS": 0.03,
        "Total Revenue": 161,
        "Gross Profit": 41,
        "Operating Income": 23,
        "EBIT": 58,
        "Net Income": 3
    },
    "2019-12-31": {
        "Diluted EPS": 0.27,
        "Total Revenue": 249,
        "Gross Profit": 97,
        "Operating Income": 46,
        "EBIT": 46,
        "Net Income": 23
    },
    "2019-09-30": {
        "Diluted EPS": 0.06,
        "Total Revenue": 248,
        "Gross Profit": 76,
        "Operating Income": 29,
        "EBIT": 29,
        "Net Income": 6
    },
    "2019-06-30": {
        "Diluted EPS": -0.44,
        "Total Revenue": 158,
        "Gross Profit": 32,
        "Operating Income": -18,
        "EBIT": -18,
        "Net Income": -40
    },
    "2019-03-31": {
        "Diluted EPS": -0.06,
        "Total Revenue": 166,
        "Gross Profit": 50,
        "Operating Income": 17,
        "EBIT": 17,
        "Net Income": -5
    },
    "2018-12-31": {
        "Diluted EPS": 0.14,
        "Total Revenue": 209,
        "Gross Profit": 96,
        "Operating Income": 34,
        "EBIT": 34,
        "Net Income": 12
    },
    "2018-09-30": {
        "Diluted EPS": 0.3,
        "Total Revenue": 188,
        "Gross Profit": 90,
        "Operating Income": 47,
        "EBIT": 47,
        "Net Income": 26
    },
    "2018-06-30": {
        "Diluted EPS": 0.17,
        "Total Revenue": 133,
        "Gross Profit": 59,
        "Operating Income": 27,
        "EBIT": 27,
        "Net Income": 11
    },
    "2018-03-31": {
        "Diluted EPS": 0.15,
        "Total Revenue": 121,
        "Gross Profit": 54,
        "Operating Income": 23,
        "EBIT": 23,
        "Net Income": 10
    },
    "2017-12-31": {
        "Diluted EPS": 0.38,
        "Total Revenue": 108,
        "Gross Profit": 64,
        "Operating Income": 37,
        "EBIT": 37,
        "Net Income": 24
    },
    "2017-09-30": {
        "Diluted EPS": -0.12,
        "Total Revenue": 81,
        "Gross Profit": 35,
        "Operating Income": 5,
        "EBIT": 5,
        "Net Income": -7
    },
    "2017-06-30": {
        "Diluted EPS": -0.16,
        "Total Revenue": 79,
        "Gross Profit": 34,
        "Operating Income": 2,
        "EBIT": 23,
        "Net Income": -10
    },
    "2017-03-31": {
        "Diluted EPS": -0.26,
        "Total Revenue": 65,
        "Gross Profit": 23,
        "Operating Income": -5,
        "EBIT": 15,
        "Net Income": -16
    },
    "2016-12-31": {
        "Diluted EPS": -0.52,
        "Total Revenue": 63,
        "Gross Profit": 22,
        "Operating Income": -23,
        "EBIT": -23,
        "Net Income": -33
    },
    "2016-09-30": {
        "Diluted EPS": -0.86,
        "Total Revenue": 60,
        "Gross Profit": 17,
        "Operating Income": -30,
        "EBIT": -30,
        "Net Income": -39
    },
    "2016-06-30": {
        "Diluted EPS": -0.75,
        "Total Revenue": 53,
        "Gross Profit": 9,
        "Operating Income": -21,
        "EBIT": -21,
        "Net Income": -33
    },
    "2016-03-31": {
        "Diluted EPS": -1.11,
        "Total Revenue": 46,
        "Gross Profit": 0,
        "Operating Income": -35,
        "EBIT": -13,
        "Net Income": -49
    },
    "2015-12-31": {
        "Diluted EPS": 0.0,
        "Total Revenue": NaN,
        "Gross Profit": NaN,
        "Operating Income": NaN,
        "EBIT": NaN,
        "Net Income": NaN
    },
    "2015-09-30": {
        "Diluted EPS": -0.95,
        "Total Revenue": 69,
        "Gross Profit": 11,
        "Operating Income": -31,
        "EBIT": -31,
        "Net Income": -42
    },
    "2015-03-31": {
        "Diluted EPS": -1.31,
        "Total Revenue": 46,
        "Gross Profit": -3,
        "Operating Income": -34,
        "EBIT": -11,
        "Net Income": -40
    },
    "2014-12-31": {
        "Diluted EPS": -0.37,
        "Total Revenue": 66,
        "Gross Profit": 22,
        "Operating Income": -2,
        "EBIT": -2,
        "Net Income": -8
    },
    "2014-09-30": {
        "Diluted EPS": 0.02,
        "Total Revenue": 37,
        "Gross Profit": 5,
        "Operating Income": 1,
        "EBIT": 1,
        "Net Income": 0
    },
    "2014-06-30": {
        "Diluted EPS": -0.5,
        "Total Revenue": 25,
        "Gross Profit": 11,
        "Operating Income": -1,
        "EBIT": -1,
        "Net Income": -3
    },
    "2014-03-31": {
        "Diluted EPS": -0.15,
        "Total Revenue": 20,
        "Gross Profit": 9,
        "Operating Income": 0,
        "EBIT": 0,
        "Net Income": -1
    },
    "2013-12-31": {
        "Diluted EPS": -1.1,
        "Total Revenue": 16,
        "Gross Profit": 8,
        "Operating Income": 1,
        "EBIT": 7,
        "Net Income": 0
    },
    "2013-09-30": {
        "Diluted EPS": -0.05,
        "Total Revenue": 18,
        "Gross Profit": 7,
        "Operating Income": 1,
        "EBIT": 7,
        "Net Income": 0
    },
    "2013-06-30": {
        "Diluted EPS": 0.75,
        "Total Revenue": 17,
        "Gross Profit": 8,
        "Operating Income": 3,
        "EBIT": 8,
        "Net Income": 1
    },
    "2013-03-31": {
        "Diluted EPS": 1.05,
        "Total Revenue": 18,
        "Gross Profit": 9,
        "Operating Income": 3,
        "EBIT": 9,
        "Net Income": 1
    },
    "2012-12-31": {
        "Diluted EPS": -1.75,
        "Total Revenue": 18,
        "Gross Profit": 6,
        "Operating Income": 0,
        "EBIT": 0,
        "Net Income": -1
    },
    "2012-09-30": {
        "Diluted EPS": -285.75,
        "Total Revenue": 18,
        "Gross Profit": 7,
        "Operating Income": -307,
        "EBIT": -307,
        "Net Income": -309
    },
    "2012-06-30": {
        "Diluted EPS": -4.2,
        "Total Revenue": 22,
        "Gross Profit": 9,
        "Operating Income": -3,
        "EBIT": 8,
        "Net Income": -5
    },
    "2012-03-31": {
        "Diluted EPS": 0.1,
        "Total Revenue": 28,
        "Gross Profit": 12,
        "Operating Income": 2,
        "EBIT": 14,
        "Net Income": 0
    },
    "2011-12-31": {
        "Diluted EPS": -74.77,
        "Total Revenue": 29,
        "Gross Profit": 14,
        "Operating Income": -68,
        "EBIT": -52,
        "Net Income": -70
    },
    "2011-09-30": {
        "Diluted EPS": -2.95,
        "Total Revenue": 26,
        "Gross Profit": 14,
        "Operating Income": -2,
        "EBIT": 11,
        "Net Income": -3
    },
    "2011-06-30": {
        "Diluted EPS": 2.02,
        "Total Revenue": 23,
        "Gross Profit": 12,
        "Operating Income": 2,
        "EBIT": 2,
        "Net Income": 2
    },
    "2011-03-31": {
        "Diluted EPS": 2.25,
        "Total Revenue": 30,
        "Gross Profit": 17,
        "Operating Income": 3,
        "EBIT": 3,
        "Net Income": 2
    },
    "2010-12-31": {
        "Diluted EPS": 25.23,
        "Total Revenue": 32,
        "Gross Profit": 19,
        "Operating Income": 22,
        "EBIT": 22,
        "Net Income": 21
    },
    "2010-09-30": {
        "Diluted EPS": 1.5,
        "Total Revenue": 30,
        "Gross Profit": 15,
        "Operating Income": 2,
        "EBIT": 2,
        "Net Income": 1
    },
    "2010-06-30": {
        "Diluted EPS": 7.5,
        "Total Revenue": 30,
        "Gross Profit": 23,
        "Operating Income": 7,
        "EBIT": 7,
        "Net Income": 6
    },
    "2010-03-31": {
        "Diluted EPS": -40.48,
        "Total Revenue": 29,
        "Gross Profit": 19,
        "Operating Income": -32,
        "EBIT": -32,
        "Net Income": -33
    },
    "2009-12-31": {
        "Diluted EPS": -6.0,
        "Total Revenue": 31,
        "Gross Profit": 15,
        "Operating Income": -3,
        "EBIT": -3,
        "Net Income": -5
    },
    "2009-09-30": {
        "Diluted EPS": -89.21,
        "Total Revenue": 34,
        "Gross Profit": 22,
        "Operating Income": -71,
        "EBIT": -71,
        "Net Income": -73
    },
    "2009-06-30": {
        "Diluted EPS": -4.5,
        "Total Revenue": 32,
        "Gross Profit": 17,
        "Operating Income": -1,
        "EBIT": -1,
        "Net Income": -3
    },
    "2009-03-31": {
        "Diluted EPS": 27.74,
        "Total Revenue": 45,
        "Gross Profit": 36,
        "Operating Income": 25,
        "EBIT": 25,
        "Net Income": 22
    },
    "2023-06-30": {
        "Tax Effect Of Unusual Items": NaN,
        "Tax Rate For Calcs": NaN,
        "Normalized EBITDA": NaN,
        "Total Unusual Items": NaN,
        "Total Unusual Items Excluding Goodwill": NaN,
        "Net Income From Continuing Operation Net Minority Interest": NaN,
        "Reconciled Depreciation": NaN,
        "Reconciled Cost Of Revenue": NaN,
        "EBITDA": NaN,
        "EBIT": NaN,
        "Net Interest Income": NaN,
        "Interest Expense": NaN,
        "Interest Income": NaN,
        "Normalized Income": NaN,
        "Net Income From Continuing And Discontinued Operation": NaN,
        "Total Expenses": NaN,
        "Total Operating Income As Reported": NaN,
        "Diluted Average Shares": 102961179.0,
        "Basic Average Shares": 102670975.0,
        "Diluted EPS": 0.43,
        "Basic EPS": 0.43,
        "Diluted NI Availto Com Stockholders": NaN,
        "Net Income Common Stockholders": NaN,
        "Net Income": NaN,
        "Net Income Including Noncontrolling Interests": NaN,
        "Net Income Continuous Operations": NaN,
        "Earnings From Equity Interest Net Of Tax": NaN,
        "Tax Provision": NaN,
        "Pretax Income": NaN,
        "Other Income Expense": NaN,
        "Other Non Operating Income Expenses": NaN,
        "Special Income Charges": NaN,
        "Gain On Sale Of Ppe": NaN,
        "Other Special Charges": NaN,
        "Write Off": NaN,
        "Impairment Of Capital Assets": NaN,
        "Gain On Sale Of Security": NaN,
        "Net Non Operating Interest Income Expense": NaN,
        "Total Other Finance Cost": NaN,
        "Interest Expense Non Operating": NaN,
        "Interest Income Non Operating": NaN,
        "Operating Income": NaN,
        "Operating Expense": NaN,
        "Other Operating Expenses": NaN,
        "Selling General And Administration": NaN,
        "General And Administrative Expense": NaN,
        "Other Gand A": NaN,
        "Gross Profit": NaN,
        "Cost Of Revenue": NaN,
        "Total Revenue": NaN,
        "Operating Revenue": NaN
    },
    "2023-09-30": {
        "Tax Effect Of Unusual Items": 28393.782857,
        "Tax Rate For Calcs": 0.001783,
        "Normalized EBITDA": 80356000.0,
        "Total Unusual Items": 15926000.0,
        "Total Unusual Items Excluding Goodwill": 15926000.0,
        "Net Income From Continuing Operation Net Minority Interest": 43655000.0,
        "Reconciled Depreciation": 34474000.0,
        "Reconciled Cost Of Revenue": 167097000.0,
        "EBITDA": 96282000.0,
        "EBIT": 61808000.0,
        "Net Interest Income": -14386000.0,
        "Interest Expense": 18058000.0,
        "Interest Income": 3672000.0,
        "Normalized Income": 27757393.782857,
        "Net Income From Continuing And Discontinued Operation": 43655000.0,
        "Total Expenses": 180594000.0,
        "Total Operating Income As Reported": 62425000.0,
        "Diluted Average Shares": 96139203.0,
        "Basic Average Shares": 95664267.0,
        "Diluted EPS": 0.45,
        "Basic EPS": 0.46,
        "Diluted NI Availto Com Stockholders": 43655000.0,
        "Net Income Common Stockholders": 43655000.0,
        "Net Income": 43655000.0,
        "Net Income Including Noncontrolling Interests": 43655000.0,
        "Net Income Continuous Operations": 43655000.0,
        "Earnings From Equity Interest Net Of Tax": -17000.0,
        "Tax Provision": 78000.0,
        "Pretax Income": 43750000.0,
        "Other Income Expense": 15643000.0,
        "Other Non Operating Income Expenses": -283000.0,
        "Special Income Charges": 13756000.0,
        "Gain On Sale Of Ppe": 18867000.0,
        "Other Special Charges": 4289000.0,
        "Write Off": 822000.0,
        "Impairment Of Capital Assets": 0.0,
        "Gain On Sale Of Security": 2170000.0,
        "Net Non Operating Interest Income Expense": -14386000.0,
        "Total Other Finance Cost": NaN,
        "Interest Expense Non Operating": 18058000.0,
        "Interest Income Non Operating": 3672000.0,
        "Operating Income": 42493000.0,
        "Operating Expense": 13497000.0,
        "Other Operating Expenses": -148000.0,
        "Selling General And Administration": 13645000.0,
        "General And Administrative Expense": 13645000.0,
        "Other Gand A": 13645000.0,
        "Gross Profit": 55990000.0,
        "Cost Of Revenue": 167097000.0,
        "Total Revenue": 223087000.0,
        "Operating Revenue": 223087000.0
    },
    "2023-12-31": {
        "Tax Effect Of Unusual Items": -1719.29913,
        "Tax Rate For Calcs": 5e-05,
        "Normalized EBITDA": 131554000.0,
        "Total Unusual Items": -34098000.0,
        "Total Unusual Items Excluding Goodwill": -34098000.0,
        "Net Income From Continuing Operation Net Minority Interest": 39707000.0,
        "Reconciled Depreciation": 35759000.0,
        "Reconciled Cost Of Revenue": 174907000.0,
        "EBITDA": 97456000.0,
        "EBIT": 61697000.0,
        "Net Interest Income": 3489000.0,
        "Interest Expense": 22032000.0,
        "Interest Income": 26749000.0,
        "Normalized Income": 73803280.70087,
        "Net Income From Continuing And Discontinued Operation": 39707000.0,
        "Total Expenses": 192844000.0,
        "Total Operating Income As Reported": 59236000.0,
        "Diluted Average Shares": 87364379.0,
        "Basic Average Shares": 86657095.0,
        "Diluted EPS": 0.45,
        "Basic EPS": 0.46,
        "Diluted NI Availto Com Stockholders": 39707000.0,
        "Net Income Common Stockholders": 39707000.0,
        "Net Income": 39707000.0,
        "Net Income Including Noncontrolling Interests": 39707000.0,
        "Net Income Continuous Operations": 39707000.0,
        "Earnings From Equity Interest Net Of Tax": 44000.0,
        "Tax Provision": 2000.0,
        "Pretax Income": 39665000.0,
        "Other Income Expense": -34441000.0,
        "Other Non Operating Income Expenses": -343000.0,
        "Special Income Charges": -3297000.0,
        "Gain On Sale Of Ppe": 10566000.0,
        "Other Special Charges": -28000.0,
        "Write Off": 3753000.0,
        "Impairment Of Capital Assets": 10138000.0,
        "Gain On Sale Of Security": -30801000.0,
        "Net Non Operating Interest Income Expense": 3489000.0,
        "Total Other Finance Cost": 1228000.0,
        "Interest Expense Non Operating": 22032000.0,
        "Interest Income Non Operating": 26749000.0,
        "Operating Income": 70617000.0,
        "Operating Expense": 17937000.0,
        "Other Operating Expenses": -156000.0,
        "Selling General And Administration": 18093000.0,
        "General And Administrative Expense": 18093000.0,
        "Other Gand A": 18093000.0,
        "Gross Profit": 88554000.0,
        "Cost Of Revenue": 174907000.0,
        "Total Revenue": 263461000.0,
        "Operating Revenue": 263461000.0
    },
    "2024-03-31": {
        "Tax Effect Of Unusual Items": 529760.0,
        "Tax Rate For Calcs": 0.22,
        "Normalized EBITDA": 125059000.0,
        "Total Unusual Items": 2408000.0,
        "Total Unusual Items Excluding Goodwill": 2408000.0,
        "Net Income From Continuing Operation Net Minority Interest": 74856000.0,
        "Reconciled Depreciation": 31990000.0,
        "Reconciled Cost Of Revenue": 158607000.0,
        "EBITDA": 127467000.0,
        "EBIT": 95477000.0,
        "Net Interest Income": -19156000.0,
        "Interest Expense": 20701000.0,
        "Interest Income": 2526000.0,
        "Normalized Income": 72977760.0,
        "Net Income From Continuing And Discontinued Operation": 74856000.0,
        "Total Expenses": 167685000.0,
        "Total Operating Income As Reported": 94372000.0,
        "Diluted Average Shares": 84177253.0,
        "Basic Average Shares": 83835611.0,
        "Diluted EPS": 0.89,
        "Basic EPS": 0.89,
        "Diluted NI Availto Com Stockholders": 74856000.0,
        "Net Income Common Stockholders": 74856000.0,
        "Net Income": 74856000.0,
        "Net Income Including Noncontrolling Interests": 74856000.0,
        "Net Income Continuous Operations": 74856000.0,
        "Earnings From Equity Interest Net Of Tax": -26000.0,
        "Tax Provision": -106000.0,
        "Pretax Income": 74776000.0,
        "Other Income Expense": 2227000.0,
        "Other Non Operating Income Expenses": -181000.0,
        "Special Income Charges": 7956000.0,
        "Gain On Sale Of Ppe": 8769000.0,
        "Other Special Charges": 813000.0,
        "Write Off": 0.0,
        "Impairment Of Capital Assets": 0.0,
        "Gain On Sale Of Security": -5548000.0,
        "Net Non Operating Interest Income Expense": -19156000.0,
        "Total Other Finance Cost": 981000.0,
        "Interest Expense Non Operating": 20701000.0,
        "Interest Income Non Operating": 2526000.0,
        "Operating Income": 91705000.0,
        "Operating Expense": 9078000.0,
        "Other Operating Expenses": -1617000.0,
        "Selling General And Administration": 10695000.0,
        "General And Administrative Expense": 10695000.0,
        "Other Gand A": 10695000.0,
        "Gross Profit": 100783000.0,
        "Cost Of Revenue": 158607000.0,
        "Total Revenue": 259390000.0,
        "Operating Revenue": 259390000.0
    },
    "2024-06-30": {
        "Tax Effect Of Unusual Items": 3685000.0,
        "Tax Rate For Calcs": 0.22,
        "Normalized EBITDA": 158812000.0,
        "Total Unusual Items": 16750000.0,
        "Total Unusual Items Excluding Goodwill": 16750000.0,
        "Net Income From Continuing Operation Net Minority Interest": 106080000.0,
        "Reconciled Depreciation": 43547000.0,
        "Reconciled Cost Of Revenue": 221115000.0,
        "EBITDA": 175562000.0,
        "EBIT": 132015000.0,
        "Net Interest Income": -22402000.0,
        "Interest Expense": 25982000.0,
        "Interest Income": 4820000.0,
        "Normalized Income": 93015000.0,
        "Net Income From Continuing And Discontinued Operation": 106080000.0,
        "Total Expenses": 241371000.0,
        "Total Operating Income As Reported": 127459000.0,
        "Diluted Average Shares": NaN,
        "Basic Average Shares": NaN,
        "Diluted EPS": NaN,
        "Basic EPS": NaN,
        "Diluted NI Availto Com Stockholders": 106080000.0,
        "Net Income Common Stockholders": 106080000.0,
        "Net Income": 106080000.0,
        "Net Income Including Noncontrolling Interests": 106080000.0,
        "Net Income Continuous Operations": 106080000.0,
        "Earnings From Equity Interest Net Of Tax": 37000.0,
        "Tax Provision": -10000.0,
        "Pretax Income": 106033000.0,
        "Other Income Expense": 16931000.0,
        "Other Non Operating Income Expenses": NaN,
        "Special Income Charges": 13972000.0,
        "Gain On Sale Of Ppe": 14169000.0,
        "Other Special Charges": 197000.0,
        "Write Off": 0.0,
        "Impairment Of Capital Assets": 0.0,
        "Gain On Sale Of Security": 2778000.0,
        "Net Non Operating Interest Income Expense": -22402000.0,
        "Total Other Finance Cost": 1240000.0,
        "Interest Expense Non Operating": 25982000.0,
        "Interest Income Non Operating": 4820000.0,
        "Operating Income": 111504000.0,
        "Operating Expense": 20256000.0,
        "Other Operating Expenses": 776000.0,
        "Selling General And Administration": 19480000.0,
        "General And Administrative Expense": 19480000.0,
        "Other Gand A": 19480000.0,
        "Gross Profit": 131760000.0,
        "Cost Of Revenue": 221115000.0,
        "Total Revenue": 352875000.0,
        "Operating Revenue": 352875000.0
    },
    "2024-09-30": {
        "Tax Effect Of Unusual Items": 0.0,
        "Tax Rate For Calcs": 0.0,
        "Normalized EBITDA": 145951000.0,
        "Total Unusual Items": 4178000.0,
        "Total Unusual Items Excluding Goodwill": 4178000.0,
        "Net Income From Continuing Operation Net Minority Interest": 81272000.0,
        "Reconciled Depreciation": 44483000.0,
        "Reconciled Cost Of Revenue": 230433000.0,
        "EBITDA": 150129000.0,
        "EBIT": 105646000.0,
        "Net Interest Income": -17335000.0,
        "Interest Expense": 24399000.0,
        "Interest Income": 7064000.0,
        "Normalized Income": 77094000.0,
        "Net Income From Continuing And Discontinued Operation": 81272000.0,
        "Total Expenses": 249382000.0,
        "Total Operating Income As Reported": 98940000.0,
        "Diluted Average Shares": 117086980.0,
        "Basic Average Shares": 116634579.0,
        "Diluted EPS": 0.69,
        "Basic EPS": 0.7,
        "Diluted NI Availto Com Stockholders": 81272000.0,
        "Net Income Common Stockholders": 81272000.0,
        "Net Income": 81272000.0,
        "Net Income Including Noncontrolling Interests": 81272000.0,
        "Net Income Continuous Operations": 81272000.0,
        "Earnings From Equity Interest Net Of Tax": 25000.0,
        "Tax Provision": 0.0,
        "Pretax Income": 81247000.0,
        "Other Income Expense": 3687000.0,
        "Other Non Operating Income Expenses": -491000.0,
        "Special Income Charges": 4457000.0,
        "Gain On Sale Of Ppe": 9061000.0,
        "Other Special Charges": 2000.0,
        "Write Off": 4602000.0,
        "Impairment Of Capital Assets": 0.0,
        "Gain On Sale Of Security": -279000.0,
        "Net Non Operating Interest Income Expense": -17335000.0,
        "Total Other Finance Cost": NaN,
        "Interest Expense Non Operating": 24399000.0,
        "Interest Income Non Operating": 7064000.0,
        "Operating Income": 94895000.0,
        "Operating Expense": 18949000.0,
        "Other Operating Expenses": -2668000.0,
        "Selling General And Administration": 21617000.0,
        "General And Administrative Expense": 21617000.0,
        "Other Gand A": 21617000.0,
        "Gross Profit": 113844000.0,
        "Cost Of Revenue": 230433000.0,
        "Total Revenue": 344277000.0,
        "Operating Revenue": 344277000.0
    }
}