{
    "2023-03-31": {
        "Tax Effect Of Unusual Items": 18315550.748533,
        "Tax Rate For Calcs": 0.221031,
        "Normalized EBITDA": 99183000.0,
        "Total Unusual Items": 82864000.0,
        "Total Unusual Items Excluding Goodwill": 82864000.0,
        "Net Income From Continuing Operation Net Minority Interest": 94492000.0,
        "Reconciled Depreciation": 43998000.0,
        "Reconciled Cost Of Revenue": 55518000.0,
        "EBITDA": 182047000.0,
        "EBIT": 138049000.0,
        "Net Interest Income": -16745000.0,
        "Interest Expense": 16745000.0,
        "Normalized Income": 29943550.748533,
        "Net Income From Continuing And Discontinued Operation": 94492000.0,
        "Total Expenses": 84745000.0,
        "Rent Expense Supplemental": 20560000.0,
        "Total Operating Income As Reported": 45824000.0,
        "Diluted Average Shares": 22634000.0,
        "Basic Average Shares": 22440000.0,
        "Diluted EPS": 4.17,
        "Basic EPS": 4.21,
        "Diluted NI Availto Com Stockholders": 94492000.0,
        "Net Income Common Stockholders": 94492000.0,
        "Net Income": 94492000.0,
        "Net Income Including Noncontrolling Interests": 94492000.0,
        "Net Income Continuous Operations": 94492000.0,
        "Tax Provision": 26812000.0,
        "Pretax Income": 121304000.0,
        "Other Income Expense": 82840000.0,
        "Other Non Operating Income Expenses": -24000.0,
        "Special Income Charges": -9385000.0,
        "Restructuring And Mergern Acquisition": 9385000.0,
        "Gain On Sale Of Security": 92249000.0,
        "Net Non Operating Interest Income Expense": -16745000.0,
        "Interest Expense Non Operating": 16745000.0,
        "Operating Income": 55209000.0,
        "Operating Expense": 29227000.0,
        "Other Operating Expenses": 224000.0,
        "Other Taxes": NaN,
        "Selling General And Administration": 29003000.0,
        "General And Administrative Expense": 29003000.0,
        "Other Gand A": 8443000.0,
        "Rent And Landing Fees": 20560000.0,
        "Gross Profit": 84436000.0,
        "Cost Of Revenue": 55518000.0,
        "Total Revenue": 139954000.0,
        "Operating Revenue": 139954000.0
    },
    "2022-12-31": {
        "Tax Effect Of Unusual Items": 920330.119465,
        "Tax Rate For Calcs": 0.010965,
        "Normalized EBITDA": 151552000.0,
        "Total Unusual Items": 83932000.0,
        "Total Unusual Items Excluding Goodwill": 83932000.0,
        "Net Income From Continuing Operation Net Minority Interest": 173360000.0,
        "Reconciled Depreciation": 44886000.0,
        "Reconciled Cost Of Revenue": 55092000.0,
        "EBITDA": 235484000.0,
        "EBIT": 190598000.0,
        "Net Interest Income": -15316000.0,
        "Interest Expense": 15316000.0,
        "Normalized Income": 90348330.119465,
        "Net Income From Continuing And Discontinued Operation": 173360000.0,
        "Total Expenses": 92349000.0,
        "Rent Expense Supplemental": 18233000.0,
        "Total Operating Income As Reported": 106629000.0,
        "Diluted Average Shares": 22677000.0,
        "Basic Average Shares": 22337000.0,
        "Diluted EPS": 7.65,
        "Basic EPS": 7.77,
        "Diluted NI Availto Com Stockholders": 173360000.0,
        "Net Income Common Stockholders": 173360000.0,
        "Net Income": 173360000.0,
        "Net Income Including Noncontrolling Interests": 173360000.0,
        "Net Income Continuous Operations": 173360000.0,
        "Tax Provision": 1922000.0,
        "Pretax Income": 175282000.0,
        "Other Income Expense": 83969000.0,
        "Other Non Operating Income Expenses": 37000.0,
        "Special Income Charges": -11578000.0,
        "Restructuring And Mergern Acquisition": 11578000.0,
        "Gain On Sale Of Security": 83932000.0,
        "Net Non Operating Interest Income Expense": -15316000.0,
        "Interest Expense Non Operating": 15316000.0,
        "Operating Income": 106629000.0,
        "Operating Expense": 37257000.0,
        "Other Operating Expenses": 169000.0,
        "Other Taxes": 11578000.0,
        "Selling General And Administration": 25510000.0,
        "General And Administrative Expense": 25510000.0,
        "Other Gand A": 7277000.0,
        "Rent And Landing Fees": 18233000.0,
        "Gross Profit": 143886000.0,
        "Cost Of Revenue": 55092000.0,
        "Total Revenue": 198978000.0,
        "Operating Revenue": 198978000.0
    },
    "2022-09-30": {
        "Tax Effect Of Unusual Items": -316306.997652,
        "Tax Rate For Calcs": 0.040819,
        "Normalized EBITDA": 210030000.0,
        "Total Unusual Items": -7749000.0,
        "Total Unusual Items Excluding Goodwill": -7749000.0,
        "Net Income From Continuing Operation Net Minority Interest": 142541000.0,
        "Reconciled Depreciation": 41501000.0,
        "Reconciled Cost Of Revenue": 51163000.0,
        "EBITDA": 202281000.0,
        "EBIT": 160780000.0,
        "Net Interest Income": -12173000.0,
        "Interest Expense": 12173000.0,
        "Normalized Income": 149973693.002348,
        "Net Income From Continuing And Discontinued Operation": 142541000.0,
        "Total Expenses": 73657000.0,
        "Rent Expense Supplemental": 17701000.0,
        "Total Operating Income As Reported": 155943000.0,
        "Diluted Average Shares": 22669000.0,
        "Basic Average Shares": 22308000.0,
        "Diluted EPS": 6.29,
        "Basic EPS": 6.39,
        "Diluted NI Availto Com Stockholders": 142541000.0,
        "Net Income Common Stockholders": 142541000.0,
        "Net Income": 142541000.0,
        "Net Income Including Noncontrolling Interests": 142541000.0,
        "Net Income Continuous Operations": 142541000.0,
        "Tax Provision": 6066000.0,
        "Pretax Income": 148607000.0,
        "Other Income Expense": -7744000.0,
        "Other Non Operating Income Expenses": 5000.0,
        "Special Income Charges": -12581000.0,
        "Restructuring And Mergern Acquisition": 12581000.0,
        "Gain On Sale Of Security": 4832000.0,
        "Net Non Operating Interest Income Expense": -12173000.0,
        "Interest Expense Non Operating": 12173000.0,
        "Operating Income": 168524000.0,
        "Operating Expense": 22494000.0,
        "Other Operating Expenses": 166000.0,
        "Other Taxes": NaN,
        "Selling General And Administration": 22328000.0,
        "General And Administrative Expense": 22328000.0,
        "Other Gand A": 4627000.0,
        "Rent And Landing Fees": 17701000.0,
        "Gross Profit": 191018000.0,
        "Cost Of Revenue": 51163000.0,
        "Total Revenue": 242181000.0,
        "Operating Revenue": 242181000.0
    },
    "2022-06-30": {
        "Tax Effect Of Unusual Items": -1511199.536262,
        "Tax Rate For Calcs": 0.046868,
        "Normalized EBITDA": 133302000.0,
        "Total Unusual Items": -32244000.0,
        "Total Unusual Items Excluding Goodwill": -32244000.0,
        "Net Income From Continuing Operation Net Minority Interest": 88790000.0,
        "Reconciled Depreciation": 26441000.0,
        "Reconciled Cost Of Revenue": 33210000.0,
        "EBITDA": 101058000.0,
        "EBIT": 101058000.0,
        "Net Interest Income": -7902000.0,
        "Interest Expense": 7902000.0,
        "Normalized Income": 119522800.463738,
        "Net Income From Continuing And Discontinued Operation": 88790000.0,
        "Total Expenses": 49293000.0,
        "Rent Expense Supplemental": 10270000.0,
        "Total Operating Income As Reported": 123474000.0,
        "Diluted Average Shares": 17938000.0,
        "Basic Average Shares": 17581000.0,
        "Diluted EPS": 4.95,
        "Basic EPS": 5.05,
        "Diluted NI Availto Com Stockholders": 88790000.0,
        "Net Income Common Stockholders": 88790000.0,
        "Net Income": 88790000.0,
        "Net Income Including Noncontrolling Interests": 88790000.0,
        "Net Income Continuous Operations": 88790000.0,
        "Tax Provision": 4366000.0,
        "Pretax Income": 93156000.0,
        "Other Income Expense": -32254000.0,
        "Other Non Operating Income Expenses": -10000.0,
        "Special Income Charges": -9838000.0,
        "Restructuring And Mergern Acquisition": 9838000.0,
        "Gain On Sale Of Security": -22406000.0,
        "Net Non Operating Interest Income Expense": -7902000.0,
        "Interest Expense Non Operating": 7902000.0,
        "Operating Income": 133312000.0,
        "Operating Expense": 16083000.0,
        "Other Operating Expenses": 101000.0,
        "Other Taxes": NaN,
        "Selling General And Administration": 15982000.0,
        "General And Administrative Expense": 15982000.0,
        "Other Gand A": 5712000.0,
        "Rent And Landing Fees": 10270000.0,
        "Gross Profit": 149395000.0,
        "Cost Of Revenue": 33210000.0,
        "Total Revenue": 182605000.0,
        "Operating Revenue": 182605000.0
    },
    "2023-06-30": {
        "Tax Effect Of Unusual Items": 2554909.625867,
        "Tax Rate For Calcs": 0.22767,
        "Normalized EBITDA": 89108000.0,
        "Total Unusual Items": 11222000.0,
        "Total Unusual Items Excluding Goodwill": 11222000.0,
        "Net Income From Continuing Operation Net Minority Interest": 24937000.0,
        "Reconciled Depreciation": 49852000.0,
        "Reconciled Cost Of Revenue": 61624000.0,
        "EBITDA": 100330000.0,
        "EBIT": 50478000.0,
        "Net Interest Income": -18190000.0,
        "Interest Expense": 18190000.0,
        "Normalized Income": 16269909.625867,
        "Net Income From Continuing And Discontinued Operation": 24937000.0,
        "Total Expenses": 87173000.0,
        "Rent Expense Supplemental": 19180000.0,
        "Total Operating Income As Reported": 30456000.0,
        "Diluted Average Shares": 22674000.0,
        "Basic Average Shares": 22615000.0,
        "Diluted EPS": 1.1,
        "Basic EPS": 1.1,
        "Diluted NI Availto Com Stockholders": 24937000.0,
        "Net Income Common Stockholders": 24937000.0,
        "Net Income": 24937000.0,
        "Net Income Including Noncontrolling Interests": 24937000.0,
        "Net Income Continuous Operations": 24937000.0,
        "Tax Provision": 7351000.0,
        "Pretax Income": 32288000.0,
        "Other Income Expense": 11251000.0,
        "Other Non Operating Income Expenses": 29000.0,
        "Special Income Charges": -8771000.0,
        "Restructuring And Mergern Acquisition": 8771000.0,
        "Gain On Sale Of Security": 19993000.0,
        "Net Non Operating Interest Income Expense": -18190000.0,
        "Interest Expense Non Operating": 18190000.0,
        "Operating Income": 39227000.0,
        "Operating Expense": 25549000.0,
        "Other Operating Expenses": 1051000.0,
        "Other Taxes": NaN,
        "Selling General And Administration": 24498000.0,
        "General And Administrative Expense": 24498000.0,
        "Other Gand A": 5318000.0,
        "Rent And Landing Fees": 19180000.0,
        "Gross Profit": 64776000.0,
        "Cost Of Revenue": 61624000.0,
        "Total Revenue": 126400000.0,
        "Operating Revenue": 126400000.0
    },
    "2022-03-31": {
        "Diluted EPS": -3.84,
        "Total Revenue": 130,
        "Gross Profit": 114,
        "Operating Income": 80,
        "EBIT": 101,
        "Net Income": -64
    },
    "2021-12-31": {
        "Diluted EPS": 8.6,
        "Total Revenue": 151,
        "Gross Profit": 136,
        "Operating Income": 98,
        "EBIT": 122,
        "Net Income": 114
    },
    "2021-09-30": {
        "Diluted EPS": -2.85,
        "Total Revenue": 99,
        "Gross Profit": 86,
        "Operating Income": 60,
        "EBIT": 76,
        "Net Income": -36
    },
    "2021-06-30": {
        "Diluted EPS": -1.64,
        "Total Revenue": 70,
        "Gross Profit": 58,
        "Operating Income": 34,
        "EBIT": 50,
        "Net Income": -20
    },
    "2021-03-31": {
        "Diluted EPS": 2.31,
        "Total Revenue": 87,
        "Gross Profit": 75,
        "Operating Income": 54,
        "EBIT": 67,
        "Net Income": 28
    },
    "2020-12-31": {
        "Diluted EPS": 0.78,
        "Total Revenue": 53,
        "Gross Profit": 44,
        "Operating Income": 23,
        "EBIT": 36,
        "Net Income": 9
    },
    "2020-09-30": {
        "Diluted EPS": -0.58,
        "Total Revenue": 46,
        "Gross Profit": 35,
        "Operating Income": 13,
        "EBIT": 27,
        "Net Income": -7
    },
    "2020-06-30": {
        "Diluted EPS": -25.69,
        "Total Revenue": 25,
        "Gross Profit": 15,
        "Operating Income": -267,
        "EBIT": -253,
        "Net Income": -306
    },
    "2020-03-31": {
        "Diluted EPS": -0.5,
        "Total Revenue": 53,
        "Gross Profit": 41,
        "Operating Income": -87,
        "EBIT": -64,
        "Net Income": -6
    },
    "2019-12-31": {
        "Diluted EPS": 0.54,
        "Total Revenue": 70,
        "Gross Profit": 57,
        "Operating Income": 23,
        "EBIT": 49,
        "Net Income": 6
    },
    "2019-09-30": {
        "Diluted EPS": 2.35,
        "Total Revenue": 72,
        "Gross Profit": 60,
        "Operating Income": 25,
        "EBIT": 50,
        "Net Income": 28
    },
    "2019-06-30": {
        "Diluted EPS": 5.49,
        "Total Revenue": 75,
        "Gross Profit": 63,
        "Operating Income": 28,
        "EBIT": 52,
        "Net Income": 65
    },
    "2019-03-31": {
        "Diluted EPS": 1.36,
        "Total Revenue": 72,
        "Gross Profit": 61,
        "Operating Income": 29,
        "EBIT": 51,
        "Net Income": 16
    },
    "2018-12-31": {
        "Diluted EPS": 4.82,
        "Total Revenue": 88,
        "Gross Profit": 76,
        "Operating Income": 44,
        "EBIT": 67,
        "Net Income": 57
    },
    "2018-09-30": {
        "Diluted EPS": 0.6,
        "Total Revenue": 65,
        "Gross Profit": 55,
        "Operating Income": 28,
        "EBIT": 47,
        "Net Income": 7
    },
    "2018-06-30": {
        "Diluted EPS": 0.2,
        "Total Revenue": 51,
        "Gross Profit": 42,
        "Operating Income": 21,
        "EBIT": 34,
        "Net Income": 2
    },
    "2018-03-31": {
        "Diluted EPS": 0.72,
        "Total Revenue": 53,
        "Gross Profit": 43,
        "Operating Income": 21,
        "EBIT": 34,
        "Net Income": 8
    },
    "2017-12-31": {
        "Diluted EPS": 2.15,
        "Total Revenue": 59,
        "Gross Profit": 48,
        "Operating Income": 24,
        "EBIT": 39,
        "Net Income": 25
    },
    "2017-09-30": {
        "Diluted EPS": 1.12,
        "Total Revenue": 49,
        "Gross Profit": 38,
        "Operating Income": 17,
        "EBIT": 30,
        "Net Income": 13
    },
    "2017-06-30": {
        "Diluted EPS": 1.41,
        "Total Revenue": 46,
        "Gross Profit": 36,
        "Operating Income": 16,
        "EBIT": 27,
        "Net Income": 16
    },
    "2017-03-31": {
        "Diluted EPS": 1.57,
        "Total Revenue": 42,
        "Gross Profit": 32,
        "Operating Income": 11,
        "EBIT": 21,
        "Net Income": 18
    },
    "2016-12-31": {
        "Diluted EPS": -9.21,
        "Total Revenue": 43,
        "Gross Profit": 30,
        "Operating Income": -56,
        "EBIT": -46,
        "Net Income": -7
    },
    "2016-09-30": {
        "Diluted EPS": 0.04,
        "Total Revenue": 48,
        "Gross Profit": 34,
        "Operating Income": 5,
        "EBIT": 19,
        "Net Income": 0
    },
    "2016-06-30": {
        "Diluted EPS": 81.03,
        "Total Revenue": 39,
        "Gross Profit": 24,
        "Operating Income": -136,
        "EBIT": -119,
        "Net Income": 810
    },
    "2016-03-31": {
        "Diluted EPS": -2.42,
        "Total Revenue": 34,
        "Gross Profit": 17,
        "Operating Income": -23,
        "EBIT": -4,
        "Net Income": -108
    },
    "2015-12-31": {
        "Diluted EPS": -11.87,
        "Total Revenue": 52,
        "Gross Profit": 30,
        "Operating Income": NaN,
        "EBIT": NaN,
        "Net Income": -529
    },
    "2015-09-30": {
        "Diluted EPS": -7.96,
        "Total Revenue": 60,
        "Gross Profit": 37,
        "Operating Income": -14,
        "EBIT": 23,
        "Net Income": -355
    },
    "2015-06-30": {
        "Diluted EPS": -6.58,
        "Total Revenue": 66,
        "Gross Profit": 44,
        "Operating Income": -14,
        "EBIT": 31,
        "Net Income": -293
    },
    "2015-03-31": {
        "Diluted EPS": -10.79,
        "Total Revenue": 68,
        "Gross Profit": 44,
        "Operating Income": -36,
        "EBIT": 25,
        "Net Income": -477
    },
    "2014-12-31": {
        "Diluted EPS": -6.8,
        "Total Revenue": 110,
        "Gross Profit": 83,
        "Operating Income": 1,
        "EBIT": 69,
        "Net Income": -298
    },
    "2014-09-30": {
        "Diluted EPS": 0.06,
        "Total Revenue": 139,
        "Gross Profit": 112,
        "Operating Income": 24,
        "EBIT": 90,
        "Net Income": 2
    },
    "2014-06-30": {
        "Diluted EPS": 0.15,
        "Total Revenue": 156,
        "Gross Profit": 126,
        "Operating Income": 30,
        "EBIT": 105,
        "Net Income": 7
    },
    "2014-03-31": {
        "Diluted EPS": 0.12,
        "Total Revenue": 144,
        "Gross Profit": 114,
        "Operating Income": 30,
        "EBIT": 94,
        "Net Income": 5
    },
    "2013-12-31": {
        "Diluted EPS": -0.58,
        "Total Revenue": 143,
        "Gross Profit": 115,
        "Operating Income": 27,
        "EBIT": 94,
        "Net Income": -25
    },
    "2013-09-30": {
        "Diluted EPS": 0.17,
        "Total Revenue": 151,
        "Gross Profit": 122,
        "Operating Income": 30,
        "EBIT": 99,
        "Net Income": 7
    },
    "2013-06-30": {
        "Diluted EPS": 0.17,
        "Total Revenue": 144,
        "Gross Profit": 112,
        "Operating Income": 29,
        "EBIT": 91,
        "Net Income": 8
    },
    "2013-03-31": {
        "Diluted EPS": 0.18,
        "Total Revenue": 146,
        "Gross Profit": 115,
        "Operating Income": 30,
        "EBIT": 92,
        "Net Income": 8
    },
    "2012-12-31": {
        "Diluted EPS": 0.28,
        "Total Revenue": 162,
        "Gross Profit": 130,
        "Operating Income": 38,
        "EBIT": 111,
        "Net Income": 12
    },
    "2012-09-30": {
        "Diluted EPS": 0.07,
        "Total Revenue": 129,
        "Gross Profit": 102,
        "Operating Income": 19,
        "EBIT": 78,
        "Net Income": 3
    },
    "2012-06-30": {
        "Diluted EPS": 0.07,
        "Total Revenue": 135,
        "Gross Profit": 105,
        "Operating Income": 18,
        "EBIT": 79,
        "Net Income": 3
    },
    "2012-03-31": {
        "Diluted EPS": 0.08,
        "Total Revenue": 136,
        "Gross Profit": 107,
        "Operating Income": 19,
        "EBIT": 82,
        "Net Income": 4
    },
    "2011-12-31": {
        "Diluted EPS": 0.49,
        "Total Revenue": 155,
        "Gross Profit": 129,
        "Operating Income": 43,
        "EBIT": 98,
        "Net Income": 21
    },
    "2011-09-30": {
        "Diluted EPS": 0.39,
        "Total Revenue": 143,
        "Gross Profit": 116,
        "Operating Income": 36,
        "EBIT": 94,
        "Net Income": 17
    },
    "2011-06-30": {
        "Diluted EPS": 0.95,
        "Total Revenue": 157,
        "Gross Profit": 131,
        "Operating Income": 50,
        "EBIT": 106,
        "Net Income": 41
    },
    "2011-03-31": {
        "Diluted EPS": 0.47,
        "Total Revenue": 144,
        "Gross Profit": 119,
        "Operating Income": 41,
        "EBIT": 94,
        "Net Income": 20
    },
    "2010-12-31": {
        "Diluted EPS": 0.25,
        "Total Revenue": 116,
        "Gross Profit": 94,
        "Operating Income": 26,
        "EBIT": 74,
        "Net Income": 10
    },
    "2010-09-30": {
        "Diluted EPS": 0.24,
        "Total Revenue": 106,
        "Gross Profit": 85,
        "Operating Income": 23,
        "EBIT": 64,
        "Net Income": 9
    },
    "2010-06-30": {
        "Diluted EPS": 0.32,
        "Total Revenue": 107,
        "Gross Profit": 87,
        "Operating Income": 27,
        "EBIT": 66,
        "Net Income": 12
    },
    "2010-03-31": {
        "Diluted EPS": 0.37,
        "Total Revenue": 110,
        "Gross Profit": 91,
        "Operating Income": 31,
        "EBIT": 69,
        "Net Income": 14
    },
    "2009-12-31": {
        "Diluted EPS": 0.6,
        "Total Revenue": 115,
        "Gross Profit": 95,
        "Operating Income": 30,
        "EBIT": 70,
        "Net Income": 15
    },
    "2009-09-30": {
        "Diluted EPS": 0.21,
        "Total Revenue": 96,
        "Gross Profit": 78,
        "Operating Income": 15,
        "EBIT": 56,
        "Net Income": 8
    },
    "2009-06-30": {
        "Diluted EPS": -0.07,
        "Total Revenue": 83,
        "Gross Profit": 64,
        "Operating Income": 6,
        "EBIT": 46,
        "Net Income": -2
    },
    "2009-03-31": {
        "Diluted EPS": -1.91,
        "Total Revenue": 76,
        "Gross Profit": 57,
        "Operating Income": -5,
        "EBIT": 39,
        "Net Income": -59
    }
}