{
    "2023-06-30": {
        "Tax Effect Of Unusual Items": 0.0,
        "Tax Rate For Calcs": 0.155,
        "Total Unusual Items": NaN,
        "Total Unusual Items Excluding Goodwill": NaN,
        "Net Income From Continuing Operation Net Minority Interest": 24893000.0,
        "Reconciled Depreciation": 2653000.0,
        "Net Interest Income": 53916000.0,
        "Interest Expense": 32960000.0,
        "Interest Income": 86876000.0,
        "Normalized Income": 24893000.0,
        "Net Income From Continuing And Discontinued Operation": 24893000.0,
        "Diluted Average Shares": 30754000.0,
        "Basic Average Shares": 30721000.0,
        "Diluted EPS": 0.81,
        "Basic EPS": 0.81,
        "Diluted NI Availto Com Stockholders": 24893000.0,
        "Net Income Common Stockholders": 24893000.0,
        "Net Income": 24893000.0,
        "Net Income Including Noncontrolling Interests": 24893000.0,
        "Net Income Continuous Operations": 24893000.0,
        "Tax Provision": 4568000.0,
        "Pretax Income": 29461000.0,
        "Special Income Charges": NaN,
        "Gain On Sale Of Security": -813000.0,
        "Depreciation Amortization Depletion Income Statement": 442000.0,
        "Depreciation And Amortization In Income Statement": 442000.0,
        "Amortization": 442000.0,
        "Amortization Of Intangibles Income Statement": 442000.0,
        "Selling General And Administration": 23450000.0,
        "Selling And Marketing Expense": 854000.0,
        "General And Administrative Expense": 22596000.0,
        "Insurance And Claims": 1220000.0,
        "Salaries And Wages": 21376000.0,
        "Total Revenue": 64060000.0,
        "Operating Revenue": 64060000.0,
        "Occupancy And Equipment": 3690000.0,
        "Professional Expense And Contract Services Expense": 1192000.0,
        "Other Non Interest Expense": 5899000.0
    },
    "2023-03-31": {
        "Tax Effect Of Unusual Items": 0.0,
        "Tax Rate For Calcs": 0.149,
        "Total Unusual Items": NaN,
        "Total Unusual Items Excluding Goodwill": NaN,
        "Net Income From Continuing Operation Net Minority Interest": 26034000.0,
        "Reconciled Depreciation": 2636000.0,
        "Net Interest Income": 53353000.0,
        "Interest Expense": 27495000.0,
        "Interest Income": 80848000.0,
        "Normalized Income": 26034000.0,
        "Net Income From Continuing And Discontinued Operation": 26034000.0,
        "Diluted Average Shares": 31464000.0,
        "Basic Average Shares": 31372000.0,
        "Diluted EPS": 0.83,
        "Basic EPS": 0.83,
        "Diluted NI Availto Com Stockholders": 26034000.0,
        "Net Income Common Stockholders": 26034000.0,
        "Net Income": 26034000.0,
        "Net Income Including Noncontrolling Interests": 26034000.0,
        "Net Income Continuous Operations": 26034000.0,
        "Tax Provision": 4543000.0,
        "Pretax Income": 30577000.0,
        "Special Income Charges": NaN,
        "Gain On Sale Of Security": 270000.0,
        "Depreciation Amortization Depletion Income Statement": 478000.0,
        "Depreciation And Amortization In Income Statement": 478000.0,
        "Amortization": 478000.0,
        "Amortization Of Intangibles Income Statement": 478000.0,
        "Selling General And Administration": 23450000.0,
        "Selling And Marketing Expense": 1050000.0,
        "General And Administrative Expense": 22400000.0,
        "Insurance And Claims": 544000.0,
        "Salaries And Wages": 21856000.0,
        "Total Revenue": 65031000.0,
        "Operating Revenue": 65031000.0,
        "Occupancy And Equipment": 3734000.0,
        "Professional Expense And Contract Services Expense": 1372000.0,
        "Other Non Interest Expense": 5460000.0
    },
    "2022-12-31": {
        "Tax Effect Of Unusual Items": NaN,
        "Tax Rate For Calcs": NaN,
        "Total Unusual Items": 0.0,
        "Total Unusual Items Excluding Goodwill": 0.0,
        "Net Income From Continuing Operation Net Minority Interest": NaN,
        "Reconciled Depreciation": NaN,
        "Net Interest Income": NaN,
        "Interest Expense": NaN,
        "Interest Income": NaN,
        "Normalized Income": NaN,
        "Net Income From Continuing And Discontinued Operation": NaN,
        "Diluted Average Shares": NaN,
        "Basic Average Shares": NaN,
        "Diluted EPS": NaN,
        "Basic EPS": NaN,
        "Diluted NI Availto Com Stockholders": NaN,
        "Net Income Common Stockholders": NaN,
        "Net Income": NaN,
        "Net Income Including Noncontrolling Interests": NaN,
        "Net Income Continuous Operations": NaN,
        "Tax Provision": NaN,
        "Pretax Income": NaN,
        "Special Income Charges": 0.0,
        "Gain On Sale Of Security": NaN,
        "Depreciation Amortization Depletion Income Statement": NaN,
        "Depreciation And Amortization In Income Statement": NaN,
        "Amortization": NaN,
        "Amortization Of Intangibles Income Statement": NaN,
        "Selling General And Administration": NaN,
        "Selling And Marketing Expense": NaN,
        "General And Administrative Expense": NaN,
        "Insurance And Claims": NaN,
        "Salaries And Wages": NaN,
        "Total Revenue": NaN,
        "Operating Revenue": NaN,
        "Occupancy And Equipment": NaN,
        "Professional Expense And Contract Services Expense": NaN,
        "Other Non Interest Expense": NaN
    },
    "2022-09-30": {
        "Tax Effect Of Unusual Items": NaN,
        "Tax Rate For Calcs": NaN,
        "Total Unusual Items": 0.0,
        "Total Unusual Items Excluding Goodwill": 0.0,
        "Net Income From Continuing Operation Net Minority Interest": NaN,
        "Reconciled Depreciation": NaN,
        "Net Interest Income": NaN,
        "Interest Expense": NaN,
        "Interest Income": NaN,
        "Normalized Income": NaN,
        "Net Income From Continuing And Discontinued Operation": NaN,
        "Diluted Average Shares": NaN,
        "Basic Average Shares": NaN,
        "Diluted EPS": NaN,
        "Basic EPS": NaN,
        "Diluted NI Availto Com Stockholders": NaN,
        "Net Income Common Stockholders": NaN,
        "Net Income": NaN,
        "Net Income Including Noncontrolling Interests": NaN,
        "Net Income Continuous Operations": NaN,
        "Tax Provision": NaN,
        "Pretax Income": NaN,
        "Special Income Charges": 0.0,
        "Gain On Sale Of Security": NaN,
        "Depreciation Amortization Depletion Income Statement": NaN,
        "Depreciation And Amortization In Income Statement": NaN,
        "Amortization": NaN,
        "Amortization Of Intangibles Income Statement": NaN,
        "Selling General And Administration": NaN,
        "Selling And Marketing Expense": NaN,
        "General And Administrative Expense": NaN,
        "Other Gand A": 2233000.0,
        "Insurance And Claims": NaN,
        "Salaries And Wages": NaN,
        "Total Revenue": NaN,
        "Operating Revenue": NaN
    },
    "2022-06-30": {
        "Tax Effect Of Unusual Items": 0.0,
        "Tax Rate For Calcs": 0.115,
        "Total Unusual Items": 0.0,
        "Total Unusual Items Excluding Goodwill": 0.0,
        "Net Income From Continuing Operation Net Minority Interest": 25405000.0,
        "Reconciled Depreciation": 586000.0,
        "Net Interest Income": 51078000.0,
        "Interest Expense": 6022000.0,
        "Interest Income": 57100000.0,
        "Normalized Income": 25405000.0,
        "Net Income From Continuing And Discontinued Operation": 25405000.0,
        "Diluted Average Shares": 32251000.0,
        "Basic Average Shares": 32119000.0,
        "Diluted EPS": 0.79,
        "Basic EPS": 0.79,
        "Diluted NI Availto Com Stockholders": 25405000.0,
        "Net Income Common Stockholders": 25405000.0,
        "Net Income": 25405000.0,
        "Net Income Including Noncontrolling Interests": 25405000.0,
        "Net Income Continuous Operations": 25405000.0,
        "Tax Provision": 3297000.0,
        "Pretax Income": 28702000.0,
        "Special Income Charges": 0.0,
        "Gain On Sale Of Security": -2177000.0,
        "Depreciation Amortization Depletion Income Statement": 586000.0,
        "Depreciation And Amortization In Income Statement": 586000.0,
        "Amortization": 586000.0,
        "Amortization Of Intangibles Income Statement": 586000.0,
        "Selling General And Administration": 23770000.0,
        "Selling And Marketing Expense": 716000.0,
        "General And Administrative Expense": 23054000.0,
        "Other Gand A": 2248000.0,
        "Insurance And Claims": 477000.0,
        "Salaries And Wages": 20329000.0,
        "Total Revenue": 59819000.0,
        "Operating Revenue": 59819000.0
    },
    "2022-03-31": {
        "Diluted EPS": 0.77,
        "Total Revenue": 65,
        "Gross Profit": 60,
        "Operating Income": 28,
        "EBIT": NaN,
        "Net Income": 25
    },
    "2021-12-31": {
        "Diluted EPS": 0.88,
        "Total Revenue": 67,
        "Gross Profit": 61,
        "Operating Income": 33,
        "EBIT": NaN,
        "Net Income": 29
    },
    "2021-09-30": {
        "Diluted EPS": 0.9,
        "Total Revenue": 68,
        "Gross Profit": 61,
        "Operating Income": 34,
        "EBIT": NaN,
        "Net Income": 29
    },
    "2021-06-30": {
        "Diluted EPS": 0.65,
        "Total Revenue": 64,
        "Gross Profit": 57,
        "Operating Income": 24,
        "EBIT": NaN,
        "Net Income": 21
    },
    "2021-03-31": {
        "Diluted EPS": 1.04,
        "Total Revenue": 67,
        "Gross Profit": 60,
        "Operating Income": 39,
        "EBIT": NaN,
        "Net Income": 34
    },
    "2020-12-31": {
        "Diluted EPS": 0.88,
        "Total Revenue": 68,
        "Gross Profit": 60,
        "Operating Income": 34,
        "EBIT": NaN,
        "Net Income": 30
    },
    "2020-09-30": {
        "Diluted EPS": 0.82,
        "Total Revenue": 67,
        "Gross Profit": 58,
        "Operating Income": 31,
        "EBIT": NaN,
        "Net Income": 27
    },
    "2020-06-30": {
        "Diluted EPS": 0.65,
        "Total Revenue": 71,
        "Gross Profit": 59,
        "Operating Income": 24,
        "EBIT": NaN,
        "Net Income": 22
    },
    "2020-03-31": {
        "Diluted EPS": 0.12,
        "Total Revenue": 76,
        "Gross Profit": 60,
        "Operating Income": 4,
        "EBIT": NaN,
        "Net Income": 4
    },
    "2019-12-31": {
        "Diluted EPS": 0.51,
        "Total Revenue": 71,
        "Gross Profit": 54,
        "Operating Income": 19,
        "EBIT": NaN,
        "Net Income": 17
    },
    "2019-09-30": {
        "Diluted EPS": 0.58,
        "Total Revenue": 72,
        "Gross Profit": 53,
        "Operating Income": 23,
        "EBIT": NaN,
        "Net Income": 20
    },
    "2019-06-30": {
        "Diluted EPS": 0.55,
        "Total Revenue": 72,
        "Gross Profit": 54,
        "Operating Income": 23,
        "EBIT": NaN,
        "Net Income": 19
    },
    "2019-03-31": {
        "Diluted EPS": 0.56,
        "Total Revenue": 69,
        "Gross Profit": 51,
        "Operating Income": 22,
        "EBIT": NaN,
        "Net Income": 19
    },
    "2018-12-31": {
        "Diluted EPS": 0.5,
        "Total Revenue": 68,
        "Gross Profit": 53,
        "Operating Income": 22,
        "EBIT": NaN,
        "Net Income": 17
    },
    "2018-09-30": {
        "Diluted EPS": 0.58,
        "Total Revenue": 67,
        "Gross Profit": 52,
        "Operating Income": 23,
        "EBIT": NaN,
        "Net Income": 20
    },
    "2018-06-30": {
        "Diluted EPS": 0.57,
        "Total Revenue": 68,
        "Gross Profit": 54,
        "Operating Income": 25,
        "EBIT": NaN,
        "Net Income": 20
    },
    "2018-03-31": {
        "Diluted EPS": 0.46,
        "Total Revenue": 67,
        "Gross Profit": 54,
        "Operating Income": 19,
        "EBIT": NaN,
        "Net Income": 16
    },
    "2017-12-31": {
        "Diluted EPS": 0.32,
        "Total Revenue": 59,
        "Gross Profit": 47,
        "Operating Income": 19,
        "EBIT": NaN,
        "Net Income": 10
    },
    "2017-09-30": {
        "Diluted EPS": 0.49,
        "Total Revenue": 56,
        "Gross Profit": 44,
        "Operating Income": 19,
        "EBIT": NaN,
        "Net Income": 15
    },
    "2017-06-30": {
        "Diluted EPS": 0.49,
        "Total Revenue": 55,
        "Gross Profit": 45,
        "Operating Income": 18,
        "EBIT": NaN,
        "Net Income": 14
    },
    "2017-03-31": {
        "Diluted EPS": 0.51,
        "Total Revenue": 55,
        "Gross Profit": 45,
        "Operating Income": 18,
        "EBIT": NaN,
        "Net Income": 15
    },
    "2016-12-31": {
        "Diluted EPS": 0.41,
        "Total Revenue": 50,
        "Gross Profit": 41,
        "Operating Income": 15,
        "EBIT": NaN,
        "Net Income": 12
    },
    "2016-09-30": {
        "Diluted EPS": 0.48,
        "Total Revenue": 53,
        "Gross Profit": 46,
        "Operating Income": 16,
        "EBIT": NaN,
        "Net Income": 13
    },
    "2016-06-30": {
        "Diluted EPS": 0.42,
        "Total Revenue": 50,
        "Gross Profit": 44,
        "Operating Income": 14,
        "EBIT": NaN,
        "Net Income": 11
    },
    "2016-03-31": {
        "Diluted EPS": 0.5,
        "Total Revenue": 55,
        "Gross Profit": 48,
        "Operating Income": 16,
        "EBIT": NaN,
        "Net Income": 14
    },
    "2015-12-31": {
        "Diluted EPS": 0.43,
        "Total Revenue": 49,
        "Gross Profit": 44,
        "Operating Income": 21,
        "EBIT": NaN,
        "Net Income": 12
    },
    "2015-09-30": {
        "Diluted EPS": 0.43,
        "Total Revenue": 48,
        "Gross Profit": 43,
        "Operating Income": 14,
        "EBIT": NaN,
        "Net Income": 12
    },
    "2015-06-30": {
        "Diluted EPS": 0.41,
        "Total Revenue": 47,
        "Gross Profit": 42,
        "Operating Income": 13,
        "EBIT": NaN,
        "Net Income": 11
    },
    "2015-03-31": {
        "Diluted EPS": 0.34,
        "Total Revenue": 49,
        "Gross Profit": 45,
        "Operating Income": 11,
        "EBIT": NaN,
        "Net Income": 9
    },
    "2014-12-31": {
        "Diluted EPS": -0.2,
        "Total Revenue": 37,
        "Gross Profit": 33,
        "Operating Income": -8,
        "EBIT": NaN,
        "Net Income": -4
    },
    "2014-09-30": {
        "Diluted EPS": 0.29,
        "Total Revenue": 35,
        "Gross Profit": 31,
        "Operating Income": 6,
        "EBIT": NaN,
        "Net Income": 6
    },
    "2014-06-30": {
        "Diluted EPS": 0.49,
        "Total Revenue": 39,
        "Gross Profit": 34,
        "Operating Income": 11,
        "EBIT": NaN,
        "Net Income": 10
    },
    "2014-03-31": {
        "Diluted EPS": 0.38,
        "Total Revenue": 38,
        "Gross Profit": 34,
        "Operating Income": 9,
        "EBIT": NaN,
        "Net Income": 8
    },
    "2013-12-31": {
        "Diluted EPS": 0.58,
        "Total Revenue": 41,
        "Gross Profit": 36,
        "Operating Income": 13,
        "EBIT": NaN,
        "Net Income": 12
    },
    "2013-09-30": {
        "Diluted EPS": 0.42,
        "Total Revenue": 37,
        "Gross Profit": 33,
        "Operating Income": 9,
        "EBIT": NaN,
        "Net Income": 9
    },
    "2013-06-30": {
        "Diluted EPS": 0.52,
        "Total Revenue": 40,
        "Gross Profit": 36,
        "Operating Income": 13,
        "EBIT": NaN,
        "Net Income": 11
    },
    "2013-03-31": {
        "Diluted EPS": 0.43,
        "Total Revenue": 37,
        "Gross Profit": 32,
        "Operating Income": 11,
        "EBIT": NaN,
        "Net Income": 9
    },
    "2012-12-31": {
        "Diluted EPS": 0.39,
        "Total Revenue": 37,
        "Gross Profit": 31,
        "Operating Income": 8,
        "EBIT": NaN,
        "Net Income": 8
    },
    "2012-09-30": {
        "Diluted EPS": 0.4,
        "Total Revenue": 39,
        "Gross Profit": 33,
        "Operating Income": 10,
        "EBIT": NaN,
        "Net Income": 9
    },
    "2012-06-30": {
        "Diluted EPS": 0.35,
        "Total Revenue": 38,
        "Gross Profit": 31,
        "Operating Income": 9,
        "EBIT": NaN,
        "Net Income": 8
    },
    "2012-03-31": {
        "Diluted EPS": 0.47,
        "Total Revenue": 43,
        "Gross Profit": 35,
        "Operating Income": 13,
        "EBIT": NaN,
        "Net Income": 10
    },
    "2011-12-31": {
        "Diluted EPS": 0.44,
        "Total Revenue": 40,
        "Gross Profit": 32,
        "Operating Income": 10,
        "EBIT": NaN,
        "Net Income": 10
    },
    "2011-09-30": {
        "Diluted EPS": 0.4,
        "Total Revenue": 38,
        "Gross Profit": 30,
        "Operating Income": 11,
        "EBIT": NaN,
        "Net Income": 9
    },
    "2011-06-30": {
        "Diluted EPS": 0.59,
        "Total Revenue": 46,
        "Gross Profit": 37,
        "Operating Income": 17,
        "EBIT": NaN,
        "Net Income": 13
    },
    "2011-03-31": {
        "Diluted EPS": 0.39,
        "Total Revenue": 42,
        "Gross Profit": 32,
        "Operating Income": 11,
        "EBIT": NaN,
        "Net Income": 8
    },
    "2010-12-31": {
        "Diluted EPS": 0.31,
        "Total Revenue": 41,
        "Gross Profit": 31,
        "Operating Income": 8,
        "EBIT": NaN,
        "Net Income": 7
    },
    "2010-09-30": {
        "Diluted EPS": 0.54,
        "Total Revenue": 47,
        "Gross Profit": 36,
        "Operating Income": 15,
        "EBIT": NaN,
        "Net Income": 11
    },
    "2010-06-30": {
        "Diluted EPS": 0.43,
        "Total Revenue": 44,
        "Gross Profit": 33,
        "Operating Income": 12,
        "EBIT": NaN,
        "Net Income": 9
    },
    "2010-03-31": {
        "Diluted EPS": 0.54,
        "Total Revenue": 49,
        "Gross Profit": 37,
        "Operating Income": 16,
        "EBIT": NaN,
        "Net Income": 12
    },
    "2009-12-31": {
        "Diluted EPS": 0.48,
        "Total Revenue": 50,
        "Gross Profit": 38,
        "Operating Income": 18,
        "EBIT": NaN,
        "Net Income": 10
    },
    "2009-09-30": {
        "Diluted EPS": 0.48,
        "Total Revenue": 48,
        "Gross Profit": 35,
        "Operating Income": 14,
        "EBIT": NaN,
        "Net Income": 10
    },
    "2009-06-30": {
        "Diluted EPS": 0.44,
        "Total Revenue": 48,
        "Gross Profit": 35,
        "Operating Income": 13,
        "EBIT": NaN,
        "Net Income": 9
    },
    "2009-03-31": {
        "Diluted EPS": 0.66,
        "Total Revenue": 56,
        "Gross Profit": 41,
        "Operating Income": 21,
        "EBIT": NaN,
        "Net Income": 14
    },
    "2023-09-30": {
        "Tax Effect Of Unusual Items": 0.0,
        "Tax Rate For Calcs": 0.144652,
        "Total Unusual Items": NaN,
        "Total Unusual Items Excluding Goodwill": NaN,
        "Net Income From Continuing Operation Net Minority Interest": 18449000.0,
        "Reconciled Depreciation": 2683000.0,
        "Net Interest Income": 53273000.0,
        "Interest Expense": 39805000.0,
        "Interest Income": 93078000.0,
        "Normalized Income": 18449000.0,
        "Net Income From Continuing And Discontinued Operation": 18449000.0,
        "Diluted Average Shares": 30543000.0,
        "Basic Average Shares": 30502000.0,
        "Diluted EPS": 0.6,
        "Basic EPS": 0.6,
        "Diluted NI Availto Com Stockholders": 18449000.0,
        "Net Income Common Stockholders": 18449000.0,
        "Net Income": 18449000.0,
        "Net Income Including Noncontrolling Interests": 18449000.0,
        "Net Income Continuous Operations": 18449000.0,
        "Tax Provision": 3120000.0,
        "Pretax Income": 21569000.0,
        "Special Income Charges": NaN,
        "Gain On Sale Of Security": 11000.0,
        "Depreciation Amortization Depletion Income Statement": 407000.0,
        "Depreciation And Amortization In Income Statement": 407000.0,
        "Amortization": 407000.0,
        "Amortization Of Intangibles Income Statement": 407000.0,
        "Selling General And Administration": 23205000.0,
        "Selling And Marketing Expense": 1062000.0,
        "General And Administrative Expense": 22143000.0,
        "Insurance And Claims": 902000.0,
        "Salaries And Wages": 21241000.0,
        "Total Revenue": 63751000.0,
        "Operating Revenue": 63751000.0,
        "Occupancy And Equipment": 3796000.0,
        "Professional Expense And Contract Services Expense": 1472000.0,
        "Other Non Interest Expense": 6315000.0
    },
    "2023-12-31": {
        "Tax Effect Of Unusual Items": 0.0,
        "Tax Rate For Calcs": 0.113001,
        "Total Unusual Items": NaN,
        "Total Unusual Items Excluding Goodwill": NaN,
        "Net Income From Continuing Operation Net Minority Interest": 17316000.0,
        "Reconciled Depreciation": 2605000.0,
        "Net Interest Income": 54485000.0,
        "Interest Expense": 44454000.0,
        "Interest Income": 98939000.0,
        "Normalized Income": 17316000.0,
        "Net Income From Continuing And Discontinued Operation": 17316000.0,
        "Diluted Average Shares": 30276000.0,
        "Basic Average Shares": 30235000.0,
        "Diluted EPS": 0.57,
        "Basic EPS": 0.57,
        "Diluted NI Availto Com Stockholders": 17316000.0,
        "Net Income Common Stockholders": 17316000.0,
        "Net Income": 17316000.0,
        "Net Income Including Noncontrolling Interests": 17316000.0,
        "Net Income Continuous Operations": 17316000.0,
        "Tax Provision": 2206000.0,
        "Pretax Income": 19522000.0,
        "Special Income Charges": NaN,
        "Gain On Sale Of Security": -10386000.0,
        "Depreciation Amortization Depletion Income Statement": 370000.0,
        "Depreciation And Amortization In Income Statement": 370000.0,
        "Amortization": 370000.0,
        "Amortization Of Intangibles Income Statement": 370000.0,
        "Selling General And Administration": 23171000.0,
        "Selling And Marketing Expense": 1127000.0,
        "General And Administrative Expense": 22044000.0,
        "Insurance And Claims": 892000.0,
        "Salaries And Wages": 21152000.0,
        "Total Revenue": 58019000.0,
        "Operating Revenue": 58019000.0,
        "Occupancy And Equipment": 3474000.0,
        "Professional Expense And Contract Services Expense": 1315000.0,
        "Other Non Interest Expense": 7886000.0
    },
    "2024-03-31": {
        "Tax Effect Of Unusual Items": 0.0,
        "Tax Rate For Calcs": 0.177,
        "Total Unusual Items": NaN,
        "Total Unusual Items Excluding Goodwill": NaN,
        "Net Income From Continuing Operation Net Minority Interest": 21511000.0,
        "Reconciled Depreciation": 2468000.0,
        "Net Interest Income": 53348000.0,
        "Interest Expense": 49410000.0,
        "Interest Income": 102758000.0,
        "Normalized Income": 21511000.0,
        "Net Income From Continuing And Discontinued Operation": 21511000.0,
        "Diluted Average Shares": 30305000.0,
        "Basic Average Shares": 30262000.0,
        "Diluted EPS": 0.71,
        "Basic EPS": 0.71,
        "Diluted NI Availto Com Stockholders": 21511000.0,
        "Net Income Common Stockholders": 21511000.0,
        "Net Income": 21511000.0,
        "Net Income Including Noncontrolling Interests": 21511000.0,
        "Net Income Continuous Operations": 21511000.0,
        "Tax Provision": 4622000.0,
        "Pretax Income": 26133000.0,
        "Special Income Charges": NaN,
        "Gain On Sale Of Security": -18000.0,
        "Depreciation Amortization Depletion Income Statement": 337000.0,
        "Depreciation And Amortization In Income Statement": 337000.0,
        "Amortization": 337000.0,
        "Amortization Of Intangibles Income Statement": 337000.0,
        "Selling General And Administration": 25006000.0,
        "Selling And Marketing Expense": 950000.0,
        "General And Administrative Expense": 24056000.0,
        "Insurance And Claims": 943000.0,
        "Salaries And Wages": 23113000.0,
        "Total Revenue": 62747000.0,
        "Operating Revenue": 62747000.0,
        "Occupancy And Equipment": 3362000.0,
        "Professional Expense And Contract Services Expense": 1154000.0,
        "Other Non Interest Expense": 6697000.0
    }
}