{
    "2023-06-30": {
        "Tax Effect Of Unusual Items": 0.0,
        "Tax Rate For Calcs": 0.305525,
        "Total Unusual Items": NaN,
        "Total Unusual Items Excluding Goodwill": NaN,
        "Net Income From Continuing Operation Net Minority Interest": 2539000.0,
        "Reconciled Depreciation": 341000.0,
        "Net Interest Income": 16184000.0,
        "Interest Expense": 15376000.0,
        "Interest Income": 31560000.0,
        "Normalized Income": 2539000.0,
        "Net Income From Continuing And Discontinued Operation": 2539000.0,
        "Diluted Average Shares": 50778213.0,
        "Basic Average Shares": 50672461.0,
        "Diluted EPS": 0.05,
        "Basic EPS": 0.05,
        "Diluted NI Availto Com Stockholders": 2539000.0,
        "Net Income Common Stockholders": 2539000.0,
        "Net Income": 2539000.0,
        "Net Income Including Noncontrolling Interests": 2539000.0,
        "Net Income Continuous Operations": 2539000.0,
        "Tax Provision": 1117000.0,
        "Pretax Income": 3656000.0,
        "Special Income Charges": NaN,
        "Gain On Sale Of Business": NaN,
        "Gain On Sale Of Security": -71000.0,
        "Selling General And Administration": 9537000.0,
        "General And Administrative Expense": 9537000.0,
        "Insurance And Claims": 263000.0,
        "Salaries And Wages": 9274000.0,
        "Total Revenue": 18095000.0,
        "Operating Revenue": 18095000.0,
        "Occupancy And Equipment": 2051000.0,
        "Professional Expense And Contract Services Expense": 3521000.0,
        "Other Non Interest Expense": 2291000.0
    },
    "2023-03-31": {
        "Tax Effect Of Unusual Items": 0.0,
        "Tax Rate For Calcs": 0.097,
        "Total Unusual Items": NaN,
        "Total Unusual Items Excluding Goodwill": NaN,
        "Net Income From Continuing Operation Net Minority Interest": -503000.0,
        "Reconciled Depreciation": 352000.0,
        "Net Interest Income": 17676000.0,
        "Interest Expense": 11747000.0,
        "Interest Income": 29423000.0,
        "Normalized Income": -503000.0,
        "Net Income From Continuing And Discontinued Operation": -503000.0,
        "Diluted Average Shares": 50444463.0,
        "Basic Average Shares": 50444463.0,
        "Diluted EPS": -0.01,
        "Basic EPS": -0.01,
        "Diluted NI Availto Com Stockholders": -503000.0,
        "Net Income Common Stockholders": -503000.0,
        "Net Income": -503000.0,
        "Net Income Including Noncontrolling Interests": -503000.0,
        "Net Income Continuous Operations": -503000.0,
        "Tax Provision": -54000.0,
        "Pretax Income": -557000.0,
        "Special Income Charges": NaN,
        "Gain On Sale Of Business": NaN,
        "Gain On Sale Of Security": 69000.0,
        "Selling General And Administration": 9667000.0,
        "General And Administrative Expense": 9667000.0,
        "Insurance And Claims": 257000.0,
        "Salaries And Wages": 9410000.0,
        "Total Revenue": 17954000.0,
        "Operating Revenue": 17954000.0,
        "Occupancy And Equipment": 2112000.0,
        "Professional Expense And Contract Services Expense": 3221000.0,
        "Other Non Interest Expense": 2837000.0
    },
    "2022-12-31": {
        "Tax Effect Of Unusual Items": NaN,
        "Tax Rate For Calcs": NaN,
        "Total Unusual Items": 0.0,
        "Total Unusual Items Excluding Goodwill": 0.0,
        "Net Income From Continuing Operation Net Minority Interest": NaN,
        "Reconciled Depreciation": NaN,
        "Net Interest Income": NaN,
        "Interest Expense": NaN,
        "Interest Income": NaN,
        "Normalized Income": NaN,
        "Net Income From Continuing And Discontinued Operation": NaN,
        "Diluted Average Shares": NaN,
        "Basic Average Shares": NaN,
        "Diluted EPS": NaN,
        "Basic EPS": NaN,
        "Diluted NI Availto Com Stockholders": NaN,
        "Net Income Common Stockholders": NaN,
        "Net Income": NaN,
        "Net Income Including Noncontrolling Interests": NaN,
        "Net Income Continuous Operations": NaN,
        "Tax Provision": NaN,
        "Pretax Income": NaN,
        "Special Income Charges": 0.0,
        "Gain On Sale Of Business": 0.0,
        "Gain On Sale Of Security": NaN,
        "Selling General And Administration": NaN,
        "General And Administrative Expense": NaN,
        "Insurance And Claims": NaN,
        "Salaries And Wages": NaN,
        "Total Revenue": NaN,
        "Operating Revenue": NaN,
        "Occupancy And Equipment": NaN,
        "Professional Expense And Contract Services Expense": NaN,
        "Other Non Interest Expense": NaN
    },
    "2022-09-30": {
        "Tax Effect Of Unusual Items": NaN,
        "Tax Rate For Calcs": NaN,
        "Total Unusual Items": 0.0,
        "Total Unusual Items Excluding Goodwill": 0.0,
        "Net Income From Continuing Operation Net Minority Interest": NaN,
        "Reconciled Depreciation": NaN,
        "Net Interest Income": NaN,
        "Interest Expense": NaN,
        "Interest Income": NaN,
        "Normalized Income": NaN,
        "Net Income From Continuing And Discontinued Operation": NaN,
        "Diluted Average Shares": NaN,
        "Basic Average Shares": NaN,
        "Diluted EPS": NaN,
        "Basic EPS": NaN,
        "Diluted NI Availto Com Stockholders": NaN,
        "Net Income Common Stockholders": NaN,
        "Net Income": NaN,
        "Net Income Including Noncontrolling Interests": NaN,
        "Net Income Continuous Operations": NaN,
        "Tax Provision": NaN,
        "Pretax Income": NaN,
        "Special Income Charges": 0.0,
        "Gain On Sale Of Business": 0.0,
        "Gain On Sale Of Security": NaN,
        "Selling General And Administration": NaN,
        "General And Administrative Expense": NaN,
        "Insurance And Claims": NaN,
        "Salaries And Wages": NaN,
        "Total Revenue": NaN,
        "Operating Revenue": NaN
    },
    "2022-06-30": {
        "Tax Effect Of Unusual Items": 0.0,
        "Tax Rate For Calcs": 0.4,
        "Total Unusual Items": NaN,
        "Total Unusual Items Excluding Goodwill": NaN,
        "Net Income From Continuing Operation Net Minority Interest": -2197000.0,
        "Reconciled Depreciation": 396000.0,
        "Net Interest Income": 19470000.0,
        "Interest Expense": 3420000.0,
        "Interest Income": 22890000.0,
        "Normalized Income": -2197000.0,
        "Net Income From Continuing And Discontinued Operation": -2197000.0,
        "Diluted Average Shares": 50386856.0,
        "Basic Average Shares": 50386856.0,
        "Diluted EPS": -0.04,
        "Basic EPS": -0.04,
        "Diluted NI Availto Com Stockholders": -2197000.0,
        "Net Income Common Stockholders": -2197000.0,
        "Net Income": -2197000.0,
        "Net Income Including Noncontrolling Interests": -2197000.0,
        "Net Income Continuous Operations": -2197000.0,
        "Tax Provision": 3327000.0,
        "Pretax Income": 1130000.0,
        "Special Income Charges": NaN,
        "Gain On Sale Of Business": NaN,
        "Gain On Sale Of Security": -170000.0,
        "Selling General And Administration": 5915000.0,
        "General And Administrative Expense": 5915000.0,
        "Other Gand A": 762000.0,
        "Insurance And Claims": 346000.0,
        "Salaries And Wages": 5569000.0,
        "Total Revenue": 19515000.0,
        "Operating Revenue": 19515000.0
    },
    "2022-03-31": {
        "Diluted EPS": 0.1,
        "Total Revenue": 26,
        "Gross Profit": 23,
        "Operating Income": 8,
        "EBIT": NaN,
        "Net Income": 5
    },
    "2021-12-31": {
        "Diluted EPS": 0.16,
        "Total Revenue": 29,
        "Gross Profit": 25,
        "Operating Income": 12,
        "EBIT": NaN,
        "Net Income": 8
    },
    "2021-09-30": {
        "Diluted EPS": 0.19,
        "Total Revenue": 30,
        "Gross Profit": 25,
        "Operating Income": 13,
        "EBIT": NaN,
        "Net Income": 10
    },
    "2021-06-30": {
        "Diluted EPS": 0.07,
        "Total Revenue": 30,
        "Gross Profit": 23,
        "Operating Income": 5,
        "EBIT": NaN,
        "Net Income": 3
    },
    "2021-03-31": {
        "Diluted EPS": 0.05,
        "Total Revenue": 32,
        "Gross Profit": 24,
        "Operating Income": 3,
        "EBIT": NaN,
        "Net Income": 2
    },
    "2020-12-31": {
        "Diluted EPS": -0.24,
        "Total Revenue": 36,
        "Gross Profit": 26,
        "Operating Income": -17,
        "EBIT": NaN,
        "Net Income": -12
    },
    "2020-09-30": {
        "Diluted EPS": 0.0,
        "Total Revenue": 38,
        "Gross Profit": 27,
        "Operating Income": 0,
        "EBIT": NaN,
        "Net Income": 0
    },
    "2020-06-30": {
        "Diluted EPS": 0.06,
        "Total Revenue": 40,
        "Gross Profit": 28,
        "Operating Income": 4,
        "EBIT": NaN,
        "Net Income": 3
    },
    "2020-03-31": {
        "Diluted EPS": -0.08,
        "Total Revenue": 42,
        "Gross Profit": 29,
        "Operating Income": -6,
        "EBIT": NaN,
        "Net Income": -4
    },
    "2019-12-31": {
        "Diluted EPS": -0.27,
        "Total Revenue": 46,
        "Gross Profit": 32,
        "Operating Income": -16,
        "EBIT": NaN,
        "Net Income": -14
    },
    "2019-09-30": {
        "Diluted EPS": 0.28,
        "Total Revenue": 47,
        "Gross Profit": 33,
        "Operating Income": 19,
        "EBIT": NaN,
        "Net Income": 14
    },
    "2019-06-30": {
        "Diluted EPS": 0.26,
        "Total Revenue": 47,
        "Gross Profit": 33,
        "Operating Income": 19,
        "EBIT": NaN,
        "Net Income": 13
    },
    "2019-03-31": {
        "Diluted EPS": 0.3,
        "Total Revenue": 47,
        "Gross Profit": 34,
        "Operating Income": 22,
        "EBIT": NaN,
        "Net Income": 16
    },
    "2018-12-31": {
        "Diluted EPS": 0.3,
        "Total Revenue": 49,
        "Gross Profit": 37,
        "Operating Income": 22,
        "EBIT": NaN,
        "Net Income": 16
    },
    "2018-09-30": {
        "Diluted EPS": 0.3,
        "Total Revenue": 46,
        "Gross Profit": 35,
        "Operating Income": 22,
        "EBIT": NaN,
        "Net Income": 16
    },
    "2018-06-30": {
        "Diluted EPS": 0.3,
        "Total Revenue": 46,
        "Gross Profit": 36,
        "Operating Income": 22,
        "EBIT": NaN,
        "Net Income": 16
    },
    "2018-03-31": {
        "Diluted EPS": 0.3,
        "Total Revenue": 43,
        "Gross Profit": 34,
        "Operating Income": 22,
        "EBIT": NaN,
        "Net Income": 16
    },
    "2017-12-31": {
        "Diluted EPS": 0.12,
        "Total Revenue": 38,
        "Gross Profit": 30,
        "Operating Income": 17,
        "EBIT": NaN,
        "Net Income": 7
    },
    "2017-09-30": {
        "Diluted EPS": 0.27,
        "Total Revenue": 38,
        "Gross Profit": 32,
        "Operating Income": 20,
        "EBIT": NaN,
        "Net Income": 12
    },
    "2017-06-30": {
        "Diluted EPS": 0.2,
        "Total Revenue": 31,
        "Gross Profit": 25,
        "Operating Income": 15,
        "EBIT": NaN,
        "Net Income": 9
    },
    "2017-03-31": {
        "Diluted EPS": 0.23,
        "Total Revenue": 33,
        "Gross Profit": 27,
        "Operating Income": 18,
        "EBIT": NaN,
        "Net Income": 10
    },
    "2016-12-31": {
        "Diluted EPS": 0.0,
        "Total Revenue": NaN,
        "Gross Profit": NaN,
        "Operating Income": NaN,
        "EBIT": NaN,
        "Net Income": NaN
    },
    "2016-09-30": {
        "Diluted EPS": 0.0,
        "Total Revenue": NaN,
        "Gross Profit": NaN,
        "Operating Income": NaN,
        "EBIT": NaN,
        "Net Income": NaN
    },
    "2015-12-31": {
        "Diluted EPS": 0.0,
        "Total Revenue": NaN,
        "Gross Profit": NaN,
        "Operating Income": NaN,
        "EBIT": NaN,
        "Net Income": NaN
    },
    "2023-09-30": {
        "Tax Effect Of Unusual Items": 0.0,
        "Tax Rate For Calcs": 0.21,
        "Total Unusual Items": NaN,
        "Total Unusual Items Excluding Goodwill": NaN,
        "Net Income From Continuing Operation Net Minority Interest": 314000.0,
        "Reconciled Depreciation": 338000.0,
        "Net Interest Income": 15994000.0,
        "Interest Expense": 16884000.0,
        "Interest Income": 32878000.0,
        "Normalized Income": 314000.0,
        "Net Income From Continuing And Discontinued Operation": 314000.0,
        "Diluted Average Shares": 51069683.0,
        "Basic Average Shares": 50699967.0,
        "Diluted EPS": 0.01,
        "Basic EPS": 0.01,
        "Diluted NI Availto Com Stockholders": 314000.0,
        "Net Income Common Stockholders": 314000.0,
        "Net Income": 314000.0,
        "Net Income Including Noncontrolling Interests": 314000.0,
        "Net Income Continuous Operations": 314000.0,
        "Tax Provision": 304000.0,
        "Pretax Income": 618000.0,
        "Special Income Charges": NaN,
        "Gain On Sale Of Business": NaN,
        "Gain On Sale Of Security": -137000.0,
        "Selling General And Administration": 9027000.0,
        "General And Administrative Expense": 9027000.0,
        "Insurance And Claims": 274000.0,
        "Salaries And Wages": 8753000.0,
        "Total Revenue": 16378000.0,
        "Operating Revenue": 16378000.0,
        "Occupancy And Equipment": 2110000.0,
        "Professional Expense And Contract Services Expense": 4242000.0,
        "Other Non Interest Expense": 2403000.0
    },
    "2023-12-31": {
        "Tax Effect Of Unusual Items": 0.0,
        "Tax Rate For Calcs": 0.260336,
        "Total Unusual Items": NaN,
        "Total Unusual Items Excluding Goodwill": NaN,
        "Net Income From Continuing Operation Net Minority Interest": 5063000.0,
        "Reconciled Depreciation": 300000.0,
        "Net Interest Income": 15105000.0,
        "Interest Expense": 17823000.0,
        "Interest Income": 32928000.0,
        "Normalized Income": 5063000.0,
        "Net Income From Continuing And Discontinued Operation": 5063000.0,
        "Diluted Average Shares": 51182011.0,
        "Basic Average Shares": 50703220.0,
        "Diluted EPS": 0.1,
        "Basic EPS": 0.1,
        "Diluted NI Availto Com Stockholders": 5063000.0,
        "Net Income Common Stockholders": 5063000.0,
        "Net Income": 5063000.0,
        "Net Income Including Noncontrolling Interests": 5063000.0,
        "Net Income Continuous Operations": 5063000.0,
        "Tax Provision": 1782000.0,
        "Pretax Income": 6845000.0,
        "Special Income Charges": NaN,
        "Gain On Sale Of Business": NaN,
        "Gain On Sale Of Security": 87000.0,
        "Selling General And Administration": 8764000.0,
        "General And Administrative Expense": 8764000.0,
        "Insurance And Claims": 264000.0,
        "Salaries And Wages": 8500000.0,
        "Total Revenue": 15318000.0,
        "Operating Revenue": 15318000.0,
        "Occupancy And Equipment": 2096000.0,
        "Professional Expense And Contract Services Expense": -908000.0,
        "Other Non Interest Expense": 2918000.0
    },
    "2024-03-31": {
        "Tax Effect Of Unusual Items": 0.0,
        "Tax Rate For Calcs": 0.343,
        "Total Unusual Items": NaN,
        "Total Unusual Items Excluding Goodwill": NaN,
        "Net Income From Continuing Operation Net Minority Interest": -197000.0,
        "Reconciled Depreciation": 276000.0,
        "Net Interest Income": 14934000.0,
        "Interest Expense": 18348000.0,
        "Interest Income": 33282000.0,
        "Normalized Income": -197000.0,
        "Net Income From Continuing And Discontinued Operation": -197000.0,
        "Diluted Average Shares": 50843106.0,
        "Basic Average Shares": 50843106.0,
        "Diluted EPS": -0.003875,
        "Basic EPS": -0.003875,
        "Diluted NI Availto Com Stockholders": -197000.0,
        "Net Income Common Stockholders": -197000.0,
        "Net Income": -197000.0,
        "Net Income Including Noncontrolling Interests": -197000.0,
        "Net Income Continuous Operations": -197000.0,
        "Tax Provision": -103000.0,
        "Pretax Income": -300000.0,
        "Special Income Charges": NaN,
        "Gain On Sale Of Business": NaN,
        "Gain On Sale Of Security": -47000.0,
        "Selling General And Administration": 8722000.0,
        "General And Administrative Expense": 8722000.0,
        "Insurance And Claims": 262000.0,
        "Salaries And Wages": 8460000.0,
        "Total Revenue": 15133000.0,
        "Operating Revenue": 15133000.0,
        "Occupancy And Equipment": 2084000.0,
        "Professional Expense And Contract Services Expense": 2182000.0,
        "Other Non Interest Expense": 2404000.0
    }
}