{
    "2023-05-31": {
        "Tax Effect Of Unusual Items": 0.0,
        "Tax Rate For Calcs": 0.207113,
        "Normalized EBITDA": 115800000.0,
        "Total Unusual Items": 0.0,
        "Total Unusual Items Excluding Goodwill": 0.0,
        "Net Income From Continuing Operation Net Minority Interest": 75700000.0,
        "Reconciled Depreciation": 16300000.0,
        "Reconciled Cost Of Revenue": 217800000.0,
        "EBITDA": 115800000.0,
        "EBIT": 99500000.0,
        "Net Interest Income": 3500000.0,
        "Interest Income": NaN,
        "Normalized Income": 75700000.0,
        "Net Income From Continuing And Discontinued Operation": 75700000.0,
        "Total Expenses": 436300000.0,
        "Total Operating Income As Reported": 92000000.0,
        "Diluted Average Shares": 33498000.0,
        "Basic Average Shares": 32585000.0,
        "Diluted EPS": 2.26,
        "Basic EPS": 2.33,
        "Diluted NI Availto Com Stockholders": 75700000.0,
        "Net Income Common Stockholders": 75700000.0,
        "Net Income": 75700000.0,
        "Minority Interests": 100000.0,
        "Net Income Including Noncontrolling Interests": 75800000.0,
        "Net Income Continuous Operations": 75800000.0,
        "Tax Provision": 19800000.0,
        "Pretax Income": 95600000.0,
        "Other Income Expense": 100000.0,
        "Other Non Operating Income Expenses": 100000.0,
        "Special Income Charges": 0.0,
        "Gain On Sale Of Ppe": 0.0,
        "Impairment Of Capital Assets": NaN,
        "Net Non Operating Interest Income Expense": 3500000.0,
        "Total Other Finance Cost": NaN,
        "Interest Income Non Operating": NaN,
        "Operating Income": 92000000.0,
        "Operating Expense": 215900000.0,
        "Depreciation Amortization Depletion Income Statement": 13700000.0,
        "Depreciation And Amortization In Income Statement": 13700000.0,
        "Selling General And Administration": 202200000.0,
        "General And Administrative Expense": NaN,
        "Other Gand A": NaN,
        "Salaries And Wages": NaN,
        "Gross Profit": 307900000.0,
        "Cost Of Revenue": 220400000.0,
        "Total Revenue": 528300000.0,
        "Operating Revenue": 528300000.0
    },
    "2023-02-28": {
        "Tax Effect Of Unusual Items": NaN,
        "Tax Rate For Calcs": NaN,
        "Normalized EBITDA": NaN,
        "Total Unusual Items": 0.0,
        "Total Unusual Items Excluding Goodwill": 0.0,
        "Net Income From Continuing Operation Net Minority Interest": NaN,
        "Reconciled Depreciation": NaN,
        "Reconciled Cost Of Revenue": NaN,
        "EBITDA": NaN,
        "EBIT": NaN,
        "Net Interest Income": NaN,
        "Interest Income": NaN,
        "Normalized Income": NaN,
        "Net Income From Continuing And Discontinued Operation": NaN,
        "Total Expenses": NaN,
        "Total Operating Income As Reported": NaN,
        "Diluted Average Shares": 34722000.0,
        "Basic Average Shares": 33682000.0,
        "Diluted EPS": -0.57,
        "Basic EPS": -0.57,
        "Diluted NI Availto Com Stockholders": NaN,
        "Net Income Common Stockholders": NaN,
        "Net Income": NaN,
        "Minority Interests": NaN,
        "Net Income Including Noncontrolling Interests": NaN,
        "Net Income Continuous Operations": NaN,
        "Tax Provision": NaN,
        "Pretax Income": NaN,
        "Other Income Expense": NaN,
        "Other Non Operating Income Expenses": NaN,
        "Special Income Charges": 0.0,
        "Gain On Sale Of Ppe": 0.0,
        "Impairment Of Capital Assets": 0.0,
        "Net Non Operating Interest Income Expense": NaN,
        "Total Other Finance Cost": -1400000.0,
        "Interest Income Non Operating": NaN,
        "Operating Income": NaN,
        "Operating Expense": NaN,
        "Depreciation Amortization Depletion Income Statement": NaN,
        "Depreciation And Amortization In Income Statement": NaN,
        "Selling General And Administration": NaN,
        "General And Administrative Expense": NaN,
        "Other Gand A": NaN,
        "Salaries And Wages": NaN,
        "Gross Profit": NaN,
        "Cost Of Revenue": NaN,
        "Total Revenue": NaN,
        "Operating Revenue": NaN
    },
    "2022-11-30": {
        "Tax Effect Of Unusual Items": NaN,
        "Tax Rate For Calcs": NaN,
        "Normalized EBITDA": NaN,
        "Total Unusual Items": 0.0,
        "Total Unusual Items Excluding Goodwill": 0.0,
        "Net Income From Continuing Operation Net Minority Interest": NaN,
        "Reconciled Depreciation": NaN,
        "Reconciled Cost Of Revenue": NaN,
        "EBITDA": NaN,
        "EBIT": NaN,
        "Net Interest Income": NaN,
        "Interest Income": 700000.0,
        "Normalized Income": NaN,
        "Net Income From Continuing And Discontinued Operation": NaN,
        "Total Expenses": NaN,
        "Total Operating Income As Reported": NaN,
        "Diluted Average Shares": NaN,
        "Basic Average Shares": NaN,
        "Diluted EPS": NaN,
        "Basic EPS": NaN,
        "Diluted NI Availto Com Stockholders": NaN,
        "Net Income Common Stockholders": NaN,
        "Net Income": NaN,
        "Minority Interests": NaN,
        "Net Income Including Noncontrolling Interests": NaN,
        "Net Income Continuous Operations": NaN,
        "Tax Provision": NaN,
        "Pretax Income": NaN,
        "Other Income Expense": NaN,
        "Other Non Operating Income Expenses": NaN,
        "Special Income Charges": 0.0,
        "Gain On Sale Of Ppe": 0.0,
        "Impairment Of Capital Assets": NaN,
        "Net Non Operating Interest Income Expense": NaN,
        "Total Other Finance Cost": NaN,
        "Interest Income Non Operating": 700000.0,
        "Operating Income": NaN,
        "Operating Expense": NaN,
        "Depreciation Amortization Depletion Income Statement": NaN,
        "Depreciation And Amortization In Income Statement": NaN,
        "Selling General And Administration": NaN,
        "General And Administrative Expense": NaN,
        "Other Gand A": NaN,
        "Salaries And Wages": NaN,
        "Gross Profit": NaN,
        "Cost Of Revenue": NaN,
        "Total Revenue": NaN,
        "Operating Revenue": NaN
    },
    "2022-08-31": {
        "Tax Effect Of Unusual Items": NaN,
        "Tax Rate For Calcs": NaN,
        "Normalized EBITDA": NaN,
        "Total Unusual Items": NaN,
        "Total Unusual Items Excluding Goodwill": NaN,
        "Net Income From Continuing Operation Net Minority Interest": NaN,
        "Reconciled Depreciation": NaN,
        "Reconciled Cost Of Revenue": NaN,
        "EBITDA": NaN,
        "EBIT": NaN,
        "Net Interest Income": NaN,
        "Interest Income": NaN,
        "Normalized Income": NaN,
        "Net Income From Continuing And Discontinued Operation": NaN,
        "Total Expenses": NaN,
        "Total Operating Income As Reported": NaN,
        "Diluted Average Shares": NaN,
        "Basic Average Shares": NaN,
        "Diluted EPS": NaN,
        "Basic EPS": NaN,
        "Diluted NI Availto Com Stockholders": NaN,
        "Net Income Common Stockholders": NaN,
        "Net Income": NaN,
        "Minority Interests": NaN,
        "Net Income Including Noncontrolling Interests": NaN,
        "Net Income Continuous Operations": NaN,
        "Tax Provision": NaN,
        "Pretax Income": NaN,
        "Other Income Expense": NaN,
        "Other Non Operating Income Expenses": NaN,
        "Special Income Charges": NaN,
        "Gain On Sale Of Ppe": NaN,
        "Impairment Of Capital Assets": NaN,
        "Net Non Operating Interest Income Expense": NaN,
        "Total Other Finance Cost": -200000.0,
        "Interest Income Non Operating": NaN,
        "Operating Income": NaN,
        "Operating Expense": NaN,
        "Depreciation Amortization Depletion Income Statement": NaN,
        "Depreciation And Amortization In Income Statement": NaN,
        "Selling General And Administration": NaN,
        "General And Administrative Expense": 162800000.0,
        "Other Gand A": 161100000.0,
        "Salaries And Wages": 1700000.0,
        "Gross Profit": NaN,
        "Cost Of Revenue": NaN,
        "Total Revenue": NaN,
        "Operating Revenue": NaN
    },
    "2022-05-31": {
        "Tax Effect Of Unusual Items": -357541.899441,
        "Tax Rate For Calcs": 0.029795,
        "Normalized EBITDA": 91700000.0,
        "Total Unusual Items": -12000000.0,
        "Total Unusual Items Excluding Goodwill": -12000000.0,
        "Net Income From Continuing Operation Net Minority Interest": 52100000.0,
        "Reconciled Depreciation": 13800000.0,
        "Reconciled Cost Of Revenue": 224600000.0,
        "EBIT": 65900000.0,
        "Net Interest Income": -200000.0,
        "Interest Income": NaN,
        "Normalized Income": 63742458.100559,
        "Net Income From Continuing And Discontinued Operation": 52100000.0,
        "Total Expenses": 448500000.0,
        "Total Operating Income As Reported": 65500000.0,
        "Diluted Average Shares": 35600000.0,
        "Basic Average Shares": 34200000.0,
        "Diluted EPS": 1.46,
        "Basic EPS": 1.51,
        "Diluted NI Availto Com Stockholders": 52100000.0,
        "Net Income Common Stockholders": 52100000.0,
        "Net Income": 52100000.0,
        "Minority Interests": 0.0,
        "Net Income Including Noncontrolling Interests": 52100000.0,
        "Net Income Continuous Operations": 52100000.0,
        "Tax Provision": 1600000.0,
        "Pretax Income": 53700000.0,
        "Other Income Expense": -12000000.0,
        "Other Non Operating Income Expenses": 0.0,
        "Special Income Charges": -12000000.0,
        "Gain On Sale Of Ppe": -11600000.0,
        "Write Off": 400000.0,
        "Impairment Of Capital Assets": 400000.0,
        "Net Non Operating Interest Income Expense": -200000.0,
        "Total Other Finance Cost": 200000.0,
        "Interest Income Non Operating": NaN,
        "Operating Income": 65900000.0,
        "Operating Expense": 223900000.0,
        "Depreciation Amortization Depletion Income Statement": 13800000.0,
        "Depreciation And Amortization In Income Statement": 13800000.0,
        "Selling General And Administration": 210100000.0,
        "Gross Profit": 289800000.0,
        "Cost Of Revenue": 224600000.0,
        "Total Revenue": 514400000.0,
        "Operating Revenue": 514400000.0
    },
    "2022-02-28": {
        "Diluted EPS": -0.44,
        "Total Revenue": 345,
        "Gross Profit": 175,
        "Operating Income": -20,
        "EBIT": 3,
        "Net Income": -15
    },
    "2021-11-30": {
        "Diluted EPS": 1.91,
        "Total Revenue": 524,
        "Gross Profit": 286,
        "Operating Income": 83,
        "EBIT": 107,
        "Net Income": 68
    },
    "2021-08-31": {
        "Diluted EPS": -0.7,
        "Total Revenue": 260,
        "Gross Profit": 127,
        "Operating Income": -32,
        "EBIT": -9,
        "Net Income": -24
    },
    "2021-05-31": {
        "Diluted EPS": 0.23,
        "Total Revenue": 401,
        "Gross Profit": 213,
        "Operating Income": 10,
        "EBIT": 32,
        "Net Income": 8
    },
    "2021-02-28": {
        "Diluted EPS": -0.41,
        "Total Revenue": 278,
        "Gross Profit": 142,
        "Operating Income": -24,
        "EBIT": -2,
        "Net Income": -14
    },
    "2020-11-30": {
        "Diluted EPS": 1.02,
        "Total Revenue": 406,
        "Gross Profit": 217,
        "Operating Income": 49,
        "EBIT": 72,
        "Net Income": 35
    },
    "2020-08-31": {
        "Diluted EPS": -1.16,
        "Total Revenue": 215,
        "Gross Profit": 100,
        "Operating Income": -57,
        "EBIT": -34,
        "Net Income": -40
    },
    "2020-05-31": {
        "Diluted EPS": -0.36,
        "Total Revenue": 284,
        "Gross Profit": 159,
        "Operating Income": -46,
        "EBIT": -24,
        "Net Income": -13
    },
    "2020-02-29": {
        "Diluted EPS": -1.25,
        "Total Revenue": 373,
        "Gross Profit": 190,
        "Operating Income": -60,
        "EBIT": -37,
        "Net Income": -43
    },
    "2019-11-30": {
        "Diluted EPS": 2.02,
        "Total Revenue": 597,
        "Gross Profit": 333,
        "Operating Income": 105,
        "EBIT": 128,
        "Net Income": 71
    },
    "2019-08-31": {
        "Diluted EPS": -1.68,
        "Total Revenue": 233,
        "Gross Profit": 96,
        "Operating Income": -87,
        "EBIT": -65,
        "Net Income": -59
    },
    "2019-05-31": {
        "Diluted EPS": 0.55,
        "Total Revenue": 471,
        "Gross Profit": 255,
        "Operating Income": 32,
        "EBIT": 54,
        "Net Income": 18
    },
    "2019-02-28": {
        "Diluted EPS": -0.36,
        "Total Revenue": 360,
        "Gross Profit": 183,
        "Operating Income": -21,
        "EBIT": -1,
        "Net Income": -13
    },
    "2018-11-30": {
        "Diluted EPS": 1.99,
        "Total Revenue": 605,
        "Gross Profit": 342,
        "Operating Income": 98,
        "EBIT": 119,
        "Net Income": 72
    },
    "2018-08-31": {
        "Diluted EPS": -1.75,
        "Total Revenue": 218,
        "Gross Profit": 93,
        "Operating Income": -84,
        "EBIT": -64,
        "Net Income": -61
    },
    "2018-05-31": {
        "Diluted EPS": 1.48,
        "Total Revenue": 496,
        "Gross Profit": 287,
        "Operating Income": 74,
        "EBIT": 92,
        "Net Income": 51
    },
    "2018-02-28": {
        "Diluted EPS": -1.41,
        "Total Revenue": 345,
        "Gross Profit": 178,
        "Operating Income": -24,
        "EBIT": -6,
        "Net Income": -49
    },
    "2017-11-30": {
        "Diluted EPS": 1.6,
        "Total Revenue": 598,
        "Gross Profit": 345,
        "Operating Income": 107,
        "EBIT": 124,
        "Net Income": 57
    },
    "2017-08-31": {
        "Diluted EPS": -1.81,
        "Total Revenue": 189,
        "Gross Profit": 74,
        "Operating Income": -102,
        "EBIT": -86,
        "Net Income": -64
    },
    "2017-05-31": {
        "Diluted EPS": 1.14,
        "Total Revenue": 500,
        "Gross Profit": 286,
        "Operating Income": 64,
        "EBIT": 80,
        "Net Income": 39
    },
    "2017-02-28": {
        "Diluted EPS": -0.44,
        "Total Revenue": 336,
        "Gross Profit": 176,
        "Operating Income": -25,
        "EBIT": -9,
        "Net Income": -15
    },
    "2016-11-30": {
        "Diluted EPS": 1.92,
        "Total Revenue": 623,
        "Gross Profit": 352,
        "Operating Income": 112,
        "EBIT": 129,
        "Net Income": 68
    },
    "2016-08-31": {
        "Diluted EPS": -1.15,
        "Total Revenue": 283,
        "Gross Profit": 113,
        "Operating Income": -63,
        "EBIT": -46,
        "Net Income": -40
    },
    "2016-05-31": {
        "Diluted EPS": 1.06,
        "Total Revenue": 514,
        "Gross Profit": 301,
        "Operating Income": 63,
        "EBIT": 78,
        "Net Income": 34
    },
    "2016-02-29": {
        "Diluted EPS": -0.26,
        "Total Revenue": 366,
        "Gross Profit": 188,
        "Operating Income": -16,
        "EBIT": 1,
        "Net Income": -9
    },
    "2015-11-30": {
        "Diluted EPS": 1.84,
        "Total Revenue": 602,
        "Gross Profit": 345,
        "Operating Income": 105,
        "EBIT": 124,
        "Net Income": 65
    },
    "2015-08-31": {
        "Diluted EPS": -1.48,
        "Total Revenue": 191,
        "Gross Profit": 77,
        "Operating Income": -80,
        "EBIT": -61,
        "Net Income": -49
    },
    "2015-05-31": {
        "Diluted EPS": 8.48,
        "Total Revenue": 488,
        "Gross Profit": 426,
        "Operating Income": 34,
        "EBIT": 53,
        "Net Income": 282
    },
    "2015-02-28": {
        "Diluted EPS": -0.68,
        "Total Revenue": 347,
        "Gross Profit": 172,
        "Operating Income": -25,
        "EBIT": -5,
        "Net Income": -22
    },
    "2014-11-30": {
        "Diluted EPS": 2.05,
        "Total Revenue": 611,
        "Gross Profit": 353,
        "Operating Income": 111,
        "EBIT": 136,
        "Net Income": 69
    },
    "2014-08-31": {
        "Diluted EPS": -1.05,
        "Total Revenue": 191,
        "Gross Profit": -74,
        "Operating Income": -87,
        "EBIT": -66,
        "Net Income": -34
    },
    "2014-05-31": {
        "Diluted EPS": 0.88,
        "Total Revenue": 289,
        "Gross Profit": 157,
        "Operating Income": -4,
        "EBIT": 3,
        "Net Income": 28
    },
    "2014-02-28": {
        "Diluted EPS": -0.38,
        "Total Revenue": 374,
        "Gross Profit": 183,
        "Operating Income": -34,
        "EBIT": -4,
        "Net Income": -12
    },
    "2013-11-30": {
        "Diluted EPS": 1.8,
        "Total Revenue": 623,
        "Gross Profit": 358,
        "Operating Income": 95,
        "EBIT": 127,
        "Net Income": 58
    },
    "2013-08-31": {
        "Diluted EPS": -0.94,
        "Total Revenue": 276,
        "Gross Profit": 138,
        "Operating Income": -46,
        "EBIT": -15,
        "Net Income": -30
    },
    "2013-05-31": {
        "Diluted EPS": 0.71,
        "Total Revenue": 264,
        "Gross Profit": 152,
        "Operating Income": -7,
        "EBIT": 5,
        "Net Income": 22
    },
    "2013-02-28": {
        "Diluted EPS": -0.63,
        "Total Revenue": 379,
        "Gross Profit": 189,
        "Operating Income": -27,
        "EBIT": 3,
        "Net Income": -20
    },
    "2012-11-30": {
        "Diluted EPS": 1.89,
        "Total Revenue": 614,
        "Gross Profit": 352,
        "Operating Income": 102,
        "EBIT": 132,
        "Net Income": 62
    },
    "2012-08-31": {
        "Diluted EPS": -1.02,
        "Total Revenue": 293,
        "Gross Profit": 143,
        "Operating Income": -47,
        "EBIT": -19,
        "Net Income": -32
    },
    "2012-05-31": {
        "Diluted EPS": 1.81,
        "Total Revenue": 669,
        "Gross Profit": 350,
        "Operating Income": 90,
        "EBIT": 136,
        "Net Income": 57
    },
    "2012-02-29": {
        "Diluted EPS": -0.33,
        "Total Revenue": 467,
        "Gross Profit": 247,
        "Operating Income": -12,
        "EBIT": 16,
        "Net Income": -10
    },
    "2011-11-30": {
        "Diluted EPS": 2.6,
        "Total Revenue": 685,
        "Gross Profit": 400,
        "Operating Income": 140,
        "EBIT": 168,
        "Net Income": 83
    },
    "2011-08-31": {
        "Diluted EPS": -0.87,
        "Total Revenue": 318,
        "Gross Profit": 158,
        "Operating Income": -33,
        "EBIT": -6,
        "Net Income": -27
    },
    "2011-05-31": {
        "Diluted EPS": 0.81,
        "Total Revenue": 535,
        "Gross Profit": 298,
        "Operating Income": 51,
        "EBIT": 83,
        "Net Income": 25
    },
    "2011-02-28": {
        "Diluted EPS": -0.81,
        "Total Revenue": 384,
        "Gross Profit": 191,
        "Operating Income": -30,
        "EBIT": -5,
        "Net Income": -25
    },
    "2010-11-30": {
        "Diluted EPS": 2.14,
        "Total Revenue": 668,
        "Gross Profit": 377,
        "Operating Income": 129,
        "EBIT": 156,
        "Net Income": 75
    },
    "2010-08-31": {
        "Diluted EPS": -0.98,
        "Total Revenue": 290,
        "Gross Profit": 143,
        "Operating Income": -46,
        "EBIT": -20,
        "Net Income": -35
    },
    "2010-05-31": {
        "Diluted EPS": 0.79,
        "Total Revenue": 520,
        "Gross Profit": 298,
        "Operating Income": 62,
        "EBIT": 93,
        "Net Income": 29
    },
    "2010-02-28": {
        "Diluted EPS": -0.15,
        "Total Revenue": 399,
        "Gross Profit": 204,
        "Operating Income": -1,
        "EBIT": 26,
        "Net Income": -6
    },
    "2009-11-30": {
        "Diluted EPS": 1.51,
        "Total Revenue": 660,
        "Gross Profit": 387,
        "Operating Income": 106,
        "EBIT": 133,
        "Net Income": 56
    },
    "2009-08-31": {
        "Diluted EPS": -0.63,
        "Total Revenue": 316,
        "Gross Profit": 157,
        "Operating Income": -35,
        "EBIT": -9,
        "Net Income": -23
    },
    "2009-05-31": {
        "Diluted EPS": 0.75,
        "Total Revenue": 496,
        "Gross Profit": 256,
        "Operating Income": 37,
        "EBIT": 66,
        "Net Income": 28
    },
    "2009-02-28": {
        "Diluted EPS": -0.98,
        "Total Revenue": 424,
        "Gross Profit": 209,
        "Operating Income": -22,
        "EBIT": 4,
        "Net Income": -36
    },
    "2023-08-31": {
        "Tax Effect Of Unusual Items": 0.0,
        "Tax Rate For Calcs": 0.243,
        "Normalized EBITDA": -83300000.0,
        "Total Unusual Items": NaN,
        "Total Unusual Items Excluding Goodwill": NaN,
        "Net Income From Continuing Operation Net Minority Interest": -74200000.0,
        "Reconciled Depreciation": 15800000.0,
        "Reconciled Cost Of Revenue": 127600000.0,
        "EBITDA": -83300000.0,
        "EBIT": -99100000.0,
        "Net Interest Income": 1400000.0,
        "Interest Income": NaN,
        "Normalized Income": -74200000.0,
        "Net Income From Continuing And Discontinued Operation": -74200000.0,
        "Total Expenses": 327600000.0,
        "Total Operating Income As Reported": -99100000.0,
        "Diluted Average Shares": 32604000.0,
        "Basic Average Shares": 31564000.0,
        "Diluted EPS": -2.35,
        "Basic EPS": -2.35,
        "Diluted NI Availto Com Stockholders": -74200000.0,
        "Net Income Common Stockholders": -74200000.0,
        "Net Income": -74200000.0,
        "Minority Interests": 0.0,
        "Net Income Including Noncontrolling Interests": -74200000.0,
        "Net Income Continuous Operations": -74200000.0,
        "Tax Provision": -23800000.0,
        "Pretax Income": -98000000.0,
        "Other Income Expense": -300000.0,
        "Other Non Operating Income Expenses": -300000.0,
        "Special Income Charges": NaN,
        "Gain On Sale Of Ppe": NaN,
        "Impairment Of Capital Assets": NaN,
        "Net Non Operating Interest Income Expense": 1400000.0,
        "Total Other Finance Cost": -1400000.0,
        "Interest Income Non Operating": NaN,
        "Operating Income": -99100000.0,
        "Operating Expense": 197600000.0,
        "Depreciation Amortization Depletion Income Statement": 13400000.0,
        "Depreciation And Amortization In Income Statement": 13400000.0,
        "Selling General And Administration": 184200000.0,
        "General And Administrative Expense": 184200000.0,
        "Other Gand A": 181900000.0,
        "Salaries And Wages": 2300000.0,
        "Gross Profit": 98500000.0,
        "Cost Of Revenue": 130000000.0,
        "Total Revenue": 228500000.0,
        "Operating Revenue": 228500000.0
    },
    "2023-11-30": {
        "Tax Effect Of Unusual Items": 0.0,
        "Tax Rate For Calcs": 0.242,
        "Normalized EBITDA": 117600000.0,
        "Total Unusual Items": NaN,
        "Total Unusual Items Excluding Goodwill": NaN,
        "Net Income From Continuing Operation Net Minority Interest": 76900000.0,
        "Reconciled Depreciation": 16300000.0,
        "Reconciled Cost Of Revenue": 231900000.0,
        "EBITDA": 117600000.0,
        "EBIT": 101300000.0,
        "Net Interest Income": 400000.0,
        "Interest Income": 400000.0,
        "Normalized Income": 76900000.0,
        "Net Income From Continuing And Discontinued Operation": 76900000.0,
        "Total Expenses": 461300000.0,
        "Total Operating Income As Reported": 101300000.0,
        "Diluted Average Shares": 31442000.0,
        "Basic Average Shares": 30653000.0,
        "Diluted EPS": 2.45,
        "Basic EPS": 2.51,
        "Diluted NI Availto Com Stockholders": 76900000.0,
        "Net Income Common Stockholders": 76900000.0,
        "Net Income": 76900000.0,
        "Minority Interests": 0.0,
        "Net Income Including Noncontrolling Interests": 76900000.0,
        "Net Income Continuous Operations": 76900000.0,
        "Tax Provision": 24600000.0,
        "Pretax Income": 101500000.0,
        "Other Income Expense": -200000.0,
        "Other Non Operating Income Expenses": -200000.0,
        "Special Income Charges": NaN,
        "Gain On Sale Of Ppe": NaN,
        "Impairment Of Capital Assets": NaN,
        "Net Non Operating Interest Income Expense": 400000.0,
        "Total Other Finance Cost": NaN,
        "Interest Income Non Operating": 400000.0,
        "Operating Income": 101300000.0,
        "Operating Expense": 227200000.0,
        "Depreciation Amortization Depletion Income Statement": 14100000.0,
        "Depreciation And Amortization In Income Statement": 14100000.0,
        "Selling General And Administration": 213100000.0,
        "General And Administrative Expense": NaN,
        "Other Gand A": NaN,
        "Salaries And Wages": NaN,
        "Gross Profit": 328500000.0,
        "Cost Of Revenue": 234100000.0,
        "Total Revenue": 562600000.0,
        "Operating Revenue": 562600000.0
    },
    "2024-02-29": {
        "Tax Effect Of Unusual Items": -117000.0,
        "Tax Rate For Calcs": 0.234,
        "Normalized EBITDA": -16800000.0,
        "Total Unusual Items": -500000.0,
        "Total Unusual Items Excluding Goodwill": -500000.0,
        "Net Income From Continuing Operation Net Minority Interest": -26500000.0,
        "Reconciled Depreciation": 17100000.0,
        "Reconciled Cost Of Revenue": 146200000.0,
        "EBITDA": -17300000.0,
        "EBIT": -34400000.0,
        "Net Interest Income": 600000.0,
        "Interest Income": NaN,
        "Normalized Income": -26117000.0,
        "Net Income From Continuing And Discontinued Operation": -26500000.0,
        "Total Expenses": 358100000.0,
        "Total Operating Income As Reported": -34900000.0,
        "Diluted Average Shares": 29100000.0,
        "Basic Average Shares": 29100000.0,
        "Diluted EPS": -0.91,
        "Basic EPS": -0.91,
        "Diluted NI Availto Com Stockholders": -26500000.0,
        "Net Income Common Stockholders": -26500000.0,
        "Net Income": -26500000.0,
        "Minority Interests": 0.0,
        "Net Income Including Noncontrolling Interests": -26500000.0,
        "Net Income Continuous Operations": -26500000.0,
        "Tax Provision": -8100000.0,
        "Pretax Income": -34600000.0,
        "Other Income Expense": -800000.0,
        "Other Non Operating Income Expenses": -300000.0,
        "Special Income Charges": -500000.0,
        "Gain On Sale Of Ppe": NaN,
        "Impairment Of Capital Assets": 500000.0,
        "Net Non Operating Interest Income Expense": 600000.0,
        "Total Other Finance Cost": -600000.0,
        "Interest Income Non Operating": NaN,
        "Operating Income": -34400000.0,
        "Operating Expense": 209400000.0,
        "Depreciation Amortization Depletion Income Statement": 14600000.0,
        "Depreciation And Amortization In Income Statement": 14600000.0,
        "Selling General And Administration": 194800000.0,
        "General And Administrative Expense": NaN,
        "Other Gand A": NaN,
        "Salaries And Wages": NaN,
        "Gross Profit": 175000000.0,
        "Cost Of Revenue": 148700000.0,
        "Total Revenue": 323700000.0,
        "Operating Revenue": 323700000.0
    },
    "2024-05-31": {
        "Tax Effect Of Unusual Items": -2289640.591966,
        "Tax Rate For Calcs": 0.241015,
        "Normalized EBITDA": 77600000.0,
        "Total Unusual Items": -9500000.0,
        "Total Unusual Items Excluding Goodwill": -9500000.0,
        "Net Income From Continuing Operation Net Minority Interest": 35900000.0,
        "Reconciled Depreciation": 17800000.0,
        "Reconciled Cost Of Revenue": 189500000.0,
        "EBITDA": 68100000.0,
        "EBIT": 50300000.0,
        "Net Interest Income": 300000.0,
        "Interest Income": NaN,
        "Normalized Income": 43110359.408034,
        "Net Income From Continuing And Discontinued Operation": 35900000.0,
        "Total Expenses": 418200000.0,
        "Total Operating Income As Reported": 47200000.0,
        "Diluted Average Shares": NaN,
        "Basic Average Shares": NaN,
        "Diluted EPS": NaN,
        "Basic EPS": NaN,
        "Diluted NI Availto Com Stockholders": 35900000.0,
        "Net Income Common Stockholders": 35900000.0,
        "Net Income": 35900000.0,
        "Minority Interests": 0.0,
        "Net Income Including Noncontrolling Interests": 35900000.0,
        "Net Income Continuous Operations": 35900000.0,
        "Tax Provision": 11400000.0,
        "Pretax Income": 47300000.0,
        "Other Income Expense": -9700000.0,
        "Other Non Operating Income Expenses": -200000.0,
        "Special Income Charges": -9500000.0,
        "Gain On Sale Of Ppe": NaN,
        "Impairment Of Capital Assets": 9500000.0,
        "Net Non Operating Interest Income Expense": 300000.0,
        "Total Other Finance Cost": NaN,
        "Interest Income Non Operating": NaN,
        "Operating Income": 56700000.0,
        "Operating Expense": 225900000.0,
        "Depreciation Amortization Depletion Income Statement": 15000000.0,
        "Depreciation And Amortization In Income Statement": 15000000.0,
        "Selling General And Administration": 210900000.0,
        "General And Administrative Expense": NaN,
        "Other Gand A": NaN,
        "Salaries And Wages": NaN,
        "Gross Profit": 282600000.0,
        "Cost Of Revenue": 192300000.0,
        "Total Revenue": 474900000.0,
        "Operating Revenue": 474900000.0
    }
}