{
    "2023-05-31": {
        "Tax Effect Of Unusual Items": -57940.793847,
        "Tax Rate For Calcs": 0.342845,
        "Normalized EBITDA": 26377000.0,
        "Total Unusual Items": -169000.0,
        "Total Unusual Items Excluding Goodwill": -169000.0,
        "Net Income From Continuing Operation Net Minority Interest": 13693000.0,
        "Reconciled Depreciation": 22540000.0,
        "Reconciled Cost Of Revenue": 713685000.0,
        "EBIT": 26208000.0,
        "Net Interest Income": -5146000.0,
        "Interest Expense": 5146000.0,
        "Normalized Income": 13804059.206153,
        "Net Income From Continuing And Discontinued Operation": 13460000.0,
        "Total Expenses": 782212000.0,
        "Total Operating Income As Reported": 27514000.0,
        "Diluted Average Shares": 28659000.0,
        "Basic Average Shares": 28114000.0,
        "Diluted EPS": 0.47,
        "Basic EPS": 0.48,
        "Diluted NI Availto Com Stockholders": 13460000.0,
        "Net Income Common Stockholders": 13460000.0,
        "Net Income": 13460000.0,
        "Minority Interests": -148000.0,
        "Net Income Including Noncontrolling Interests": 13608000.0,
        "Net Income Discontinuous Operations": -233000.0,
        "Net Income Continuous Operations": 13841000.0,
        "Tax Provision": 7221000.0,
        "Pretax Income": 21062000.0,
        "Other Income Expense": -1190000.0,
        "Other Non Operating Income Expenses": -1306000.0,
        "Special Income Charges": -169000.0,
        "Impairment Of Capital Assets": 0.0,
        "Restructuring And Mergern Acquisition": 169000.0,
        "Earnings From Equity Interest": 285000.0,
        "Net Non Operating Interest Income Expense": -5146000.0,
        "Interest Expense Non Operating": 5146000.0,
        "Operating Income": 27398000.0,
        "Operating Expense": 68527000.0,
        "Selling General And Administration": 68527000.0,
        "Gross Profit": 95925000.0,
        "Cost Of Revenue": 713685000.0,
        "Total Revenue": 809610000.0,
        "Operating Revenue": 809610000.0
    },
    "2023-02-28": {
        "Tax Effect Of Unusual Items": -331200.0,
        "Tax Rate For Calcs": 0.4,
        "Normalized EBITDA": 9271000.0,
        "Total Unusual Items": -828000.0,
        "Total Unusual Items Excluding Goodwill": -828000.0,
        "Net Income From Continuing Operation Net Minority Interest": 4129000.0,
        "Reconciled Depreciation": 22399000.0,
        "Reconciled Cost Of Revenue": 682937000.0,
        "EBIT": 8443000.0,
        "Net Interest Income": -4908000.0,
        "Interest Expense": 4908000.0,
        "Normalized Income": 4625800.0,
        "Net Income From Continuing And Discontinued Operation": 4353000.0,
        "Total Expenses": 746894000.0,
        "Total Operating Income As Reported": 8542000.0,
        "Diluted Average Shares": 28617000.0,
        "Basic Average Shares": 28081000.0,
        "Diluted EPS": 0.15,
        "Basic EPS": 0.16,
        "Diluted NI Availto Com Stockholders": 4353000.0,
        "Net Income Common Stockholders": 4353000.0,
        "Net Income": 4353000.0,
        "Minority Interests": 81000.0,
        "Net Income Including Noncontrolling Interests": 4272000.0,
        "Net Income Discontinuous Operations": 224000.0,
        "Net Income Continuous Operations": 4048000.0,
        "Tax Provision": -513000.0,
        "Pretax Income": 3535000.0,
        "Other Income Expense": -616000.0,
        "Other Non Operating Income Expenses": -99000.0,
        "Special Income Charges": -828000.0,
        "Impairment Of Capital Assets": NaN,
        "Restructuring And Mergern Acquisition": 828000.0,
        "Earnings From Equity Interest": 311000.0,
        "Net Non Operating Interest Income Expense": -4908000.0,
        "Interest Expense Non Operating": 4908000.0,
        "Operating Income": 9059000.0,
        "Operating Expense": 63957000.0,
        "Selling General And Administration": 63957000.0,
        "Gross Profit": 73016000.0,
        "Cost Of Revenue": 682937000.0,
        "Total Revenue": 755953000.0,
        "Operating Revenue": 755953000.0
    },
    "2022-11-30": {
        "Tax Effect Of Unusual Items": -408305.795314,
        "Tax Rate For Calcs": 0.256473,
        "Normalized EBITDA": -18603000.0,
        "Total Unusual Items": -1592000.0,
        "Total Unusual Items Excluding Goodwill": -1592000.0,
        "Net Income From Continuing Operation Net Minority Interest": -17719000.0,
        "Reconciled Depreciation": 21451000.0,
        "Reconciled Cost Of Revenue": 550011000.0,
        "EBIT": -20195000.0,
        "Net Interest Income": -3324000.0,
        "Interest Expense": 3324000.0,
        "Normalized Income": -16535305.795314,
        "Net Income From Continuing And Discontinued Operation": -17788000.0,
        "Total Expenses": 614239000.0,
        "Total Operating Income As Reported": -16311000.0,
        "Diluted Average Shares": 27723000.0,
        "Basic Average Shares": 27723000.0,
        "Diluted EPS": -0.64,
        "Basic EPS": -0.64,
        "Diluted NI Availto Com Stockholders": -17788000.0,
        "Net Income Common Stockholders": -17788000.0,
        "Net Income": -17788000.0,
        "Minority Interests": -232000.0,
        "Net Income Including Noncontrolling Interests": -17556000.0,
        "Net Income Discontinuous Operations": -69000.0,
        "Net Income Continuous Operations": -17487000.0,
        "Tax Provision": -6032000.0,
        "Pretax Income": -23519000.0,
        "Other Income Expense": -4686000.0,
        "Other Non Operating Income Expenses": -3884000.0,
        "Special Income Charges": -1592000.0,
        "Impairment Of Capital Assets": 0.0,
        "Restructuring And Mergern Acquisition": 1592000.0,
        "Earnings From Equity Interest": 790000.0,
        "Net Non Operating Interest Income Expense": -3324000.0,
        "Interest Expense Non Operating": 3324000.0,
        "Operating Income": -15509000.0,
        "Operating Expense": 64228000.0,
        "Selling General And Administration": 64228000.0,
        "Gross Profit": 48719000.0,
        "Cost Of Revenue": 550011000.0,
        "Total Revenue": 598730000.0,
        "Operating Revenue": 598730000.0
    },
    "2022-08-31": {
        "Tax Effect Of Unusual Items": -72930.0,
        "Tax Rate For Calcs": 0.11,
        "Normalized EBITDA": 16183000.0,
        "Total Unusual Items": -663000.0,
        "Total Unusual Items Excluding Goodwill": -663000.0,
        "Net Income From Continuing Operation Net Minority Interest": 10389000.0,
        "Reconciled Depreciation": 20487000.0,
        "Reconciled Cost Of Revenue": 809587000.0,
        "EBIT": 15520000.0,
        "Net Interest Income": -3042000.0,
        "Interest Expense": 3042000.0,
        "Normalized Income": 10979070.0,
        "Net Income From Continuing And Discontinued Operation": 10352000.0,
        "Total Expenses": 878824000.0,
        "Total Operating Income As Reported": 16076000.0,
        "Diluted Average Shares": 28893000.0,
        "Basic Average Shares": 27853000.0,
        "Diluted EPS": 0.36,
        "Basic EPS": 0.37,
        "Diluted NI Availto Com Stockholders": 10352000.0,
        "Net Income Common Stockholders": 10352000.0,
        "Net Income": 10352000.0,
        "Minority Interests": -699000.0,
        "Net Income Including Noncontrolling Interests": 11051000.0,
        "Net Income Discontinuous Operations": -37000.0,
        "Net Income Continuous Operations": 11088000.0,
        "Tax Provision": 1390000.0,
        "Pretax Income": 12478000.0,
        "Other Income Expense": -68000.0,
        "Other Non Operating Income Expenses": -556000.0,
        "Special Income Charges": -663000.0,
        "Impairment Of Capital Assets": 638000.0,
        "Restructuring And Mergern Acquisition": 25000.0,
        "Earnings From Equity Interest": 1151000.0,
        "Net Non Operating Interest Income Expense": -3042000.0,
        "Interest Expense Non Operating": 3042000.0,
        "Operating Income": 15588000.0,
        "Operating Expense": 69237000.0,
        "Selling General And Administration": 69237000.0,
        "Gross Profit": 84825000.0,
        "Cost Of Revenue": 809587000.0,
        "Total Revenue": 894412000.0,
        "Operating Revenue": 894412000.0
    },
    "2022-05-31": {
        "Tax Effect Of Unusual Items": -201180.0,
        "Tax Rate For Calcs": 0.21,
        "Normalized EBITDA": 117518000.0,
        "Total Unusual Items": -958000.0,
        "Total Unusual Items Excluding Goodwill": -958000.0,
        "Net Income From Continuing Operation Net Minority Interest": 74680000.0,
        "Reconciled Depreciation": 18750000.0,
        "Reconciled Cost Of Revenue": 834375000.0,
        "EBIT": 97810000.0,
        "Net Interest Income": -2223000.0,
        "Interest Expense": 2223000.0,
        "Normalized Income": 75436820.0,
        "Net Income From Continuing And Discontinued Operation": 74634000.0,
        "Total Expenses": 912047000.0,
        "Total Operating Income As Reported": 97844000.0,
        "Diluted Average Shares": 29625000.0,
        "Basic Average Shares": 28143000.0,
        "Diluted EPS": 2.52,
        "Basic EPS": 2.65,
        "Diluted NI Availto Com Stockholders": 74634000.0,
        "Net Income Common Stockholders": 74634000.0,
        "Net Income": 74634000.0,
        "Minority Interests": -870000.0,
        "Net Income Including Noncontrolling Interests": 75504000.0,
        "Net Income Discontinuous Operations": -46000.0,
        "Net Income Continuous Operations": 75550000.0,
        "Tax Provision": 20037000.0,
        "Pretax Income": 95587000.0,
        "Other Income Expense": -230000.0,
        "Other Non Operating Income Expenses": -34000.0,
        "Special Income Charges": -958000.0,
        "Impairment Of Capital Assets": 932000.0,
        "Restructuring And Mergern Acquisition": 26000.0,
        "Earnings From Equity Interest": 762000.0,
        "Net Non Operating Interest Income Expense": -2223000.0,
        "Interest Expense Non Operating": 2223000.0,
        "Operating Income": 98040000.0,
        "Operating Expense": 77672000.0,
        "Selling General And Administration": 77672000.0,
        "Gross Profit": 175712000.0,
        "Cost Of Revenue": 834375000.0,
        "Total Revenue": 1010087000.0,
        "Operating Revenue": 1010087000.0
    },
    "2022-02-28": {
        "Diluted EPS": 1.27,
        "Total Revenue": 783,
        "Gross Profit": 113,
        "Operating Income": 52,
        "EBIT": 71,
        "Net Income": 38
    },
    "2021-11-30": {
        "Diluted EPS": 1.55,
        "Total Revenue": 798,
        "Gross Profit": 115,
        "Operating Income": 60,
        "EBIT": 77,
        "Net Income": 46
    },
    "2021-08-31": {
        "Diluted EPS": 1.47,
        "Total Revenue": 846,
        "Gross Profit": 126,
        "Operating Income": 51,
        "EBIT": 68,
        "Net Income": 43
    },
    "2021-05-31": {
        "Diluted EPS": 2.15,
        "Total Revenue": 821,
        "Gross Profit": 142,
        "Operating Income": 81,
        "EBIT": 97,
        "Net Income": 64
    },
    "2021-02-28": {
        "Diluted EPS": 1.54,
        "Total Revenue": 600,
        "Gross Profit": 113,
        "Operating Income": 59,
        "EBIT": 74,
        "Net Income": 45
    },
    "2020-11-30": {
        "Diluted EPS": 0.5,
        "Total Revenue": 492,
        "Gross Profit": 72,
        "Operating Income": 23,
        "EBIT": 38,
        "Net Income": 14
    },
    "2020-08-31": {
        "Diluted EPS": 0.14,
        "Total Revenue": 465,
        "Gross Profit": 62,
        "Operating Income": 11,
        "EBIT": 26,
        "Net Income": 4
    },
    "2020-05-31": {
        "Diluted EPS": -0.18,
        "Total Revenue": 403,
        "Gross Profit": 46,
        "Operating Income": -4,
        "EBIT": 11,
        "Net Income": -5
    },
    "2020-02-29": {
        "Diluted EPS": 0.14,
        "Total Revenue": 439,
        "Gross Profit": 59,
        "Operating Income": 8,
        "EBIT": 22,
        "Net Income": 4
    },
    "2019-11-30": {
        "Diluted EPS": -0.25,
        "Total Revenue": 406,
        "Gross Profit": 41,
        "Operating Income": -8,
        "EBIT": 6,
        "Net Income": -7
    },
    "2019-08-31": {
        "Diluted EPS": 0.41,
        "Total Revenue": 548,
        "Gross Profit": 69,
        "Operating Income": 18,
        "EBIT": 32,
        "Net Income": 12
    },
    "2019-05-31": {
        "Diluted EPS": 0.56,
        "Total Revenue": 547,
        "Gross Profit": 73,
        "Operating Income": 24,
        "EBIT": 38,
        "Net Income": 16
    },
    "2019-02-28": {
        "Diluted EPS": 0.46,
        "Total Revenue": 474,
        "Gross Profit": 59,
        "Operating Income": 19,
        "EBIT": 32,
        "Net Income": 13
    },
    "2018-11-30": {
        "Diluted EPS": 0.57,
        "Total Revenue": 564,
        "Gross Profit": 74,
        "Operating Income": 23,
        "EBIT": 36,
        "Net Income": 16
    },
    "2018-08-31": {
        "Diluted EPS": 2.1,
        "Total Revenue": 670,
        "Gross Profit": 87,
        "Operating Income": 38,
        "EBIT": 51,
        "Net Income": 60
    },
    "2018-05-31": {
        "Diluted EPS": 1.31,
        "Total Revenue": 652,
        "Gross Profit": 103,
        "Operating Income": 51,
        "EBIT": 64,
        "Net Income": 37
    },
    "2018-02-28": {
        "Diluted EPS": 1.42,
        "Total Revenue": 559,
        "Gross Profit": 87,
        "Operating Income": 33,
        "EBIT": 46,
        "Net Income": 41
    },
    "2017-11-30": {
        "Diluted EPS": 0.64,
        "Total Revenue": 483,
        "Gross Profit": 77,
        "Operating Income": 26,
        "EBIT": 39,
        "Net Income": 18
    },
    "2017-08-31": {
        "Diluted EPS": 0.63,
        "Total Revenue": 494,
        "Gross Profit": 64,
        "Operating Income": 22,
        "EBIT": 35,
        "Net Income": 18
    },
    "2017-05-31": {
        "Diluted EPS": 0.6,
        "Total Revenue": 477,
        "Gross Profit": 66,
        "Operating Income": 19,
        "EBIT": 32,
        "Net Income": 17
    },
    "2017-02-28": {
        "Diluted EPS": 0.4,
        "Total Revenue": 382,
        "Gross Profit": 55,
        "Operating Income": 14,
        "EBIT": 29,
        "Net Income": 11
    },
    "2016-11-30": {
        "Diluted EPS": -0.05,
        "Total Revenue": 334,
        "Gross Profit": 38,
        "Operating Income": 1,
        "EBIT": 14,
        "Net Income": -1
    },
    "2016-08-31": {
        "Diluted EPS": 0.61,
        "Total Revenue": 391,
        "Gross Profit": 54,
        "Operating Income": 18,
        "EBIT": 32,
        "Net Income": 16
    },
    "2016-05-31": {
        "Diluted EPS": 0.4,
        "Total Revenue": 352,
        "Gross Profit": 57,
        "Operating Income": 15,
        "EBIT": 29,
        "Net Income": 11
    },
    "2016-02-29": {
        "Diluted EPS": -1.52,
        "Total Revenue": 289,
        "Gross Profit": 29,
        "Operating Income": -37,
        "EBIT": -23,
        "Net Income": -41
    },
    "2015-11-30": {
        "Diluted EPS": -0.2,
        "Total Revenue": 321,
        "Gross Profit": 36,
        "Operating Income": -4,
        "EBIT": 11,
        "Net Income": -5
    },
    "2015-08-31": {
        "Diluted EPS": 0.4,
        "Total Revenue": 457,
        "Gross Profit": 53,
        "Operating Income": 9,
        "EBIT": 25,
        "Net Income": 11
    },
    "2015-05-31": {
        "Diluted EPS": -0.36,
        "Total Revenue": 467,
        "Gross Profit": 43,
        "Operating Income": -4,
        "EBIT": 12,
        "Net Income": -10
    },
    "2015-02-28": {
        "Diluted EPS": -7.24,
        "Total Revenue": 437,
        "Gross Profit": 31,
        "Operating Income": -201,
        "EBIT": -182,
        "Net Income": -196
    },
    "2014-11-30": {
        "Diluted EPS": -0.09,
        "Total Revenue": 554,
        "Gross Profit": 46,
        "Operating Income": 1,
        "EBIT": 20,
        "Net Income": -2
    },
    "2014-08-31": {
        "Diluted EPS": 0.26,
        "Total Revenue": 686,
        "Gross Profit": 68,
        "Operating Income": 19,
        "EBIT": 38,
        "Net Income": 7
    },
    "2014-05-31": {
        "Diluted EPS": 0.12,
        "Total Revenue": 635,
        "Gross Profit": 51,
        "Operating Income": 3,
        "EBIT": 22,
        "Net Income": 3
    },
    "2014-02-28": {
        "Diluted EPS": 0.07,
        "Total Revenue": 626,
        "Gross Profit": 55,
        "Operating Income": 7,
        "EBIT": 27,
        "Net Income": 2
    },
    "2013-11-30": {
        "Diluted EPS": -0.23,
        "Total Revenue": 588,
        "Gross Profit": 45,
        "Operating Income": -4,
        "EBIT": 18,
        "Net Income": -6
    },
    "2013-08-31": {
        "Diluted EPS": -10.85,
        "Total Revenue": 651,
        "Gross Profit": 37,
        "Operating Income": -343,
        "EBIT": -322,
        "Net Income": -289
    },
    "2013-05-31": {
        "Diluted EPS": 0.03,
        "Total Revenue": 710,
        "Gross Profit": 58,
        "Operating Income": 7,
        "EBIT": 28,
        "Net Income": 1
    },
    "2013-02-28": {
        "Diluted EPS": 0.32,
        "Total Revenue": 662,
        "Gross Profit": 61,
        "Operating Income": 11,
        "EBIT": 32,
        "Net Income": 9
    },
    "2012-11-30": {
        "Diluted EPS": -0.06,
        "Total Revenue": 593,
        "Gross Profit": 51,
        "Operating Income": 1,
        "EBIT": 22,
        "Net Income": -2
    },
    "2012-08-31": {
        "Diluted EPS": -0.01,
        "Total Revenue": 762,
        "Gross Profit": 50,
        "Operating Income": -1,
        "EBIT": 20,
        "Net Income": 0
    },
    "2012-05-31": {
        "Diluted EPS": 0.4,
        "Total Revenue": 880,
        "Gross Profit": 72,
        "Operating Income": 22,
        "EBIT": 43,
        "Net Income": 11
    },
    "2012-02-29": {
        "Diluted EPS": 0.35,
        "Total Revenue": 887,
        "Gross Profit": 70,
        "Operating Income": 18,
        "EBIT": 39,
        "Net Income": 10
    },
    "2011-11-30": {
        "Diluted EPS": 0.25,
        "Total Revenue": 812,
        "Gross Profit": 70,
        "Operating Income": 15,
        "EBIT": 36,
        "Net Income": 7
    },
    "2011-08-31": {
        "Diluted EPS": 1.31,
        "Total Revenue": NaN,
        "Gross Profit": 115,
        "Operating Income": 56,
        "EBIT": 78,
        "Net Income": 37
    },
    "2011-05-31": {
        "Diluted EPS": 1.18,
        "Total Revenue": 981,
        "Gross Profit": 111,
        "Operating Income": 55,
        "EBIT": 76,
        "Net Income": 33
    },
    "2011-02-28": {
        "Diluted EPS": 1.1,
        "Total Revenue": 722,
        "Gross Profit": 89,
        "Operating Income": 46,
        "EBIT": 65,
        "Net Income": 31
    },
    "2010-11-30": {
        "Diluted EPS": 0.64,
        "Total Revenue": 675,
        "Gross Profit": 73,
        "Operating Income": 28,
        "EBIT": 46,
        "Net Income": 18
    },
    "2010-08-31": {
        "Diluted EPS": 0.63,
        "Total Revenue": 639,
        "Gross Profit": 66,
        "Operating Income": 24,
        "EBIT": 42,
        "Net Income": 17
    },
    "2010-05-31": {
        "Diluted EPS": 1.43,
        "Total Revenue": 704,
        "Gross Profit": 105,
        "Operating Income": 64,
        "EBIT": 82,
        "Net Income": 40
    },
    "2010-02-28": {
        "Diluted EPS": 0.62,
        "Total Revenue": 564,
        "Gross Profit": 68,
        "Operating Income": 29,
        "EBIT": 44,
        "Net Income": 17
    },
    "2009-11-30": {
        "Diluted EPS": -0.31,
        "Total Revenue": 394,
        "Gross Profit": 43,
        "Operating Income": 9,
        "EBIT": 25,
        "Net Income": -9
    },
    "2009-08-31": {
        "Diluted EPS": 0.37,
        "Total Revenue": 527,
        "Gross Profit": 62,
        "Operating Income": 16,
        "EBIT": 30,
        "Net Income": 10
    },
    "2009-05-31": {
        "Diluted EPS": -0.05,
        "Total Revenue": 382,
        "Gross Profit": 35,
        "Operating Income": -4,
        "EBIT": 12,
        "Net Income": -2
    },
    "2009-02-28": {
        "Diluted EPS": -0.25,
        "Total Revenue": 407,
        "Gross Profit": 27,
        "Operating Income": -14,
        "EBIT": 1,
        "Net Income": -7
    }
}