{
    "2023-06-30": {
        "Tax Effect Of Unusual Items": -9345.347554,
        "Tax Rate For Calcs": 0.222508,
        "Normalized EBITDA": 17893000.0,
        "Total Unusual Items": -42000.0,
        "Total Unusual Items Excluding Goodwill": -42000.0,
        "Net Income From Continuing Operation Net Minority Interest": 12684000.0,
        "Reconciled Depreciation": 26469000.0,
        "Reconciled Cost Of Revenue": 513578000.0,
        "EBITDA": 17851000.0,
        "EBIT": 17851000.0,
        "Net Interest Income": -3865000.0,
        "Interest Expense": NaN,
        "Normalized Income": 12716654.652446,
        "Net Income From Continuing And Discontinued Operation": 12684000.0,
        "Total Expenses": 562124000.0,
        "Total Operating Income As Reported": 17809000.0,
        "Diluted Average Shares": 22945000.0,
        "Basic Average Shares": 22768000.0,
        "Diluted EPS": 0.55,
        "Basic EPS": 0.56,
        "Diluted NI Availto Com Stockholders": 12684000.0,
        "Net Income Common Stockholders": 12684000.0,
        "Net Income": 12684000.0,
        "Minority Interests": NaN,
        "Net Income Including Noncontrolling Interests": 12684000.0,
        "Net Income Continuous Operations": 12684000.0,
        "Tax Provision": 3630000.0,
        "Pretax Income": 16314000.0,
        "Other Income Expense": 2328000.0,
        "Other Non Operating Income Expenses": 2370000.0,
        "Special Income Charges": -42000.0,
        "Impairment Of Capital Assets": 0.0,
        "Restructuring And Mergern Acquisition": 42000.0,
        "Gain On Sale Of Security": 2040000.0,
        "Net Non Operating Interest Income Expense": -3865000.0,
        "Total Other Finance Cost": 3865000.0,
        "Interest Expense Non Operating": NaN,
        "Operating Income": 17851000.0,
        "Operating Expense": 48546000.0,
        "Research And Development": 14105000.0,
        "Selling General And Administration": 34441000.0,
        "Selling And Marketing Expense": 11109000.0,
        "General And Administrative Expense": 23332000.0,
        "Other Gand A": 22589000.0,
        "Salaries And Wages": 743000.0,
        "Gross Profit": 66397000.0,
        "Cost Of Revenue": 513578000.0,
        "Total Revenue": 579975000.0,
        "Operating Revenue": 579975000.0
    },
    "2023-03-31": {
        "Tax Effect Of Unusual Items": -29673.0,
        "Tax Rate For Calcs": 0.189,
        "Normalized EBITDA": 22882000.0,
        "Total Unusual Items": -157000.0,
        "Total Unusual Items Excluding Goodwill": -157000.0,
        "Net Income From Continuing Operation Net Minority Interest": 16142000.0,
        "Reconciled Depreciation": 25542000.0,
        "Reconciled Cost Of Revenue": 577876000.0,
        "EBITDA": 22725000.0,
        "EBIT": 22725000.0,
        "Net Interest Income": -2822000.0,
        "Interest Expense": 2822000.0,
        "Normalized Income": 16269327.0,
        "Net Income From Continuing And Discontinued Operation": 16142000.0,
        "Total Expenses": 630222000.0,
        "Total Operating Income As Reported": 21057000.0,
        "Diluted Average Shares": 22994000.0,
        "Basic Average Shares": 22757000.0,
        "Diluted EPS": 0.7,
        "Basic EPS": 0.71,
        "Diluted NI Availto Com Stockholders": 16142000.0,
        "Net Income Common Stockholders": 16142000.0,
        "Net Income": 16142000.0,
        "Minority Interests": NaN,
        "Net Income Including Noncontrolling Interests": 16142000.0,
        "Net Income Continuous Operations": 16142000.0,
        "Tax Provision": 3761000.0,
        "Pretax Income": 19903000.0,
        "Other Income Expense": 1511000.0,
        "Other Non Operating Income Expenses": 1668000.0,
        "Special Income Charges": -157000.0,
        "Impairment Of Capital Assets": NaN,
        "Restructuring And Mergern Acquisition": 157000.0,
        "Gain On Sale Of Security": 1335000.0,
        "Net Non Operating Interest Income Expense": -2822000.0,
        "Total Other Finance Cost": 2822000.0,
        "Interest Expense Non Operating": 2822000.0,
        "Operating Income": 21214000.0,
        "Operating Expense": 52346000.0,
        "Research And Development": 15138000.0,
        "Selling General And Administration": 37208000.0,
        "Selling And Marketing Expense": 13067000.0,
        "General And Administrative Expense": 24141000.0,
        "Other Gand A": 22639000.0,
        "Salaries And Wages": 1502000.0,
        "Gross Profit": 73560000.0,
        "Cost Of Revenue": 577876000.0,
        "Total Revenue": 651436000.0,
        "Operating Revenue": 651436000.0
    },
    "2022-12-31": {
        "Tax Effect Of Unusual Items": -33200.0,
        "Tax Rate For Calcs": 0.4,
        "Normalized EBITDA": 11949000.0,
        "Total Unusual Items": -83000.0,
        "Total Unusual Items Excluding Goodwill": -83000.0,
        "Net Income From Continuing Operation Net Minority Interest": 10834000.0,
        "Reconciled Depreciation": 24692000.0,
        "Reconciled Cost Of Revenue": 559416000.0,
        "EBITDA": 11866000.0,
        "EBIT": 11866000.0,
        "Net Interest Income": -2555000.0,
        "Interest Expense": 2555000.0,
        "Normalized Income": 10883800.0,
        "Net Income From Continuing And Discontinued Operation": 10834000.0,
        "Total Expenses": 615402000.0,
        "Total Operating Income As Reported": 11691000.0,
        "Diluted Average Shares": 22989000.0,
        "Basic Average Shares": 22685000.0,
        "Diluted EPS": 0.47,
        "Basic EPS": 0.48,
        "Diluted NI Availto Com Stockholders": 10834000.0,
        "Net Income Common Stockholders": 10834000.0,
        "Net Income": 10834000.0,
        "Minority Interests": 0.0,
        "Net Income Including Noncontrolling Interests": 10834000.0,
        "Net Income Continuous Operations": 10834000.0,
        "Tax Provision": -1523000.0,
        "Pretax Income": 9311000.0,
        "Other Income Expense": 92000.0,
        "Other Non Operating Income Expenses": 175000.0,
        "Special Income Charges": -83000.0,
        "Impairment Of Capital Assets": 0.0,
        "Restructuring And Mergern Acquisition": 83000.0,
        "Gain On Sale Of Security": 875000.0,
        "Net Non Operating Interest Income Expense": -2555000.0,
        "Total Other Finance Cost": NaN,
        "Interest Expense Non Operating": 2555000.0,
        "Operating Income": 11774000.0,
        "Operating Expense": 55986000.0,
        "Research And Development": 16541000.0,
        "Selling General And Administration": 39445000.0,
        "Selling And Marketing Expense": 13122000.0,
        "General And Administrative Expense": 26323000.0,
        "Other Gand A": 22678000.0,
        "Salaries And Wages": 3645000.0,
        "Gross Profit": 67760000.0,
        "Cost Of Revenue": 559416000.0,
        "Total Revenue": 627176000.0,
        "Operating Revenue": 627176000.0
    },
    "2022-09-30": {
        "Tax Effect Of Unusual Items": -20191.20853,
        "Tax Rate For Calcs": 0.21947,
        "Normalized EBITDA": 54843000.0,
        "Total Unusual Items": -92000.0,
        "Total Unusual Items Excluding Goodwill": -92000.0,
        "Net Income From Continuing Operation Net Minority Interest": 39384000.0,
        "Reconciled Depreciation": 23706000.0,
        "Reconciled Cost Of Revenue": 600709000.0,
        "EBITDA": 54751000.0,
        "EBIT": 54751000.0,
        "Net Interest Income": -2221000.0,
        "Interest Expense": NaN,
        "Normalized Income": 39455808.79147,
        "Net Income From Continuing And Discontinued Operation": 39384000.0,
        "Total Expenses": 664434000.0,
        "Total Operating Income As Reported": 54659000.0,
        "Diluted Average Shares": 23034000.0,
        "Basic Average Shares": 22753000.0,
        "Diluted EPS": 1.71,
        "Basic EPS": 1.73,
        "Diluted NI Availto Com Stockholders": 39384000.0,
        "Net Income Common Stockholders": 39384000.0,
        "Net Income": 39384000.0,
        "Minority Interests": 0.0,
        "Net Income Including Noncontrolling Interests": 39384000.0,
        "Net Income Continuous Operations": 39384000.0,
        "Tax Provision": 11074000.0,
        "Pretax Income": 50458000.0,
        "Other Income Expense": -2072000.0,
        "Other Non Operating Income Expenses": -1980000.0,
        "Special Income Charges": -92000.0,
        "Impairment Of Capital Assets": 0.0,
        "Restructuring And Mergern Acquisition": 92000.0,
        "Gain On Sale Of Security": -2374000.0,
        "Net Non Operating Interest Income Expense": -2221000.0,
        "Total Other Finance Cost": 2221000.0,
        "Interest Expense Non Operating": NaN,
        "Operating Income": 54751000.0,
        "Operating Expense": 63725000.0,
        "Research And Development": 16929000.0,
        "Selling General And Administration": 46796000.0,
        "Selling And Marketing Expense": 15079000.0,
        "General And Administrative Expense": 31717000.0,
        "Other Gand A": 33848000.0,
        "Salaries And Wages": -2131000.0,
        "Gross Profit": 118476000.0,
        "Cost Of Revenue": 600709000.0,
        "Total Revenue": 719185000.0,
        "Operating Revenue": 719185000.0
    },
    "2022-06-30": {
        "Tax Effect Of Unusual Items": -265237.288623,
        "Tax Rate For Calcs": 0.25046,
        "Normalized EBITDA": 79758000.0,
        "Total Unusual Items": -1059000.0,
        "Total Unusual Items Excluding Goodwill": -1059000.0,
        "Net Income From Continuing Operation Net Minority Interest": 52126000.0,
        "Reconciled Depreciation": 23337000.0,
        "Reconciled Cost Of Revenue": 620019000.0,
        "EBITDA": 78699000.0,
        "EBIT": 78699000.0,
        "Net Interest Income": -2727000.0,
        "Interest Expense": NaN,
        "Normalized Income": 52919762.711377,
        "Net Income From Continuing And Discontinued Operation": 52126000.0,
        "Total Expenses": 672934000.0,
        "Total Operating Income As Reported": 77640000.0,
        "Diluted Average Shares": 23055000.0,
        "Basic Average Shares": 22792000.0,
        "Diluted EPS": 2.26,
        "Basic EPS": 2.29,
        "Diluted NI Availto Com Stockholders": 52126000.0,
        "Net Income Common Stockholders": 52126000.0,
        "Net Income": 52126000.0,
        "Minority Interests": 0.0,
        "Net Income Including Noncontrolling Interests": 52126000.0,
        "Net Income Continuous Operations": 52126000.0,
        "Tax Provision": 17418000.0,
        "Pretax Income": 69544000.0,
        "Other Income Expense": -6428000.0,
        "Other Non Operating Income Expenses": -5369000.0,
        "Special Income Charges": -1059000.0,
        "Impairment Of Capital Assets": 978000.0,
        "Restructuring And Mergern Acquisition": 81000.0,
        "Gain On Sale Of Security": -5761000.0,
        "Net Non Operating Interest Income Expense": -2727000.0,
        "Total Other Finance Cost": 2727000.0,
        "Interest Expense Non Operating": NaN,
        "Operating Income": 78699000.0,
        "Operating Expense": 52915000.0,
        "Research And Development": 16690000.0,
        "Selling General And Administration": 36225000.0,
        "Selling And Marketing Expense": 15552000.0,
        "General And Administrative Expense": 20673000.0,
        "Other Gand A": 24079000.0,
        "Salaries And Wages": -3406000.0,
        "Gross Profit": 131614000.0,
        "Cost Of Revenue": 620019000.0,
        "Total Revenue": 751633000.0,
        "Operating Revenue": 751633000.0
    },
    "2022-03-31": {
        "Diluted EPS": 1.93,
        "Total Revenue": 675,
        "Gross Profit": 109,
        "Operating Income": 63,
        "EBIT": 86,
        "Net Income": 45
    },
    "2021-12-31": {
        "Diluted EPS": 0.74,
        "Total Revenue": 610,
        "Gross Profit": 83,
        "Operating Income": 20,
        "EBIT": 43,
        "Net Income": 17
    },
    "2021-09-30": {
        "Diluted EPS": 1.59,
        "Total Revenue": 603,
        "Gross Profit": 92,
        "Operating Income": 40,
        "EBIT": 63,
        "Net Income": 37
    },
    "2021-06-30": {
        "Diluted EPS": 1.85,
        "Total Revenue": 596,
        "Gross Profit": 112,
        "Operating Income": 57,
        "EBIT": 80,
        "Net Income": 43
    },
    "2021-03-31": {
        "Diluted EPS": 1.74,
        "Total Revenue": 538,
        "Gross Profit": 109,
        "Operating Income": 54,
        "EBIT": 76,
        "Net Income": 41
    },
    "2020-12-31": {
        "Diluted EPS": 1.3,
        "Total Revenue": 495,
        "Gross Profit": 109,
        "Operating Income": 45,
        "EBIT": 66,
        "Net Income": 30
    },
    "2020-09-30": {
        "Diluted EPS": 1.43,
        "Total Revenue": 464,
        "Gross Profit": 97,
        "Operating Income": 42,
        "EBIT": 63,
        "Net Income": 33
    },
    "2020-06-30": {
        "Diluted EPS": 1.54,
        "Total Revenue": 461,
        "Gross Profit": 98,
        "Operating Income": 45,
        "EBIT": 65,
        "Net Income": 36
    },
    "2020-03-31": {
        "Diluted EPS": 1.18,
        "Total Revenue": 450,
        "Gross Profit": 79,
        "Operating Income": 40,
        "EBIT": 60,
        "Net Income": 28
    },
    "2019-12-31": {
        "Diluted EPS": 0.94,
        "Total Revenue": 445,
        "Gross Profit": 85,
        "Operating Income": 28,
        "EBIT": 49,
        "Net Income": 22
    },
    "2019-09-30": {
        "Diluted EPS": 1.11,
        "Total Revenue": 452,
        "Gross Profit": 77,
        "Operating Income": 28,
        "EBIT": 48,
        "Net Income": 26
    },
    "2019-06-30": {
        "Diluted EPS": 1.3,
        "Total Revenue": 473,
        "Gross Profit": 93,
        "Operating Income": 41,
        "EBIT": 61,
        "Net Income": 30
    },
    "2019-03-31": {
        "Diluted EPS": 1.07,
        "Total Revenue": 489,
        "Gross Profit": 85,
        "Operating Income": 30,
        "EBIT": 49,
        "Net Income": 25
    },
    "2018-12-31": {
        "Diluted EPS": 1.02,
        "Total Revenue": 467,
        "Gross Profit": 75,
        "Operating Income": 35,
        "EBIT": 56,
        "Net Income": 24
    },
    "2018-09-30": {
        "Diluted EPS": 0.93,
        "Total Revenue": 508,
        "Gross Profit": 84,
        "Operating Income": 27,
        "EBIT": 47,
        "Net Income": 22
    },
    "2018-06-30": {
        "Diluted EPS": 1.44,
        "Total Revenue": 520,
        "Gross Profit": 90,
        "Operating Income": 45,
        "EBIT": 66,
        "Net Income": 33
    },
    "2018-03-31": {
        "Diluted EPS": 1.37,
        "Total Revenue": 499,
        "Gross Profit": 91,
        "Operating Income": 41,
        "EBIT": 61,
        "Net Income": 32
    },
    "2017-12-31": {
        "Diluted EPS": 0.81,
        "Total Revenue": 474,
        "Gross Profit": 88,
        "Operating Income": 39,
        "EBIT": 61,
        "Net Income": 19
    },
    "2017-09-30": {
        "Diluted EPS": 0.94,
        "Total Revenue": 488,
        "Gross Profit": 76,
        "Operating Income": 30,
        "EBIT": 50,
        "Net Income": 22
    },
    "2017-06-30": {
        "Diluted EPS": 1.19,
        "Total Revenue": 495,
        "Gross Profit": 90,
        "Operating Income": 39,
        "EBIT": 58,
        "Net Income": 28
    },
    "2017-03-31": {
        "Diluted EPS": 1.37,
        "Total Revenue": 468,
        "Gross Profit": 92,
        "Operating Income": 46,
        "EBIT": 65,
        "Net Income": 32
    },
    "2016-12-31": {
        "Diluted EPS": 0.35,
        "Total Revenue": 421,
        "Gross Profit": 69,
        "Operating Income": 12,
        "EBIT": 31,
        "Net Income": 8
    },
    "2016-09-30": {
        "Diluted EPS": 0.92,
        "Total Revenue": 445,
        "Gross Profit": 83,
        "Operating Income": 29,
        "EBIT": 47,
        "Net Income": 21
    },
    "2016-06-30": {
        "Diluted EPS": 1.24,
        "Total Revenue": 455,
        "Gross Profit": 93,
        "Operating Income": 43,
        "EBIT": 61,
        "Net Income": 28
    },
    "2016-03-31": {
        "Diluted EPS": 1.22,
        "Total Revenue": 446,
        "Gross Profit": 93,
        "Operating Income": 45,
        "EBIT": 63,
        "Net Income": 28
    },
    "2015-12-31": {
        "Diluted EPS": 0.56,
        "Total Revenue": 419,
        "Gross Profit": 75,
        "Operating Income": 20,
        "EBIT": 38,
        "Net Income": 13
    },
    "2015-09-30": {
        "Diluted EPS": 1.09,
        "Total Revenue": 444,
        "Gross Profit": 78,
        "Operating Income": 39,
        "EBIT": 56,
        "Net Income": 25
    },
    "2015-06-30": {
        "Diluted EPS": 0.74,
        "Total Revenue": 452,
        "Gross Profit": 80,
        "Operating Income": 29,
        "EBIT": 45,
        "Net Income": 17
    },
    "2015-03-31": {
        "Diluted EPS": 0.93,
        "Total Revenue": 460,
        "Gross Profit": 76,
        "Operating Income": 35,
        "EBIT": 51,
        "Net Income": 21
    },
    "2014-12-31": {
        "Diluted EPS": 0.27,
        "Total Revenue": 454,
        "Gross Profit": 50,
        "Operating Income": 9,
        "EBIT": 25,
        "Net Income": 6
    },
    "2014-09-30": {
        "Diluted EPS": 0.59,
        "Total Revenue": 491,
        "Gross Profit": 65,
        "Operating Income": 22,
        "EBIT": 38,
        "Net Income": 13
    },
    "2014-06-30": {
        "Diluted EPS": 1.06,
        "Total Revenue": 504,
        "Gross Profit": 72,
        "Operating Income": 37,
        "EBIT": 53,
        "Net Income": 24
    },
    "2014-03-31": {
        "Diluted EPS": 0.57,
        "Total Revenue": 477,
        "Gross Profit": 63,
        "Operating Income": 23,
        "EBIT": 39,
        "Net Income": 13
    },
    "2013-12-31": {
        "Diluted EPS": 0.47,
        "Total Revenue": 474,
        "Gross Profit": 61,
        "Operating Income": 14,
        "EBIT": 29,
        "Net Income": 11
    },
    "2013-09-30": {
        "Diluted EPS": 0.89,
        "Total Revenue": 475,
        "Gross Profit": 74,
        "Operating Income": 31,
        "EBIT": 45,
        "Net Income": 20
    },
    "2013-06-30": {
        "Diluted EPS": 0.99,
        "Total Revenue": 474,
        "Gross Profit": 74,
        "Operating Income": 36,
        "EBIT": 50,
        "Net Income": 23
    },
    "2013-03-31": {
        "Diluted EPS": 0.83,
        "Total Revenue": 457,
        "Gross Profit": 73,
        "Operating Income": 28,
        "EBIT": 42,
        "Net Income": 19
    },
    "2012-12-31": {
        "Diluted EPS": 0.68,
        "Total Revenue": 427,
        "Gross Profit": 70,
        "Operating Income": 25,
        "EBIT": 38,
        "Net Income": 16
    },
    "2012-09-30": {
        "Diluted EPS": 0.89,
        "Total Revenue": 441,
        "Gross Profit": 71,
        "Operating Income": 34,
        "EBIT": 47,
        "Net Income": 20
    },
    "2012-06-30": {
        "Diluted EPS": 0.94,
        "Total Revenue": 470,
        "Gross Profit": 73,
        "Operating Income": 35,
        "EBIT": 48,
        "Net Income": 21
    },
    "2012-03-31": {
        "Diluted EPS": 0.98,
        "Total Revenue": 465,
        "Gross Profit": 77,
        "Operating Income": 35,
        "EBIT": 48,
        "Net Income": 22
    },
    "2011-12-31": {
        "Diluted EPS": 0.59,
        "Total Revenue": 444,
        "Gross Profit": 60,
        "Operating Income": 21,
        "EBIT": 33,
        "Net Income": 14
    },
    "2011-09-30": {
        "Diluted EPS": 0.85,
        "Total Revenue": 499,
        "Gross Profit": 64,
        "Operating Income": 33,
        "EBIT": 45,
        "Net Income": 19
    },
    "2011-06-30": {
        "Diluted EPS": 0.94,
        "Total Revenue": 477,
        "Gross Profit": 70,
        "Operating Income": 34,
        "EBIT": 46,
        "Net Income": 21
    },
    "2011-03-31": {
        "Diluted EPS": 0.84,
        "Total Revenue": 423,
        "Gross Profit": 62,
        "Operating Income": 30,
        "EBIT": 41,
        "Net Income": 19
    },
    "2010-12-31": {
        "Diluted EPS": 0.38,
        "Total Revenue": 361,
        "Gross Profit": 51,
        "Operating Income": 13,
        "EBIT": 25,
        "Net Income": 8
    },
    "2010-09-30": {
        "Diluted EPS": 0.87,
        "Total Revenue": 367,
        "Gross Profit": 58,
        "Operating Income": 31,
        "EBIT": 41,
        "Net Income": 19
    },
    "2010-06-30": {
        "Diluted EPS": 0.77,
        "Total Revenue": 367,
        "Gross Profit": 63,
        "Operating Income": 30,
        "EBIT": 39,
        "Net Income": 17
    },
    "2010-03-31": {
        "Diluted EPS": 0.94,
        "Total Revenue": 337,
        "Gross Profit": 64,
        "Operating Income": 34,
        "EBIT": 43,
        "Net Income": 21
    },
    "2009-12-31": {
        "Diluted EPS": 0.39,
        "Total Revenue": 311,
        "Gross Profit": 50,
        "Operating Income": 14,
        "EBIT": 24,
        "Net Income": 8
    },
    "2009-09-30": {
        "Diluted EPS": 0.9,
        "Total Revenue": 326,
        "Gross Profit": 69,
        "Operating Income": 34,
        "EBIT": 43,
        "Net Income": 20
    },
    "2009-06-30": {
        "Diluted EPS": 0.92,
        "Total Revenue": 321,
        "Gross Profit": 66,
        "Operating Income": 31,
        "EBIT": 40,
        "Net Income": 20
    },
    "2009-03-31": {
        "Diluted EPS": 0.72,
        "Total Revenue": 318,
        "Gross Profit": 49,
        "Operating Income": 26,
        "EBIT": 35,
        "Net Income": 15
    }
}