{
    "2023-03-31": {
        "Tax Effect Of Unusual Items": NaN,
        "Tax Rate For Calcs": NaN,
        "Normalized EBITDA": NaN,
        "Total Unusual Items": NaN,
        "Total Unusual Items Excluding Goodwill": NaN,
        "Net Income From Continuing Operation Net Minority Interest": NaN,
        "Reconciled Depreciation": NaN,
        "Reconciled Cost Of Revenue": NaN,
        "EBITDA": NaN,
        "EBIT": NaN,
        "Net Interest Income": NaN,
        "Interest Expense": NaN,
        "Normalized Income": NaN,
        "Net Income From Continuing And Discontinued Operation": NaN,
        "Total Expenses": NaN,
        "Rent Expense Supplemental": NaN,
        "Total Operating Income As Reported": NaN,
        "Diluted Average Shares": 4692513.0,
        "Basic Average Shares": 4692513.0,
        "Diluted EPS": -2.66,
        "Basic EPS": -2.66,
        "Diluted NI Availto Com Stockholders": NaN,
        "Net Income Common Stockholders": NaN,
        "Preferred Stock Dividends": NaN,
        "Net Income": NaN,
        "Net Income Including Noncontrolling Interests": NaN,
        "Net Income Continuous Operations": NaN,
        "Tax Provision": NaN,
        "Pretax Income": NaN,
        "Other Income Expense": NaN,
        "Other Non Operating Income Expenses": NaN,
        "Special Income Charges": NaN,
        "Impairment Of Capital Assets": NaN,
        "Restructuring And Mergern Acquisition": NaN,
        "Gain On Sale Of Security": NaN,
        "Net Non Operating Interest Income Expense": NaN,
        "Interest Expense Non Operating": NaN,
        "Operating Income": NaN,
        "Operating Expense": NaN,
        "Depreciation Amortization Depletion Income Statement": NaN,
        "Depreciation And Amortization In Income Statement": NaN,
        "Amortization": NaN,
        "Amortization Of Intangibles Income Statement": NaN,
        "Depreciation Income Statement": NaN,
        "Research And Development": NaN,
        "Selling General And Administration": NaN,
        "Selling And Marketing Expense": NaN,
        "General And Administrative Expense": NaN,
        "Other Gand A": NaN,
        "Rent And Landing Fees": 1213000.0,
        "Salaries And Wages": NaN,
        "Gross Profit": NaN,
        "Cost Of Revenue": NaN,
        "Total Revenue": NaN,
        "Operating Revenue": NaN
    },
    "2022-12-31": {
        "Tax Effect Of Unusual Items": NaN,
        "Tax Rate For Calcs": NaN,
        "Normalized EBITDA": NaN,
        "Total Unusual Items": NaN,
        "Total Unusual Items Excluding Goodwill": NaN,
        "Net Income From Continuing Operation Net Minority Interest": NaN,
        "Reconciled Depreciation": NaN,
        "Reconciled Cost Of Revenue": NaN,
        "EBITDA": NaN,
        "EBIT": NaN,
        "Net Interest Income": NaN,
        "Interest Expense": NaN,
        "Normalized Income": NaN,
        "Net Income From Continuing And Discontinued Operation": NaN,
        "Total Expenses": NaN,
        "Rent Expense Supplemental": NaN,
        "Total Operating Income As Reported": NaN,
        "Diluted Average Shares": NaN,
        "Basic Average Shares": NaN,
        "Diluted EPS": NaN,
        "Basic EPS": NaN,
        "Diluted NI Availto Com Stockholders": NaN,
        "Net Income Common Stockholders": NaN,
        "Preferred Stock Dividends": NaN,
        "Net Income": NaN,
        "Net Income Including Noncontrolling Interests": NaN,
        "Net Income Continuous Operations": NaN,
        "Tax Provision": NaN,
        "Pretax Income": NaN,
        "Other Income Expense": NaN,
        "Other Non Operating Income Expenses": NaN,
        "Special Income Charges": NaN,
        "Impairment Of Capital Assets": 156000.0,
        "Restructuring And Mergern Acquisition": NaN,
        "Gain On Sale Of Security": NaN,
        "Net Non Operating Interest Income Expense": NaN,
        "Interest Expense Non Operating": NaN,
        "Operating Income": NaN,
        "Operating Expense": NaN,
        "Depreciation Amortization Depletion Income Statement": NaN,
        "Depreciation And Amortization In Income Statement": NaN,
        "Amortization": NaN,
        "Amortization Of Intangibles Income Statement": NaN,
        "Depreciation Income Statement": NaN,
        "Research And Development": NaN,
        "Selling General And Administration": NaN,
        "Selling And Marketing Expense": NaN,
        "General And Administrative Expense": NaN,
        "Other Gand A": NaN,
        "Rent And Landing Fees": 1383000.0,
        "Salaries And Wages": NaN,
        "Gross Profit": NaN,
        "Cost Of Revenue": NaN,
        "Total Revenue": NaN,
        "Operating Revenue": NaN
    },
    "2022-09-30": {
        "Tax Effect Of Unusual Items": NaN,
        "Tax Rate For Calcs": NaN,
        "Normalized EBITDA": NaN,
        "Total Unusual Items": NaN,
        "Total Unusual Items Excluding Goodwill": NaN,
        "Net Income From Continuing Operation Net Minority Interest": NaN,
        "Reconciled Depreciation": NaN,
        "Reconciled Cost Of Revenue": NaN,
        "EBITDA": NaN,
        "EBIT": NaN,
        "Net Interest Income": NaN,
        "Interest Expense": NaN,
        "Normalized Income": NaN,
        "Net Income From Continuing And Discontinued Operation": NaN,
        "Total Expenses": NaN,
        "Rent Expense Supplemental": NaN,
        "Total Operating Income As Reported": NaN,
        "Diluted Average Shares": 4667350.0,
        "Basic Average Shares": 4667350.0,
        "Diluted EPS": -12.0,
        "Basic EPS": -12.0,
        "Diluted NI Availto Com Stockholders": NaN,
        "Net Income Common Stockholders": NaN,
        "Preferred Stock Dividends": NaN,
        "Net Income": NaN,
        "Net Income Including Noncontrolling Interests": NaN,
        "Net Income Continuous Operations": NaN,
        "Tax Provision": NaN,
        "Pretax Income": NaN,
        "Other Income Expense": NaN,
        "Other Non Operating Income Expenses": NaN,
        "Special Income Charges": NaN,
        "Impairment Of Capital Assets": 46300000.0,
        "Restructuring And Mergern Acquisition": NaN,
        "Gain On Sale Of Security": NaN,
        "Net Non Operating Interest Income Expense": NaN,
        "Interest Expense Non Operating": NaN,
        "Operating Income": NaN,
        "Operating Expense": NaN,
        "Depreciation Amortization Depletion Income Statement": NaN,
        "Depreciation And Amortization In Income Statement": NaN,
        "Amortization": NaN,
        "Amortization Of Intangibles Income Statement": NaN,
        "Depreciation Income Statement": NaN,
        "Research And Development": NaN,
        "Selling General And Administration": NaN,
        "Selling And Marketing Expense": NaN,
        "General And Administrative Expense": NaN,
        "Other Gand A": NaN,
        "Rent And Landing Fees": 1392000.0,
        "Salaries And Wages": NaN,
        "Gross Profit": NaN,
        "Cost Of Revenue": NaN,
        "Total Revenue": NaN,
        "Operating Revenue": NaN
    },
    "2022-06-30": {
        "Tax Effect Of Unusual Items": 2834800.0,
        "Tax Rate For Calcs": 0.4,
        "Normalized EBITDA": 280000.0,
        "Total Unusual Items": 7087000.0,
        "Total Unusual Items Excluding Goodwill": 7087000.0,
        "Net Income From Continuing Operation Net Minority Interest": -5050000.0,
        "Reconciled Depreciation": 11593000.0,
        "Reconciled Cost Of Revenue": 46646000.0,
        "EBITDA": 7367000.0,
        "EBIT": -4226000.0,
        "Net Interest Income": -176000.0,
        "Interest Expense": 176000.0,
        "Normalized Income": -9302200.0,
        "Net Income From Continuing And Discontinued Operation": -5050000.0,
        "Total Expenses": 102744000.0,
        "Rent Expense Supplemental": 6658000.0,
        "Total Operating Income As Reported": -11310000.0,
        "Diluted Average Shares": 92405250.0,
        "Basic Average Shares": 92405250.0,
        "Diluted EPS": -0.1,
        "Basic EPS": -0.1,
        "Diluted NI Availto Com Stockholders": -8918000.0,
        "Net Income Common Stockholders": -8918000.0,
        "Preferred Stock Dividends": 3868000.0,
        "Net Income": -5050000.0,
        "Net Income Including Noncontrolling Interests": -5050000.0,
        "Net Income Continuous Operations": -5050000.0,
        "Tax Provision": 648000.0,
        "Pretax Income": -4402000.0,
        "Other Income Expense": 7084000.0,
        "Other Non Operating Income Expenses": -3000.0,
        "Special Income Charges": 0.0,
        "Impairment Of Capital Assets": NaN,
        "Restructuring And Mergern Acquisition": NaN,
        "Gain On Sale Of Security": 7087000.0,
        "Net Non Operating Interest Income Expense": -176000.0,
        "Interest Expense Non Operating": 176000.0,
        "Operating Income": -11310000.0,
        "Operating Expense": 51277000.0,
        "Depreciation Amortization Depletion Income Statement": 6772000.0,
        "Depreciation And Amortization In Income Statement": 6772000.0,
        "Amortization": 6772000.0,
        "Amortization Of Intangibles Income Statement": 6772000.0,
        "Research And Development": 9917000.0,
        "Selling General And Administration": 34588000.0,
        "Selling And Marketing Expense": 1868000.0,
        "General And Administrative Expense": 32720000.0,
        "Other Gand A": 7751000.0,
        "Rent And Landing Fees": 1361000.0,
        "Salaries And Wages": 23608000.0,
        "Gross Profit": 39967000.0,
        "Cost Of Revenue": 51467000.0,
        "Total Revenue": 91434000.0,
        "Operating Revenue": 91434000.0
    },
    "2022-03-31": {
        "Diluted EPS": -0.14,
        "Total Revenue": 94,
        "Gross Profit": 41,
        "Operating Income": -11,
        "EBIT": 1,
        "Net Income": -13
    },
    "2021-12-31": {
        "Diluted EPS": 0.01,
        "Total Revenue": 97,
        "Gross Profit": 47,
        "Operating Income": -2,
        "EBIT": 10,
        "Net Income": -1
    },
    "2021-09-30": {
        "Diluted EPS": -0.02,
        "Total Revenue": 92,
        "Gross Profit": 43,
        "Operating Income": -4,
        "EBIT": 7,
        "Net Income": -2
    },
    "2021-06-30": {
        "Diluted EPS": -0.28,
        "Total Revenue": 88,
        "Gross Profit": 36,
        "Operating Income": -11,
        "EBIT": 0,
        "Net Income": -22
    },
    "2021-03-31": {
        "Diluted EPS": -0.49,
        "Total Revenue": 90,
        "Gross Profit": 38,
        "Operating Income": -11,
        "EBIT": -1,
        "Net Income": -37
    },
    "2020-12-31": {
        "Diluted EPS": -0.17,
        "Total Revenue": 90,
        "Gross Profit": 46,
        "Operating Income": -2,
        "EBIT": 12,
        "Net Income": -13
    },
    "2020-09-30": {
        "Diluted EPS": -0.16,
        "Total Revenue": 88,
        "Gross Profit": 41,
        "Operating Income": -4,
        "EBIT": 9,
        "Net Income": -11
    },
    "2020-06-30": {
        "Diluted EPS": -0.15,
        "Total Revenue": 89,
        "Gross Profit": 44,
        "Operating Income": -3,
        "EBIT": 10,
        "Net Income": -10
    },
    "2020-03-31": {
        "Diluted EPS": -0.19,
        "Total Revenue": 90,
        "Gross Profit": 44,
        "Operating Income": -13,
        "EBIT": 0,
        "Net Income": -13
    },
    "2019-12-31": {
        "Diluted EPS": -0.1,
        "Total Revenue": 95,
        "Gross Profit": 48,
        "Operating Income": -6,
        "EBIT": 7,
        "Net Income": -21
    },
    "2019-09-30": {
        "Diluted EPS": -0.16,
        "Total Revenue": 94,
        "Gross Profit": 47,
        "Operating Income": -10,
        "EBIT": 3,
        "Net Income": -11
    },
    "2019-06-30": {
        "Diluted EPS": -4.61,
        "Total Revenue": 97,
        "Gross Profit": 45,
        "Operating Income": -272,
        "EBIT": -17,
        "Net Income": -280
    },
    "2019-03-31": {
        "Diluted EPS": -0.46,
        "Total Revenue": 102,
        "Gross Profit": 49,
        "Operating Income": -23,
        "EBIT": -9,
        "Net Income": -28
    },
    "2018-12-31": {
        "Diluted EPS": -0.39,
        "Total Revenue": 109,
        "Gross Profit": 57,
        "Operating Income": -24,
        "EBIT": -9,
        "Net Income": -27
    },
    "2018-09-30": {
        "Diluted EPS": -0.42,
        "Total Revenue": 103,
        "Gross Profit": 53,
        "Operating Income": -18,
        "EBIT": -4,
        "Net Income": -25
    },
    "2018-06-30": {
        "Diluted EPS": -1.02,
        "Total Revenue": 101,
        "Gross Profit": 50,
        "Operating Income": -52,
        "EBIT": -38,
        "Net Income": -56
    },
    "2018-03-31": {
        "Diluted EPS": -0.93,
        "Total Revenue": 106,
        "Gross Profit": 59,
        "Operating Income": -46,
        "EBIT": -32,
        "Net Income": -51
    },
    "2017-12-31": {
        "Diluted EPS": -1.26,
        "Total Revenue": 103,
        "Gross Profit": 53,
        "Operating Income": -80,
        "EBIT": -66,
        "Net Income": -72
    },
    "2017-09-30": {
        "Diluted EPS": -2.26,
        "Total Revenue": 100,
        "Gross Profit": 52,
        "Operating Income": -134,
        "EBIT": -119,
        "Net Income": -130
    },
    "2017-06-30": {
        "Diluted EPS": -0.67,
        "Total Revenue": 99,
        "Gross Profit": 52,
        "Operating Income": -39,
        "EBIT": -24,
        "Net Income": -39
    },
    "2017-03-31": {
        "Diluted EPS": -0.71,
        "Total Revenue": 101,
        "Gross Profit": 54,
        "Operating Income": -43,
        "EBIT": -28,
        "Net Income": -41
    },
    "2016-12-31": {
        "Diluted EPS": -0.57,
        "Total Revenue": 107,
        "Gross Profit": 60,
        "Operating Income": -34,
        "EBIT": -19,
        "Net Income": -32
    },
    "2016-09-30": {
        "Diluted EPS": -0.55,
        "Total Revenue": 101,
        "Gross Profit": 56,
        "Operating Income": -33,
        "EBIT": -18,
        "Net Income": -31
    },
    "2016-06-30": {
        "Diluted EPS": -0.72,
        "Total Revenue": 100,
        "Gross Profit": 56,
        "Operating Income": -43,
        "EBIT": -29,
        "Net Income": -41
    },
    "2016-03-31": {
        "Diluted EPS": -0.26,
        "Total Revenue": 91,
        "Gross Profit": 55,
        "Operating Income": -21,
        "EBIT": -9,
        "Net Income": -13
    },
    "2015-12-31": {
        "Diluted EPS": -1.75,
        "Total Revenue": 0,
        "Gross Profit": -28,
        "Operating Income": -65,
        "EBIT": -58,
        "Net Income": -67
    },
    "2015-09-30": {
        "Diluted EPS": 0.02,
        "Total Revenue": 92,
        "Gross Profit": 62,
        "Operating Income": 2,
        "EBIT": 11,
        "Net Income": 1
    },
    "2015-06-30": {
        "Diluted EPS": -0.12,
        "Total Revenue": 91,
        "Gross Profit": 63,
        "Operating Income": -3,
        "EBIT": 6,
        "Net Income": -5
    },
    "2015-03-31": {
        "Diluted EPS": -0.22,
        "Total Revenue": 87,
        "Gross Profit": 62,
        "Operating Income": -9,
        "EBIT": -3,
        "Net Income": -7
    },
    "2014-12-31": {
        "Diluted EPS": -0.08,
        "Total Revenue": 90,
        "Gross Profit": 64,
        "Operating Income": -6,
        "EBIT": 2,
        "Net Income": -3
    },
    "2014-09-30": {
        "Diluted EPS": -0.1,
        "Total Revenue": 82,
        "Gross Profit": 58,
        "Operating Income": -6,
        "EBIT": 7,
        "Net Income": -3
    },
    "2014-06-30": {
        "Diluted EPS": -0.09,
        "Total Revenue": 80,
        "Gross Profit": 57,
        "Operating Income": -2,
        "EBIT": 4,
        "Net Income": -3
    },
    "2014-03-31": {
        "Diluted EPS": -0.02,
        "Total Revenue": 77,
        "Gross Profit": 53,
        "Operating Income": 0,
        "EBIT": 6,
        "Net Income": -1
    },
    "2013-12-31": {
        "Diluted EPS": 0.0,
        "Total Revenue": 76,
        "Gross Profit": 52,
        "Operating Income": 1,
        "EBIT": 7,
        "Net Income": 0
    },
    "2013-09-30": {
        "Diluted EPS": 0.0,
        "Total Revenue": 72,
        "Gross Profit": 50,
        "Operating Income": 1,
        "EBIT": 7,
        "Net Income": 0
    },
    "2013-06-30": {
        "Diluted EPS": -0.01,
        "Total Revenue": 70,
        "Gross Profit": 48,
        "Operating Income": 1,
        "EBIT": 7,
        "Net Income": 0
    },
    "2013-03-31": {
        "Diluted EPS": -0.06,
        "Total Revenue": 69,
        "Gross Profit": 46,
        "Operating Income": 1,
        "EBIT": 7,
        "Net Income": -2
    },
    "2012-12-31": {
        "Diluted EPS": -0.05,
        "Total Revenue": 68,
        "Gross Profit": 45,
        "Operating Income": -2,
        "EBIT": 5,
        "Net Income": -2
    },
    "2012-09-30": {
        "Diluted EPS": -0.09,
        "Total Revenue": 64,
        "Gross Profit": 42,
        "Operating Income": -1,
        "EBIT": 5,
        "Net Income": -3
    },
    "2012-06-30": {
        "Diluted EPS": -0.2,
        "Total Revenue": 60,
        "Gross Profit": 40,
        "Operating Income": -6,
        "EBIT": 3,
        "Net Income": -7
    },
    "2012-03-31": {
        "Diluted EPS": -0.01,
        "Total Revenue": 62,
        "Gross Profit": 42,
        "Operating Income": 1,
        "EBIT": 7,
        "Net Income": 0
    },
    "2011-12-31": {
        "Diluted EPS": -0.1,
        "Total Revenue": 63,
        "Gross Profit": 43,
        "Operating Income": -4,
        "EBIT": 2,
        "Net Income": -3
    },
    "2011-09-30": {
        "Diluted EPS": -0.12,
        "Total Revenue": 59,
        "Gross Profit": 39,
        "Operating Income": -5,
        "EBIT": 0,
        "Net Income": -4
    },
    "2011-06-30": {
        "Diluted EPS": -0.26,
        "Total Revenue": 58,
        "Gross Profit": 39,
        "Operating Income": -6,
        "EBIT": -1,
        "Net Income": -8
    },
    "2011-03-31": {
        "Diluted EPS": -0.01,
        "Total Revenue": 53,
        "Gross Profit": 36,
        "Operating Income": -3,
        "EBIT": 2,
        "Net Income": 0
    },
    "2010-12-31": {
        "Diluted EPS": -0.02,
        "Total Revenue": 51,
        "Gross Profit": 36,
        "Operating Income": -1,
        "EBIT": 3,
        "Net Income": 0
    },
    "2010-09-30": {
        "Diluted EPS": -0.07,
        "Total Revenue": 46,
        "Gross Profit": 32,
        "Operating Income": -3,
        "EBIT": 0,
        "Net Income": -2
    },
    "2010-06-30": {
        "Diluted EPS": 0.03,
        "Total Revenue": 42,
        "Gross Profit": 30,
        "Operating Income": 2,
        "EBIT": 4,
        "Net Income": 1
    },
    "2010-03-31": {
        "Diluted EPS": 0.01,
        "Total Revenue": 36,
        "Gross Profit": 26,
        "Operating Income": 1,
        "EBIT": 3,
        "Net Income": 0
    },
    "2009-12-31": {
        "Diluted EPS": 0.05,
        "Total Revenue": 34,
        "Gross Profit": 24,
        "Operating Income": 3,
        "EBIT": 5,
        "Net Income": 2
    },
    "2009-09-30": {
        "Diluted EPS": 0.03,
        "Total Revenue": 32,
        "Gross Profit": 22,
        "Operating Income": 3,
        "EBIT": 5,
        "Net Income": 1
    },
    "2009-06-30": {
        "Diluted EPS": 0.04,
        "Total Revenue": 31,
        "Gross Profit": 22,
        "Operating Income": 2,
        "EBIT": 4,
        "Net Income": 1
    },
    "2009-03-31": {
        "Diluted EPS": 0.01,
        "Total Revenue": 31,
        "Gross Profit": 21,
        "Operating Income": 1,
        "EBIT": 3,
        "Net Income": 0
    },
    "2023-06-30": {
        "Tax Effect Of Unusual Items": NaN,
        "Tax Rate For Calcs": NaN,
        "Normalized EBITDA": NaN,
        "Total Unusual Items": NaN,
        "Total Unusual Items Excluding Goodwill": NaN,
        "Net Income From Continuing Operation Net Minority Interest": NaN,
        "Reconciled Depreciation": NaN,
        "Reconciled Cost Of Revenue": NaN,
        "EBITDA": NaN,
        "EBIT": NaN,
        "Net Interest Income": NaN,
        "Interest Expense": NaN,
        "Normalized Income": NaN,
        "Net Income From Continuing And Discontinued Operation": NaN,
        "Total Expenses": NaN,
        "Rent Expense Supplemental": NaN,
        "Total Operating Income As Reported": NaN,
        "Diluted Average Shares": 4776431.0,
        "Basic Average Shares": 4776431.0,
        "Diluted EPS": -10.21,
        "Basic EPS": -10.21,
        "Diluted NI Availto Com Stockholders": NaN,
        "Net Income Common Stockholders": NaN,
        "Preferred Stock Dividends": NaN,
        "Net Income": NaN,
        "Net Income Including Noncontrolling Interests": NaN,
        "Net Income Continuous Operations": NaN,
        "Tax Provision": NaN,
        "Pretax Income": NaN,
        "Other Income Expense": NaN,
        "Other Non Operating Income Expenses": 21000.0,
        "Special Income Charges": NaN,
        "Impairment Of Capital Assets": 44100000.0,
        "Restructuring And Mergern Acquisition": NaN,
        "Gain On Sale Of Security": NaN,
        "Net Non Operating Interest Income Expense": NaN,
        "Interest Expense Non Operating": NaN,
        "Operating Income": NaN,
        "Operating Expense": NaN,
        "Depreciation Amortization Depletion Income Statement": NaN,
        "Depreciation And Amortization In Income Statement": NaN,
        "Amortization": NaN,
        "Amortization Of Intangibles Income Statement": NaN,
        "Depreciation Income Statement": 983000.0,
        "Research And Development": NaN,
        "Selling General And Administration": NaN,
        "Selling And Marketing Expense": NaN,
        "General And Administrative Expense": NaN,
        "Other Gand A": NaN,
        "Rent And Landing Fees": NaN,
        "Salaries And Wages": NaN,
        "Gross Profit": NaN,
        "Cost Of Revenue": NaN,
        "Total Revenue": NaN,
        "Operating Revenue": NaN
    },
    "2023-09-30": {
        "Tax Effect Of Unusual Items": -28951.0,
        "Tax Rate For Calcs": 0.221,
        "Normalized EBITDA": 10155000.0,
        "Total Unusual Items": -131000.0,
        "Total Unusual Items Excluding Goodwill": -131000.0,
        "Net Income From Continuing Operation Net Minority Interest": 2618000.0,
        "Reconciled Depreciation": 6239000.0,
        "Reconciled Cost Of Revenue": 45034000.0,
        "EBITDA": 10024000.0,
        "EBIT": 3785000.0,
        "Net Interest Income": -426000.0,
        "Interest Expense": 426000.0,
        "Normalized Income": 2720049.0,
        "Net Income From Continuing And Discontinued Operation": 2618000.0,
        "Total Expenses": 87078000.0,
        "Rent Expense Supplemental": 6970000.0,
        "Total Operating Income As Reported": 2067000.0,
        "Diluted Average Shares": 4885459.0,
        "Basic Average Shares": 4885459.0,
        "Diluted EPS": -0.34,
        "Basic EPS": -0.34,
        "Diluted NI Availto Com Stockholders": -1668000.0,
        "Net Income Common Stockholders": -1668000.0,
        "Preferred Stock Dividends": 4286000.0,
        "Net Income": 2618000.0,
        "Net Income Including Noncontrolling Interests": 2618000.0,
        "Net Income Continuous Operations": 2618000.0,
        "Tax Provision": 741000.0,
        "Pretax Income": 3359000.0,
        "Other Income Expense": -137000.0,
        "Other Non Operating Income Expenses": -6000.0,
        "Special Income Charges": -1855000.0,
        "Impairment Of Capital Assets": 1502000.0,
        "Restructuring And Mergern Acquisition": 353000.0,
        "Gain On Sale Of Security": 1724000.0,
        "Net Non Operating Interest Income Expense": -426000.0,
        "Interest Expense Non Operating": 426000.0,
        "Operating Income": 3922000.0,
        "Operating Expense": 36605000.0,
        "Depreciation Amortization Depletion Income Statement": 800000.0,
        "Depreciation And Amortization In Income Statement": 800000.0,
        "Amortization": 800000.0,
        "Amortization Of Intangibles Income Statement": 800000.0,
        "Depreciation Income Statement": 1188000.0,
        "Research And Development": 8083000.0,
        "Selling General And Administration": 27722000.0,
        "Selling And Marketing Expense": 1656000.0,
        "General And Administrative Expense": 26066000.0,
        "Other Gand A": 6588000.0,
        "Rent And Landing Fees": 1188000.0,
        "Salaries And Wages": 18290000.0,
        "Gross Profit": 40527000.0,
        "Cost Of Revenue": 50473000.0,
        "Total Revenue": 91000000.0,
        "Operating Revenue": 91000000.0
    },
    "2023-12-31": {
        "Tax Effect Of Unusual Items": -7878570.0,
        "Tax Rate For Calcs": 0.21,
        "Normalized EBITDA": 15090000.0,
        "Total Unusual Items": -37517000.0,
        "Total Unusual Items Excluding Goodwill": -37517000.0,
        "Net Income From Continuing Operation Net Minority Interest": -28399000.0,
        "Reconciled Depreciation": 4698000.0,
        "Reconciled Cost Of Revenue": 46323000.0,
        "EBITDA": -22427000.0,
        "EBIT": -27125000.0,
        "Net Interest Income": -304000.0,
        "Interest Expense": 304000.0,
        "Normalized Income": 1239430.0,
        "Net Income From Continuing And Discontinued Operation": -28399000.0,
        "Total Expenses": 84684000.0,
        "Rent Expense Supplemental": 7410000.0,
        "Total Operating Income As Reported": -24462000.0,
        "Diluted Average Shares": NaN,
        "Basic Average Shares": NaN,
        "Diluted EPS": NaN,
        "Basic EPS": NaN,
        "Diluted NI Availto Com Stockholders": -32686000.0,
        "Net Income Common Stockholders": -32686000.0,
        "Preferred Stock Dividends": 4287000.0,
        "Net Income": -28399000.0,
        "Net Income Including Noncontrolling Interests": -28399000.0,
        "Net Income Continuous Operations": -28399000.0,
        "Tax Provision": 970000.0,
        "Pretax Income": -27429000.0,
        "Other Income Expense": -37542000.0,
        "Other Non Operating Income Expenses": -25000.0,
        "Special Income Charges": -34879000.0,
        "Impairment Of Capital Assets": 34100000.0,
        "Restructuring And Mergern Acquisition": 779000.0,
        "Gain On Sale Of Security": -2638000.0,
        "Net Non Operating Interest Income Expense": -304000.0,
        "Interest Expense Non Operating": 304000.0,
        "Operating Income": 10417000.0,
        "Operating Expense": 34464000.0,
        "Depreciation Amortization Depletion Income Statement": 801000.0,
        "Depreciation And Amortization In Income Statement": 801000.0,
        "Amortization": 801000.0,
        "Amortization Of Intangibles Income Statement": 801000.0,
        "Depreciation Income Statement": 1166000.0,
        "Research And Development": 7909000.0,
        "Selling General And Administration": 25754000.0,
        "Selling And Marketing Expense": 1694000.0,
        "General And Administrative Expense": 24060000.0,
        "Other Gand A": 6025000.0,
        "Rent And Landing Fees": 1166000.0,
        "Salaries And Wages": 16869000.0,
        "Gross Profit": 44881000.0,
        "Cost Of Revenue": 50220000.0,
        "Total Revenue": 95101000.0,
        "Operating Revenue": 95101000.0
    },
    "2024-03-31": {
        "Tax Effect Of Unusual Items": 102570.0,
        "Tax Rate For Calcs": 0.13,
        "Normalized EBITDA": 4621000.0,
        "Total Unusual Items": 789000.0,
        "Total Unusual Items Excluding Goodwill": 789000.0,
        "Net Income From Continuing Operation Net Minority Interest": -1054000.0,
        "Reconciled Depreciation": 6049000.0,
        "Reconciled Cost Of Revenue": 44819000.0,
        "EBITDA": 5410000.0,
        "EBIT": -639000.0,
        "Net Interest Income": -572000.0,
        "Interest Expense": 572000.0,
        "Normalized Income": -1740430.0,
        "Net Income From Continuing And Discontinued Operation": -1054000.0,
        "Total Expenses": 88212000.0,
        "Rent Expense Supplemental": 7139000.0,
        "Total Operating Income As Reported": -1877000.0,
        "Diluted Average Shares": 4895121.0,
        "Basic Average Shares": 4895121.0,
        "Diluted EPS": -1.08,
        "Basic EPS": -1.08,
        "Diluted NI Availto Com Stockholders": -5294000.0,
        "Net Income Common Stockholders": -5294000.0,
        "Preferred Stock Dividends": 4240000.0,
        "Net Income": -1054000.0,
        "Net Income Including Noncontrolling Interests": -1054000.0,
        "Net Income Continuous Operations": -1054000.0,
        "Tax Provision": -157000.0,
        "Pretax Income": -1211000.0,
        "Other Income Expense": 778000.0,
        "Other Non Operating Income Expenses": -11000.0,
        "Special Income Charges": -460000.0,
        "Impairment Of Capital Assets": NaN,
        "Restructuring And Mergern Acquisition": 460000.0,
        "Gain On Sale Of Security": 1249000.0,
        "Net Non Operating Interest Income Expense": -572000.0,
        "Interest Expense Non Operating": 572000.0,
        "Operating Income": -1417000.0,
        "Operating Expense": 38145000.0,
        "Depreciation Amortization Depletion Income Statement": 801000.0,
        "Depreciation And Amortization In Income Statement": 801000.0,
        "Amortization": 801000.0,
        "Amortization Of Intangibles Income Statement": 801000.0,
        "Depreciation Income Statement": 1040000.0,
        "Research And Development": 8767000.0,
        "Selling General And Administration": 28577000.0,
        "Selling And Marketing Expense": 2049000.0,
        "General And Administrative Expense": 26528000.0,
        "Other Gand A": 7145000.0,
        "Rent And Landing Fees": 1040000.0,
        "Salaries And Wages": 18343000.0,
        "Gross Profit": 36728000.0,
        "Cost Of Revenue": 50067000.0,
        "Total Revenue": 86795000.0,
        "Operating Revenue": 86795000.0
    },
    "2024-06-30": {
        "Tax Effect Of Unusual Items": -85562.0,
        "Tax Rate For Calcs": 0.239,
        "Normalized EBITDA": 6423000.0,
        "Total Unusual Items": -358000.0,
        "Total Unusual Items Excluding Goodwill": -358000.0,
        "Net Income From Continuing Operation Net Minority Interest": -1708000.0,
        "Reconciled Depreciation": 7865000.0,
        "Reconciled Cost Of Revenue": 44888000.0,
        "EBITDA": 6065000.0,
        "EBIT": -1800000.0,
        "Net Interest Income": -444000.0,
        "Interest Expense": 444000.0,
        "Normalized Income": -1435562.0,
        "Net Income From Continuing And Discontinued Operation": -1708000.0,
        "Total Expenses": 87272000.0,
        "Rent Expense Supplemental": 7779000.0,
        "Total Operating Income As Reported": -1928000.0,
        "Diluted Average Shares": 4991496.0,
        "Basic Average Shares": 4991496.0,
        "Diluted EPS": -1.19,
        "Basic EPS": -1.19,
        "Diluted NI Availto Com Stockholders": -5952000.0,
        "Net Income Common Stockholders": -5952000.0,
        "Preferred Stock Dividends": 4244000.0,
        "Net Income": -1708000.0,
        "Net Income Including Noncontrolling Interests": -1708000.0,
        "Net Income Continuous Operations": -1708000.0,
        "Tax Provision": -536000.0,
        "Pretax Income": -2244000.0,
        "Other Income Expense": -365000.0,
        "Other Non Operating Income Expenses": -7000.0,
        "Special Income Charges": -493000.0,
        "Impairment Of Capital Assets": 0.0,
        "Restructuring And Mergern Acquisition": 493000.0,
        "Gain On Sale Of Security": 135000.0,
        "Net Non Operating Interest Income Expense": -444000.0,
        "Interest Expense Non Operating": 444000.0,
        "Operating Income": -1435000.0,
        "Operating Expense": 35319000.0,
        "Depreciation Amortization Depletion Income Statement": 800000.0,
        "Depreciation And Amortization In Income Statement": 800000.0,
        "Amortization": 800000.0,
        "Amortization Of Intangibles Income Statement": 800000.0,
        "Depreciation Income Statement": 1236000.0,
        "Research And Development": 8373000.0,
        "Selling General And Administration": 26146000.0,
        "Selling And Marketing Expense": 1949000.0,
        "General And Administrative Expense": 24197000.0,
        "Other Gand A": 5461000.0,
        "Rent And Landing Fees": 1236000.0,
        "Salaries And Wages": 17500000.0,
        "Gross Profit": 33884000.0,
        "Cost Of Revenue": 51953000.0,
        "Total Revenue": 85837000.0,
        "Operating Revenue": 85837000.0
    },
    "2024-09-30": {
        "Tax Effect Of Unusual Items": -1732510.0,
        "Tax Rate For Calcs": 0.026,
        "Normalized EBITDA": 12143000.0,
        "Total Unusual Items": -66635000.0,
        "Total Unusual Items Excluding Goodwill": -66635000.0,
        "Net Income From Continuing Operation Net Minority Interest": -60630000.0,
        "Reconciled Depreciation": 7336000.0,
        "Reconciled Cost Of Revenue": 45433000.0,
        "EBITDA": -54492000.0,
        "EBIT": -61828000.0,
        "Net Interest Income": -424000.0,
        "Interest Expense": 424000.0,
        "Normalized Income": 4272490.0,
        "Net Income From Continuing And Discontinued Operation": -60630000.0,
        "Total Expenses": 83672000.0,
        "Rent Expense Supplemental": 8159000.0,
        "Total Operating Income As Reported": -59605000.0,
        "Diluted Average Shares": 5098415.0,
        "Basic Average Shares": 5098415.0,
        "Diluted EPS": -12.79,
        "Basic EPS": -12.79,
        "Diluted NI Availto Com Stockholders": -65208000.0,
        "Net Income Common Stockholders": -65208000.0,
        "Preferred Stock Dividends": 4578000.0,
        "Net Income": -60630000.0,
        "Net Income Including Noncontrolling Interests": -60630000.0,
        "Net Income Continuous Operations": -60630000.0,
        "Tax Provision": -1622000.0,
        "Pretax Income": -62252000.0,
        "Other Income Expense": -66635000.0,
        "Other Non Operating Income Expenses": NaN,
        "Special Income Charges": -64412000.0,
        "Impairment Of Capital Assets": 64397000.0,
        "Restructuring And Mergern Acquisition": 15000.0,
        "Gain On Sale Of Security": -2223000.0,
        "Net Non Operating Interest Income Expense": -424000.0,
        "Interest Expense Non Operating": 424000.0,
        "Operating Income": 4807000.0,
        "Operating Expense": 31667000.0,
        "Depreciation Amortization Depletion Income Statement": 764000.0,
        "Depreciation And Amortization In Income Statement": 764000.0,
        "Amortization": 764000.0,
        "Amortization Of Intangibles Income Statement": 764000.0,
        "Depreciation Income Statement": NaN,
        "Research And Development": 7272000.0,
        "Selling General And Administration": 23631000.0,
        "Selling And Marketing Expense": 1662000.0,
        "General And Administrative Expense": 21969000.0,
        "Other Gand A": 6166000.0,
        "Rent And Landing Fees": 805000.0,
        "Salaries And Wages": 14998000.0,
        "Gross Profit": 36474000.0,
        "Cost Of Revenue": 52005000.0,
        "Total Revenue": 88479000.0,
        "Operating Revenue": 88479000.0
    }
}