{
    "2023-03-31": {
        "Tax Effect Of Unusual Items": -119000.0,
        "Tax Rate For Calcs": 0.085,
        "Normalized EBITDA": 48400000.0,
        "Total Unusual Items": -1400000.0,
        "Total Unusual Items Excluding Goodwill": -1400000.0,
        "Net Income From Continuing Operation Net Minority Interest": 5500000.0,
        "Reconciled Depreciation": 5900000.0,
        "Reconciled Cost Of Revenue": 57700000.0,
        "EBITDA": 47000000.0,
        "EBIT": 41100000.0,
        "Normalized Income": 6781000.0,
        "Net Income From Continuing And Discontinued Operation": 5500000.0,
        "Total Expenses": 145300000.0,
        "Total Operating Income As Reported": 39700000.0,
        "Diluted Average Shares": 23000000.0,
        "Basic Average Shares": 22000000.0,
        "Diluted EPS": 0.24,
        "Basic EPS": 0.25,
        "Diluted NI Availto Com Stockholders": 5500000.0,
        "Net Income Common Stockholders": 5500000.0,
        "Net Income": 5500000.0,
        "Minority Interests": -36300000.0,
        "Net Income Including Noncontrolling Interests": 41800000.0,
        "Net Income Continuous Operations": 41800000.0,
        "Tax Provision": 3900000.0,
        "Pretax Income": 45700000.0,
        "Other Income Expense": 4600000.0,
        "Other Non Operating Income Expenses": 6000000.0,
        "Special Income Charges": -1400000.0,
        "Restructuring And Mergern Acquisition": 1400000.0,
        "Operating Income": 41100000.0,
        "Operating Expense": 87600000.0,
        "Depreciation Amortization Depletion Income Statement": 5900000.0,
        "Depreciation And Amortization In Income Statement": 5900000.0,
        "Research And Development": 12700000.0,
        "Selling General And Administration": 69000000.0,
        "Selling And Marketing Expense": 46900000.0,
        "General And Administrative Expense": 22100000.0,
        "Other Gand A": 22100000.0,
        "Gross Profit": 128700000.0,
        "Cost Of Revenue": 57700000.0,
        "Total Revenue": 186400000.0,
        "Operating Revenue": 186400000.0
    },
    "2022-12-31": {
        "Tax Effect Of Unusual Items": -280000.0,
        "Tax Rate For Calcs": 0.4,
        "Normalized EBITDA": 54400000.0,
        "Total Unusual Items": -700000.0,
        "Total Unusual Items Excluding Goodwill": -700000.0,
        "Net Income From Continuing Operation Net Minority Interest": 7500000.0,
        "Reconciled Depreciation": 5600000.0,
        "Reconciled Cost Of Revenue": 55900000.0,
        "EBITDA": 53700000.0,
        "EBIT": 48100000.0,
        "Normalized Income": 7920000.0,
        "Net Income From Continuing And Discontinued Operation": 7500000.0,
        "Total Expenses": 134000000.0,
        "Total Operating Income As Reported": 47400000.0,
        "Diluted Average Shares": 24200000.0,
        "Basic Average Shares": 22700000.0,
        "Diluted EPS": 0.32,
        "Basic EPS": 0.33,
        "Diluted NI Availto Com Stockholders": 7500000.0,
        "Net Income Common Stockholders": 7500000.0,
        "Net Income": 7500000.0,
        "Minority Interests": -45300000.0,
        "Net Income Including Noncontrolling Interests": 52800000.0,
        "Net Income Continuous Operations": 52800000.0,
        "Tax Provision": -3300000.0,
        "Pretax Income": 49500000.0,
        "Other Income Expense": 1400000.0,
        "Other Non Operating Income Expenses": 2100000.0,
        "Special Income Charges": -700000.0,
        "Restructuring And Mergern Acquisition": 700000.0,
        "Operating Income": 48100000.0,
        "Operating Expense": 78100000.0,
        "Depreciation Amortization Depletion Income Statement": 5600000.0,
        "Depreciation And Amortization In Income Statement": 5600000.0,
        "Research And Development": 12200000.0,
        "Selling General And Administration": 60300000.0,
        "Selling And Marketing Expense": 41500000.0,
        "General And Administrative Expense": 18800000.0,
        "Other Gand A": 18800000.0,
        "Gross Profit": 126200000.0,
        "Cost Of Revenue": 55900000.0,
        "Total Revenue": 182100000.0,
        "Operating Revenue": 182100000.0
    },
    "2022-09-30": {
        "Tax Effect Of Unusual Items": -35200.0,
        "Tax Rate For Calcs": 0.032,
        "Normalized EBITDA": 41200000.0,
        "Total Unusual Items": -1100000.0,
        "Total Unusual Items Excluding Goodwill": -1100000.0,
        "Net Income From Continuing Operation Net Minority Interest": 4800000.0,
        "Reconciled Depreciation": 5600000.0,
        "Reconciled Cost Of Revenue": 52000000.0,
        "EBITDA": 40100000.0,
        "EBIT": 34500000.0,
        "Normalized Income": 5864800.0,
        "Net Income From Continuing And Discontinued Operation": 4800000.0,
        "Total Expenses": 136300000.0,
        "Total Operating Income As Reported": 33400000.0,
        "Diluted Average Shares": 24000000.0,
        "Basic Average Shares": 23700000.0,
        "Diluted EPS": 0.2,
        "Basic EPS": 0.2,
        "Diluted NI Availto Com Stockholders": 4800000.0,
        "Net Income Common Stockholders": 4800000.0,
        "Net Income": 4800000.0,
        "Minority Interests": -28900000.0,
        "Net Income Including Noncontrolling Interests": 33700000.0,
        "Net Income Continuous Operations": 33700000.0,
        "Tax Provision": 1100000.0,
        "Pretax Income": 34800000.0,
        "Other Income Expense": 300000.0,
        "Other Non Operating Income Expenses": 1400000.0,
        "Special Income Charges": -1100000.0,
        "Restructuring And Mergern Acquisition": 1100000.0,
        "Operating Income": 34500000.0,
        "Operating Expense": 84300000.0,
        "Depreciation Amortization Depletion Income Statement": 5600000.0,
        "Depreciation And Amortization In Income Statement": 5600000.0,
        "Research And Development": 11800000.0,
        "Selling General And Administration": 66900000.0,
        "Selling And Marketing Expense": 49500000.0,
        "General And Administrative Expense": 17400000.0,
        "Other Gand A": 17400000.0,
        "Gross Profit": 118800000.0,
        "Cost Of Revenue": 52000000.0,
        "Total Revenue": 170800000.0,
        "Operating Revenue": 170800000.0
    },
    "2022-06-30": {
        "Tax Effect Of Unusual Items": -23100.0,
        "Tax Rate For Calcs": 0.021,
        "Normalized EBITDA": 40700000.0,
        "Total Unusual Items": -1100000.0,
        "Total Unusual Items Excluding Goodwill": -1100000.0,
        "Net Income From Continuing Operation Net Minority Interest": 5700000.0,
        "Reconciled Depreciation": 5500000.0,
        "Reconciled Cost Of Revenue": 47900000.0,
        "EBITDA": 39600000.0,
        "EBIT": 34100000.0,
        "Normalized Income": 6776900.0,
        "Net Income From Continuing And Discontinued Operation": 5700000.0,
        "Total Expenses": 126000000.0,
        "Total Operating Income As Reported": 33000000.0,
        "Diluted Average Shares": 24800000.0,
        "Basic Average Shares": 24600000.0,
        "Diluted EPS": 0.23,
        "Basic EPS": 0.23,
        "Diluted NI Availto Com Stockholders": 5700000.0,
        "Net Income Common Stockholders": 5700000.0,
        "Net Income": 5700000.0,
        "Minority Interests": -26600000.0,
        "Net Income Including Noncontrolling Interests": 32300000.0,
        "Net Income Continuous Operations": 32300000.0,
        "Tax Provision": 700000.0,
        "Pretax Income": 33000000.0,
        "Other Income Expense": -1100000.0,
        "Other Non Operating Income Expenses": NaN,
        "Special Income Charges": -1100000.0,
        "Restructuring And Mergern Acquisition": 1100000.0,
        "Operating Income": 34100000.0,
        "Operating Expense": 78100000.0,
        "Depreciation Amortization Depletion Income Statement": 5500000.0,
        "Depreciation And Amortization In Income Statement": 5500000.0,
        "Research And Development": 11300000.0,
        "Selling General And Administration": 61300000.0,
        "Selling And Marketing Expense": 46600000.0,
        "General And Administrative Expense": 14700000.0,
        "Other Gand A": 14700000.0,
        "Gross Profit": 112200000.0,
        "Cost Of Revenue": 47900000.0,
        "Total Revenue": 160100000.0,
        "Operating Revenue": 160100000.0
    },
    "2022-03-31": {
        "Diluted EPS": 0.18,
        "Total Revenue": 158,
        "Gross Profit": 110,
        "Operating Income": 35,
        "EBIT": 35,
        "Net Income": 4
    },
    "2021-12-31": {
        "Diluted EPS": 0.08,
        "Total Revenue": 154,
        "Gross Profit": 106,
        "Operating Income": 13,
        "EBIT": 13,
        "Net Income": 2
    },
    "2021-09-30": {
        "Diluted EPS": 0.24,
        "Total Revenue": 147,
        "Gross Profit": 100,
        "Operating Income": 39,
        "EBIT": 39,
        "Net Income": 6
    },
    "2021-06-30": {
        "Diluted EPS": 0.24,
        "Total Revenue": 154,
        "Gross Profit": 106,
        "Operating Income": 40,
        "EBIT": 40,
        "Net Income": 6
    },
    "2021-03-31": {
        "Diluted EPS": 0.21,
        "Total Revenue": 151,
        "Gross Profit": 104,
        "Operating Income": 40,
        "EBIT": 40,
        "Net Income": 5
    },
    "2020-12-31": {
        "Diluted EPS": 0.17,
        "Total Revenue": 147,
        "Gross Profit": 100,
        "Operating Income": 35,
        "EBIT": 35,
        "Net Income": 4
    },
    "2020-09-30": {
        "Diluted EPS": 0.23,
        "Total Revenue": 151,
        "Gross Profit": 103,
        "Operating Income": 37,
        "EBIT": 37,
        "Net Income": 6
    },
    "2020-06-30": {
        "Diluted EPS": 0.27,
        "Total Revenue": 166,
        "Gross Profit": 113,
        "Operating Income": 51,
        "EBIT": 51,
        "Net Income": 7
    },
    "2020-03-31": {
        "Diluted EPS": 0.19,
        "Total Revenue": 118,
        "Gross Profit": 80,
        "Operating Income": 32,
        "EBIT": 32,
        "Net Income": 4
    },
    "2019-12-31": {
        "Diluted EPS": 0.19,
        "Total Revenue": 113,
        "Gross Profit": 78,
        "Operating Income": 29,
        "EBIT": 29,
        "Net Income": 11
    },
    "2019-09-30": {
        "Diluted EPS": 0.09,
        "Total Revenue": 116,
        "Gross Profit": 80,
        "Operating Income": 29,
        "EBIT": 29,
        "Net Income": 2
    },
    "2019-06-30": {
        "Diluted EPS": 0.25,
        "Total Revenue": 118,
        "Gross Profit": 78,
        "Operating Income": 26,
        "EBIT": 26,
        "Net Income": 6
    },
    "2019-03-31": {
        "Diluted EPS": 0.0,
        "Total Revenue": 118,
        "Gross Profit": 73,
        "Operating Income": 20,
        "EBIT": 20,
        "Net Income": 14
    },
    "2018-12-31": {
        "Diluted EPS": 0.0,
        "Total Revenue": NaN,
        "Gross Profit": NaN,
        "Operating Income": NaN,
        "EBIT": NaN,
        "Net Income": NaN
    },
    "2018-09-30": {
        "Diluted EPS": 0.41,
        "Total Revenue": 105,
        "Gross Profit": 65,
        "Operating Income": 12,
        "EBIT": 12,
        "Net Income": 9
    },
    "2018-06-30": {
        "Diluted EPS": 0.54,
        "Total Revenue": 100,
        "Gross Profit": 61,
        "Operating Income": 17,
        "EBIT": 17,
        "Net Income": 12
    },
    "2017-12-31": {
        "Diluted EPS": 0.0,
        "Total Revenue": NaN,
        "Gross Profit": NaN,
        "Operating Income": NaN,
        "EBIT": NaN,
        "Net Income": NaN
    },
    "2023-06-30": {
        "Tax Effect Of Unusual Items": -66976.744186,
        "Tax Rate For Calcs": 0.037209,
        "Normalized EBITDA": 54000000.0,
        "Total Unusual Items": -1800000.0,
        "Total Unusual Items Excluding Goodwill": -1800000.0,
        "Net Income From Continuing Operation Net Minority Interest": 5600000.0,
        "Reconciled Depreciation": 11200000.0,
        "Reconciled Cost Of Revenue": 58200000.0,
        "EBITDA": 52200000.0,
        "EBIT": 41000000.0,
        "Normalized Income": 7333023.255814,
        "Net Income From Continuing And Discontinued Operation": 5600000.0,
        "Total Expenses": 148900000.0,
        "Total Operating Income As Reported": 39200000.0,
        "Diluted Average Shares": 22300000.0,
        "Basic Average Shares": 21400000.0,
        "Diluted EPS": 0.25,
        "Basic EPS": 0.26,
        "Diluted NI Availto Com Stockholders": 5600000.0,
        "Net Income Common Stockholders": 5600000.0,
        "Net Income": 5600000.0,
        "Minority Interests": -35800000.0,
        "Net Income Including Noncontrolling Interests": 41400000.0,
        "Net Income Continuous Operations": 41400000.0,
        "Tax Provision": 1600000.0,
        "Pretax Income": 43000000.0,
        "Other Income Expense": 2000000.0,
        "Other Non Operating Income Expenses": 3800000.0,
        "Special Income Charges": -1800000.0,
        "Restructuring And Mergern Acquisition": 1800000.0,
        "Operating Income": 41000000.0,
        "Operating Expense": 90700000.0,
        "Depreciation Amortization Depletion Income Statement": 11200000.0,
        "Depreciation And Amortization In Income Statement": 11200000.0,
        "Research And Development": 12500000.0,
        "Selling General And Administration": 67000000.0,
        "Selling And Marketing Expense": 42900000.0,
        "General And Administrative Expense": 24100000.0,
        "Other Gand A": 24100000.0,
        "Gross Profit": 131700000.0,
        "Cost Of Revenue": 58200000.0,
        "Total Revenue": 189900000.0,
        "Operating Revenue": 189900000.0
    }
}