{
    "2023-03-31": {
        "Tax Effect Of Unusual Items": NaN,
        "Tax Rate For Calcs": NaN,
        "Normalized EBITDA": NaN,
        "Total Unusual Items": 0.0,
        "Total Unusual Items Excluding Goodwill": 0.0,
        "Net Income From Continuing Operation Net Minority Interest": NaN,
        "Reconciled Depreciation": NaN,
        "Reconciled Cost Of Revenue": NaN,
        "EBITDA": NaN,
        "EBIT": NaN,
        "Net Interest Income": NaN,
        "Interest Expense": NaN,
        "Interest Income": NaN,
        "Normalized Income": NaN,
        "Net Income From Continuing And Discontinued Operation": NaN,
        "Total Expenses": NaN,
        "Total Operating Income As Reported": NaN,
        "Diluted Average Shares": 25439000.0,
        "Basic Average Shares": 25196000.0,
        "Diluted EPS": 0.83,
        "Basic EPS": 0.84,
        "Diluted NI Availto Com Stockholders": NaN,
        "Net Income Common Stockholders": NaN,
        "Net Income": NaN,
        "Net Income Including Noncontrolling Interests": NaN,
        "Net Income Discontinuous Operations": 0.0,
        "Net Income Continuous Operations": NaN,
        "Tax Provision": NaN,
        "Pretax Income": NaN,
        "Other Income Expense": NaN,
        "Other Non Operating Income Expenses": NaN,
        "Special Income Charges": 0.0,
        "Gain On Sale Of Business": 0.0,
        "Restructuring And Mergern Acquisition": 0.0,
        "Gain On Sale Of Security": NaN,
        "Net Non Operating Interest Income Expense": NaN,
        "Interest Expense Non Operating": NaN,
        "Interest Income Non Operating": NaN,
        "Operating Income": NaN,
        "Operating Expense": NaN,
        "Depreciation Amortization Depletion Income Statement": NaN,
        "Depreciation And Amortization In Income Statement": NaN,
        "Amortization": NaN,
        "Amortization Of Intangibles Income Statement": NaN,
        "Depreciation Income Statement": NaN,
        "Selling General And Administration": NaN,
        "Gross Profit": NaN,
        "Cost Of Revenue": NaN,
        "Total Revenue": NaN,
        "Operating Revenue": NaN
    },
    "2022-12-31": {
        "Tax Effect Of Unusual Items": NaN,
        "Tax Rate For Calcs": NaN,
        "Normalized EBITDA": NaN,
        "Total Unusual Items": NaN,
        "Total Unusual Items Excluding Goodwill": NaN,
        "Net Income From Continuing Operation Net Minority Interest": NaN,
        "Reconciled Depreciation": NaN,
        "Reconciled Cost Of Revenue": NaN,
        "EBITDA": NaN,
        "EBIT": NaN,
        "Net Interest Income": NaN,
        "Interest Expense": NaN,
        "Interest Income": NaN,
        "Normalized Income": NaN,
        "Net Income From Continuing And Discontinued Operation": NaN,
        "Total Expenses": NaN,
        "Total Operating Income As Reported": NaN,
        "Diluted Average Shares": 25502000.0,
        "Basic Average Shares": 25287000.0,
        "Diluted EPS": 1.01,
        "Basic EPS": 1.02,
        "Diluted NI Availto Com Stockholders": NaN,
        "Net Income Common Stockholders": NaN,
        "Net Income": NaN,
        "Net Income Including Noncontrolling Interests": NaN,
        "Net Income Discontinuous Operations": 0.0,
        "Net Income Continuous Operations": NaN,
        "Tax Provision": NaN,
        "Pretax Income": NaN,
        "Other Income Expense": NaN,
        "Other Non Operating Income Expenses": NaN,
        "Special Income Charges": 0.0,
        "Gain On Sale Of Business": 0.0,
        "Restructuring And Mergern Acquisition": NaN,
        "Gain On Sale Of Security": NaN,
        "Net Non Operating Interest Income Expense": NaN,
        "Interest Expense Non Operating": NaN,
        "Interest Income Non Operating": NaN,
        "Operating Income": NaN,
        "Operating Expense": NaN,
        "Depreciation Amortization Depletion Income Statement": NaN,
        "Depreciation And Amortization In Income Statement": NaN,
        "Amortization": NaN,
        "Amortization Of Intangibles Income Statement": NaN,
        "Depreciation Income Statement": NaN,
        "Selling General And Administration": NaN,
        "Gross Profit": NaN,
        "Cost Of Revenue": NaN,
        "Total Revenue": NaN,
        "Operating Revenue": NaN
    },
    "2022-09-30": {
        "Tax Effect Of Unusual Items": NaN,
        "Tax Rate For Calcs": NaN,
        "Normalized EBITDA": NaN,
        "Total Unusual Items": NaN,
        "Total Unusual Items Excluding Goodwill": NaN,
        "Net Income From Continuing Operation Net Minority Interest": NaN,
        "Reconciled Depreciation": NaN,
        "Reconciled Cost Of Revenue": NaN,
        "EBITDA": NaN,
        "EBIT": NaN,
        "Net Interest Income": NaN,
        "Interest Expense": NaN,
        "Interest Income": NaN,
        "Normalized Income": NaN,
        "Net Income From Continuing And Discontinued Operation": NaN,
        "Total Expenses": NaN,
        "Total Operating Income As Reported": NaN,
        "Diluted Average Shares": NaN,
        "Basic Average Shares": NaN,
        "Diluted EPS": NaN,
        "Basic EPS": NaN,
        "Diluted NI Availto Com Stockholders": NaN,
        "Net Income Common Stockholders": NaN,
        "Net Income": NaN,
        "Net Income Including Noncontrolling Interests": NaN,
        "Net Income Discontinuous Operations": NaN,
        "Net Income Continuous Operations": NaN,
        "Tax Provision": NaN,
        "Pretax Income": NaN,
        "Other Income Expense": NaN,
        "Other Non Operating Income Expenses": NaN,
        "Special Income Charges": NaN,
        "Gain On Sale Of Business": NaN,
        "Restructuring And Mergern Acquisition": NaN,
        "Gain On Sale Of Security": -922000.0,
        "Net Non Operating Interest Income Expense": NaN,
        "Interest Expense Non Operating": NaN,
        "Interest Income Non Operating": NaN,
        "Operating Income": NaN,
        "Operating Expense": NaN,
        "Depreciation Amortization Depletion Income Statement": NaN,
        "Depreciation And Amortization In Income Statement": NaN,
        "Amortization": NaN,
        "Amortization Of Intangibles Income Statement": NaN,
        "Depreciation Income Statement": NaN,
        "Selling General And Administration": NaN,
        "Gross Profit": NaN,
        "Cost Of Revenue": NaN,
        "Total Revenue": NaN,
        "Operating Revenue": NaN
    },
    "2022-06-30": {
        "Tax Effect Of Unusual Items": 0.0,
        "Tax Rate For Calcs": 0.239071,
        "Normalized EBITDA": 35801000.0,
        "Total Unusual Items": 0.0,
        "Total Unusual Items Excluding Goodwill": 0.0,
        "Net Income From Continuing Operation Net Minority Interest": 19947000.0,
        "Reconciled Depreciation": 7701000.0,
        "Reconciled Cost Of Revenue": 851253000.0,
        "EBITDA": 35801000.0,
        "EBIT": 28100000.0,
        "Net Interest Income": -526000.0,
        "Interest Expense": 1886000.0,
        "Interest Income": 1360000.0,
        "Normalized Income": 19947000.0,
        "Net Income From Continuing And Discontinued Operation": 19947000.0,
        "Total Expenses": 934859000.0,
        "Total Operating Income As Reported": 27424000.0,
        "Diluted Average Shares": 25596000.0,
        "Basic Average Shares": 25285000.0,
        "Diluted EPS": 0.78,
        "Basic EPS": 0.79,
        "Diluted NI Availto Com Stockholders": 19947000.0,
        "Net Income Common Stockholders": 19947000.0,
        "Net Income": 19947000.0,
        "Net Income Including Noncontrolling Interests": 19947000.0,
        "Net Income Discontinuous Operations": 0.0,
        "Net Income Continuous Operations": 19947000.0,
        "Tax Provision": 6267000.0,
        "Pretax Income": 26214000.0,
        "Other Income Expense": -684000.0,
        "Other Non Operating Income Expenses": -684000.0,
        "Special Income Charges": 0.0,
        "Restructuring And Mergern Acquisition": 0.0,
        "Net Non Operating Interest Income Expense": -526000.0,
        "Interest Expense Non Operating": 1886000.0,
        "Interest Income Non Operating": 1360000.0,
        "Operating Income": 27424000.0,
        "Operating Expense": 83368000.0,
        "Depreciation Amortization Depletion Income Statement": 7463000.0,
        "Depreciation And Amortization In Income Statement": 7463000.0,
        "Amortization": 4440000.0,
        "Amortization Of Intangibles Income Statement": 4440000.0,
        "Depreciation Income Statement": 3023000.0,
        "Selling General And Administration": 75905000.0,
        "Gross Profit": 110792000.0,
        "Cost Of Revenue": 851491000.0,
        "Total Revenue": 962283000.0,
        "Operating Revenue": 962283000.0
    },
    "2022-03-31": {
        "Diluted EPS": 0.91,
        "Total Revenue": 846,
        "Gross Profit": 107,
        "Operating Income": 33,
        "EBIT": 40,
        "Net Income": 24
    },
    "2021-12-31": {
        "Diluted EPS": 0.9,
        "Total Revenue": 864,
        "Gross Profit": 108,
        "Operating Income": 31,
        "EBIT": 39,
        "Net Income": 23
    },
    "2021-09-30": {
        "Diluted EPS": 0.86,
        "Total Revenue": 858,
        "Gross Profit": 102,
        "Operating Income": 30,
        "EBIT": 38,
        "Net Income": 22
    },
    "2021-06-30": {
        "Diluted EPS": 0.94,
        "Total Revenue": 853,
        "Gross Profit": 96,
        "Operating Income": 23,
        "EBIT": 31,
        "Net Income": 24
    },
    "2021-03-31": {
        "Diluted EPS": 0.51,
        "Total Revenue": 730,
        "Gross Profit": 88,
        "Operating Income": 19,
        "EBIT": 28,
        "Net Income": 13
    },
    "2020-12-31": {
        "Diluted EPS": -0.56,
        "Total Revenue": 811,
        "Gross Profit": 86,
        "Operating Income": 17,
        "EBIT": 26,
        "Net Income": -14
    },
    "2020-09-30": {
        "Diluted EPS": -0.47,
        "Total Revenue": 757,
        "Gross Profit": 81,
        "Operating Income": 2,
        "EBIT": 10,
        "Net Income": -12
    },
    "2020-06-30": {
        "Diluted EPS": -8.56,
        "Total Revenue": 636,
        "Gross Profit": 74,
        "Operating Income": -113,
        "EBIT": -105,
        "Net Income": -217
    },
    "2020-03-31": {
        "Diluted EPS": 0.07,
        "Total Revenue": 745,
        "Gross Profit": 85,
        "Operating Income": 10,
        "EBIT": 19,
        "Net Income": 2
    },
    "2019-12-31": {
        "Diluted EPS": 0.45,
        "Total Revenue": 824,
        "Gross Profit": 98,
        "Operating Income": 19,
        "EBIT": 28,
        "Net Income": 11
    },
    "2019-09-30": {
        "Diluted EPS": 0.45,
        "Total Revenue": 843,
        "Gross Profit": 99,
        "Operating Income": 20,
        "EBIT": 28,
        "Net Income": 12
    },
    "2019-06-30": {
        "Diluted EPS": 0.45,
        "Total Revenue": 338,
        "Gross Profit": 50,
        "Operating Income": 25,
        "EBIT": 31,
        "Net Income": 12
    },
    "2019-03-31": {
        "Diluted EPS": 0.45,
        "Total Revenue": 893,
        "Gross Profit": 110,
        "Operating Income": 19,
        "EBIT": 28,
        "Net Income": 12
    },
    "2018-12-31": {
        "Diluted EPS": 0.78,
        "Total Revenue": NaN,
        "Gross Profit": 120,
        "Operating Income": 30,
        "EBIT": 39,
        "Net Income": 20
    },
    "2018-09-30": {
        "Diluted EPS": 0.56,
        "Total Revenue": 973,
        "Gross Profit": 112,
        "Operating Income": 21,
        "EBIT": 31,
        "Net Income": 14
    },
    "2018-06-30": {
        "Diluted EPS": 0.4,
        "Total Revenue": 312,
        "Gross Profit": 47,
        "Operating Income": 21,
        "EBIT": 27,
        "Net Income": 10
    },
    "2018-03-31": {
        "Diluted EPS": 0.42,
        "Total Revenue": 896,
        "Gross Profit": 104,
        "Operating Income": 18,
        "EBIT": 27,
        "Net Income": 11
    },
    "2017-12-31": {
        "Diluted EPS": 0.31,
        "Total Revenue": NaN,
        "Gross Profit": 113,
        "Operating Income": 22,
        "EBIT": 32,
        "Net Income": 8
    },
    "2017-09-30": {
        "Diluted EPS": 0.16,
        "Total Revenue": 925,
        "Gross Profit": 106,
        "Operating Income": 8,
        "EBIT": 17,
        "Net Income": 4
    },
    "2017-06-30": {
        "Diluted EPS": 0.73,
        "Total Revenue": 917,
        "Gross Profit": 101,
        "Operating Income": 22,
        "EBIT": 28,
        "Net Income": 19
    },
    "2017-03-31": {
        "Diluted EPS": 0.49,
        "Total Revenue": 814,
        "Gross Profit": 93,
        "Operating Income": 20,
        "EBIT": 27,
        "Net Income": 12
    },
    "2016-12-31": {
        "Diluted EPS": 0.91,
        "Total Revenue": 905,
        "Gross Profit": 99,
        "Operating Income": 23,
        "EBIT": 30,
        "Net Income": 23
    },
    "2016-09-30": {
        "Diluted EPS": 0.58,
        "Total Revenue": 933,
        "Gross Profit": 92,
        "Operating Income": 23,
        "EBIT": 28,
        "Net Income": 15
    },
    "2016-06-30": {
        "Diluted EPS": 0.5,
        "Total Revenue": 877,
        "Gross Profit": 83,
        "Operating Income": 19,
        "EBIT": 24,
        "Net Income": 13
    },
    "2016-03-31": {
        "Diluted EPS": 0.54,
        "Total Revenue": 798,
        "Gross Profit": 84,
        "Operating Income": 22,
        "EBIT": 26,
        "Net Income": 14
    },
    "2015-12-31": {
        "Diluted EPS": 0.77,
        "Total Revenue": 994,
        "Gross Profit": 101,
        "Operating Income": 32,
        "EBIT": 36,
        "Net Income": 21
    },
    "2015-09-30": {
        "Diluted EPS": 0.57,
        "Total Revenue": 871,
        "Gross Profit": 88,
        "Operating Income": 24,
        "EBIT": 28,
        "Net Income": 16
    },
    "2015-06-30": {
        "Diluted EPS": 0.57,
        "Total Revenue": 857,
        "Gross Profit": 91,
        "Operating Income": 25,
        "EBIT": 29,
        "Net Income": 16
    },
    "2015-03-31": {
        "Diluted EPS": 0.45,
        "Total Revenue": 763,
        "Gross Profit": 80,
        "Operating Income": 21,
        "EBIT": 25,
        "Net Income": 13
    },
    "2014-12-31": {
        "Diluted EPS": 0.58,
        "Total Revenue": 807,
        "Gross Profit": 78,
        "Operating Income": 26,
        "EBIT": 29,
        "Net Income": 17
    },
    "2014-09-30": {
        "Diluted EPS": 0.67,
        "Total Revenue": 792,
        "Gross Profit": 78,
        "Operating Income": 29,
        "EBIT": 31,
        "Net Income": 19
    },
    "2014-06-30": {
        "Diluted EPS": 0.94,
        "Total Revenue": 758,
        "Gross Profit": 74,
        "Operating Income": 40,
        "EBIT": 42,
        "Net Income": 27
    },
    "2014-03-31": {
        "Diluted EPS": 0.59,
        "Total Revenue": 683,
        "Gross Profit": 73,
        "Operating Income": 26,
        "EBIT": 27,
        "Net Income": 17
    },
    "2013-12-31": {
        "Diluted EPS": 0.64,
        "Total Revenue": 741,
        "Gross Profit": 77,
        "Operating Income": 27,
        "EBIT": 29,
        "Net Income": 18
    },
    "2013-09-30": {
        "Diluted EPS": 0.69,
        "Total Revenue": 732,
        "Gross Profit": 76,
        "Operating Income": 28,
        "EBIT": 30,
        "Net Income": 19
    },
    "2013-06-30": {
        "Diluted EPS": -0.48,
        "Total Revenue": 713,
        "Gross Profit": 76,
        "Operating Income": -20,
        "EBIT": -18,
        "Net Income": -13
    },
    "2013-03-31": {
        "Diluted EPS": 0.5,
        "Total Revenue": 683,
        "Gross Profit": 69,
        "Operating Income": 21,
        "EBIT": 23,
        "Net Income": 14
    },
    "2012-12-31": {
        "Diluted EPS": 0.59,
        "Total Revenue": 748,
        "Gross Profit": 74,
        "Operating Income": 24,
        "EBIT": 27,
        "Net Income": 16
    },
    "2012-09-30": {
        "Diluted EPS": 0.63,
        "Total Revenue": 734,
        "Gross Profit": 74,
        "Operating Income": 26,
        "EBIT": 29,
        "Net Income": 18
    },
    "2012-06-30": {
        "Diluted EPS": 0.71,
        "Total Revenue": 754,
        "Gross Profit": 74,
        "Operating Income": 28,
        "EBIT": 31,
        "Net Income": 20
    },
    "2012-03-31": {
        "Diluted EPS": 0.53,
        "Total Revenue": 708,
        "Gross Profit": 69,
        "Operating Income": 21,
        "EBIT": 24,
        "Net Income": 15
    },
    "2011-12-31": {
        "Diluted EPS": 0.77,
        "Total Revenue": 783,
        "Gross Profit": 80,
        "Operating Income": 32,
        "EBIT": 34,
        "Net Income": 21
    },
    "2011-09-30": {
        "Diluted EPS": 0.67,
        "Total Revenue": 770,
        "Gross Profit": 79,
        "Operating Income": 32,
        "EBIT": 34,
        "Net Income": 18
    },
    "2011-06-30": {
        "Diluted EPS": 0.72,
        "Total Revenue": 735,
        "Gross Profit": 74,
        "Operating Income": 29,
        "EBIT": 32,
        "Net Income": 20
    },
    "2011-03-31": {
        "Diluted EPS": 0.6,
        "Total Revenue": 613,
        "Gross Profit": 66,
        "Operating Income": 25,
        "EBIT": 27,
        "Net Income": 17
    },
    "2010-12-31": {
        "Diluted EPS": 0.8,
        "Total Revenue": 684,
        "Gross Profit": 71,
        "Operating Income": 34,
        "EBIT": 35,
        "Net Income": 22
    },
    "2010-09-30": {
        "Diluted EPS": 0.58,
        "Total Revenue": 635,
        "Gross Profit": 63,
        "Operating Income": 25,
        "EBIT": 26,
        "Net Income": 16
    },
    "2010-06-30": {
        "Diluted EPS": 0.52,
        "Total Revenue": 582,
        "Gross Profit": 57,
        "Operating Income": 21,
        "EBIT": 23,
        "Net Income": 14
    },
    "2010-03-31": {
        "Diluted EPS": 0.45,
        "Total Revenue": 496,
        "Gross Profit": 54,
        "Operating Income": 19,
        "EBIT": 21,
        "Net Income": 12
    },
    "2009-12-31": {
        "Diluted EPS": 0.44,
        "Total Revenue": 548,
        "Gross Profit": 56,
        "Operating Income": 18,
        "EBIT": 20,
        "Net Income": 12
    },
    "2009-09-30": {
        "Diluted EPS": 0.41,
        "Total Revenue": 488,
        "Gross Profit": 51,
        "Operating Income": 18,
        "EBIT": 19,
        "Net Income": 11
    },
    "2009-06-30": {
        "Diluted EPS": 0.46,
        "Total Revenue": 441,
        "Gross Profit": 53,
        "Operating Income": 20,
        "EBIT": 22,
        "Net Income": 13
    },
    "2009-03-31": {
        "Diluted EPS": 0.35,
        "Total Revenue": 390,
        "Gross Profit": 48,
        "Operating Income": 15,
        "EBIT": 17,
        "Net Income": 9
    },
    "2023-06-30": {
        "Tax Effect Of Unusual Items": 0.0,
        "Tax Rate For Calcs": 0.271375,
        "Normalized EBITDA": 36280000.0,
        "Total Unusual Items": NaN,
        "Total Unusual Items Excluding Goodwill": NaN,
        "Net Income From Continuing Operation Net Minority Interest": 17095000.0,
        "Reconciled Depreciation": 7255000.0,
        "Reconciled Cost Of Revenue": 838247000.0,
        "EBITDA": 36280000.0,
        "EBIT": 29025000.0,
        "Net Interest Income": -3476000.0,
        "Interest Expense": 5563000.0,
        "Interest Income": 2087000.0,
        "Normalized Income": 17095000.0,
        "Net Income From Continuing And Discontinued Operation": 18812000.0,
        "Total Expenses": 919860000.0,
        "Total Operating Income As Reported": 27288000.0,
        "Diluted Average Shares": NaN,
        "Basic Average Shares": NaN,
        "Diluted EPS": NaN,
        "Basic EPS": NaN,
        "Diluted NI Availto Com Stockholders": 18812000.0,
        "Net Income Common Stockholders": 18812000.0,
        "Net Income": 18812000.0,
        "Net Income Including Noncontrolling Interests": 18812000.0,
        "Net Income Discontinuous Operations": 1717000.0,
        "Net Income Continuous Operations": 17095000.0,
        "Tax Provision": 6367000.0,
        "Pretax Income": 23462000.0,
        "Other Income Expense": -350000.0,
        "Other Non Operating Income Expenses": -350000.0,
        "Special Income Charges": NaN,
        "Gain On Sale Of Business": NaN,
        "Restructuring And Mergern Acquisition": NaN,
        "Gain On Sale Of Security": NaN,
        "Net Non Operating Interest Income Expense": -3476000.0,
        "Interest Expense Non Operating": 5563000.0,
        "Interest Income Non Operating": 2087000.0,
        "Operating Income": 27288000.0,
        "Operating Expense": 81370000.0,
        "Depreciation Amortization Depletion Income Statement": 7012000.0,
        "Depreciation And Amortization In Income Statement": 7012000.0,
        "Amortization": 4185000.0,
        "Amortization Of Intangibles Income Statement": 4185000.0,
        "Depreciation Income Statement": 2827000.0,
        "Selling General And Administration": 74358000.0,
        "Gross Profit": 108658000.0,
        "Cost Of Revenue": 838490000.0,
        "Total Revenue": 947148000.0,
        "Operating Revenue": 947148000.0
    },
    "2023-09-30": {
        "Tax Effect Of Unusual Items": -135024.0,
        "Tax Rate For Calcs": 0.194,
        "Normalized EBITDA": 32645000.0,
        "Total Unusual Items": -696000.0,
        "Total Unusual Items Excluding Goodwill": -696000.0,
        "Net Income From Continuing Operation Net Minority Interest": 15432000.0,
        "Reconciled Depreciation": 7217000.0,
        "Reconciled Cost Of Revenue": 769568000.0,
        "EBITDA": 31949000.0,
        "EBIT": 24732000.0,
        "Net Interest Income": -4260000.0,
        "Interest Expense": 5585000.0,
        "Interest Income": 1325000.0,
        "Normalized Income": 15992976.0,
        "Net Income From Continuing And Discontinued Operation": 15432000.0,
        "Total Expenses": 852221000.0,
        "Total Operating Income As Reported": 24084000.0,
        "Diluted Average Shares": 25178000.0,
        "Basic Average Shares": 24886000.0,
        "Diluted EPS": 0.61,
        "Basic EPS": 0.62,
        "Diluted NI Availto Com Stockholders": 15432000.0,
        "Net Income Common Stockholders": 15432000.0,
        "Net Income": 15432000.0,
        "Net Income Including Noncontrolling Interests": 15432000.0,
        "Net Income Discontinuous Operations": NaN,
        "Net Income Continuous Operations": 15432000.0,
        "Tax Provision": 3715000.0,
        "Pretax Income": 19147000.0,
        "Other Income Expense": -677000.0,
        "Other Non Operating Income Expenses": 19000.0,
        "Special Income Charges": NaN,
        "Gain On Sale Of Business": NaN,
        "Restructuring And Mergern Acquisition": NaN,
        "Gain On Sale Of Security": -696000.0,
        "Net Non Operating Interest Income Expense": -4260000.0,
        "Interest Expense Non Operating": 5585000.0,
        "Interest Income Non Operating": 1325000.0,
        "Operating Income": 24084000.0,
        "Operating Expense": 82424000.0,
        "Depreciation Amortization Depletion Income Statement": 6988000.0,
        "Depreciation And Amortization In Income Statement": 6988000.0,
        "Amortization": 4193000.0,
        "Amortization Of Intangibles Income Statement": 4193000.0,
        "Depreciation Income Statement": 2795000.0,
        "Selling General And Administration": 75436000.0,
        "Gross Profit": 106508000.0,
        "Cost Of Revenue": 769797000.0,
        "Total Revenue": 876305000.0,
        "Operating Revenue": 876305000.0
    },
    "2023-12-31": {
        "Tax Effect Of Unusual Items": 2659539.0,
        "Tax Rate For Calcs": 0.183,
        "Normalized EBITDA": 36130000.0,
        "Total Unusual Items": 14533000.0,
        "Total Unusual Items Excluding Goodwill": 14533000.0,
        "Net Income From Continuing Operation Net Minority Interest": 32726000.0,
        "Reconciled Depreciation": 7258000.0,
        "Reconciled Cost Of Revenue": 783787000.0,
        "EBITDA": 50663000.0,
        "EBIT": 43405000.0,
        "Net Interest Income": -1240000.0,
        "Interest Expense": 3359000.0,
        "Interest Income": 2119000.0,
        "Normalized Income": 20852539.0,
        "Net Income From Continuing And Discontinued Operation": 32726000.0,
        "Total Expenses": 857966000.0,
        "Total Operating Income As Reported": 26826000.0,
        "Diluted Average Shares": 25334000.0,
        "Basic Average Shares": 25035000.0,
        "Diluted EPS": 1.29,
        "Basic EPS": 1.31,
        "Diluted NI Availto Com Stockholders": 32726000.0,
        "Net Income Common Stockholders": 32726000.0,
        "Net Income": 32726000.0,
        "Net Income Including Noncontrolling Interests": 32726000.0,
        "Net Income Discontinuous Operations": NaN,
        "Net Income Continuous Operations": 32726000.0,
        "Tax Provision": 7320000.0,
        "Pretax Income": 40046000.0,
        "Other Income Expense": 14460000.0,
        "Other Non Operating Income Expenses": -73000.0,
        "Special Income Charges": 14533000.0,
        "Gain On Sale Of Business": 14533000.0,
        "Restructuring And Mergern Acquisition": NaN,
        "Gain On Sale Of Security": NaN,
        "Net Non Operating Interest Income Expense": -1240000.0,
        "Interest Expense Non Operating": 3359000.0,
        "Interest Income Non Operating": 2119000.0,
        "Operating Income": 26826000.0,
        "Operating Expense": 73922000.0,
        "Depreciation Amortization Depletion Income Statement": 7001000.0,
        "Depreciation And Amortization In Income Statement": 7001000.0,
        "Amortization": 4037000.0,
        "Amortization Of Intangibles Income Statement": 4037000.0,
        "Depreciation Income Statement": 2964000.0,
        "Selling General And Administration": 66921000.0,
        "Gross Profit": 100748000.0,
        "Cost Of Revenue": 784044000.0,
        "Total Revenue": 884792000.0,
        "Operating Revenue": 884792000.0
    },
    "2024-03-31": {
        "Tax Effect Of Unusual Items": -1125901.0,
        "Tax Rate For Calcs": 0.287,
        "Normalized EBITDA": 30618000.0,
        "Total Unusual Items": -3923000.0,
        "Total Unusual Items Excluding Goodwill": -3923000.0,
        "Net Income From Continuing Operation Net Minority Interest": 12806000.0,
        "Reconciled Depreciation": 6742000.0,
        "Reconciled Cost Of Revenue": 657818000.0,
        "EBITDA": 26695000.0,
        "EBIT": 19953000.0,
        "Net Interest Income": 651000.0,
        "Interest Expense": 2001000.0,
        "Interest Income": 2652000.0,
        "Normalized Income": 15603099.0,
        "Net Income From Continuing And Discontinued Operation": 12806000.0,
        "Total Expenses": 731134000.0,
        "Total Operating Income As Reported": 17542000.0,
        "Diluted Average Shares": 25437000.0,
        "Basic Average Shares": 25025000.0,
        "Diluted EPS": 0.5,
        "Basic EPS": 0.51,
        "Diluted NI Availto Com Stockholders": 12806000.0,
        "Net Income Common Stockholders": 12806000.0,
        "Net Income": 12806000.0,
        "Net Income Including Noncontrolling Interests": 12806000.0,
        "Net Income Discontinuous Operations": NaN,
        "Net Income Continuous Operations": 12806000.0,
        "Tax Provision": 5146000.0,
        "Pretax Income": 17952000.0,
        "Other Income Expense": -4164000.0,
        "Other Non Operating Income Expenses": -241000.0,
        "Special Income Charges": -3923000.0,
        "Gain On Sale Of Business": 0.0,
        "Restructuring And Mergern Acquisition": 3923000.0,
        "Gain On Sale Of Security": NaN,
        "Net Non Operating Interest Income Expense": 651000.0,
        "Interest Expense Non Operating": 2001000.0,
        "Interest Income Non Operating": 2652000.0,
        "Operating Income": 21465000.0,
        "Operating Expense": 73016000.0,
        "Depreciation Amortization Depletion Income Statement": 6442000.0,
        "Depreciation And Amortization In Income Statement": 6442000.0,
        "Amortization": 3752000.0,
        "Amortization Of Intangibles Income Statement": 3752000.0,
        "Depreciation Income Statement": 2690000.0,
        "Selling General And Administration": 66574000.0,
        "Gross Profit": 94481000.0,
        "Cost Of Revenue": 658118000.0,
        "Total Revenue": 752599000.0,
        "Operating Revenue": 752599000.0
    },
    "2024-06-30": {
        "Tax Effect Of Unusual Items": -236420.514628,
        "Tax Rate For Calcs": 0.2908,
        "Normalized EBITDA": 32385000.0,
        "Total Unusual Items": -813000.0,
        "Total Unusual Items Excluding Goodwill": -813000.0,
        "Net Income From Continuing Operation Net Minority Interest": 16096000.0,
        "Reconciled Depreciation": 6792000.0,
        "Reconciled Cost Of Revenue": 648518000.0,
        "EBITDA": 31572000.0,
        "EBIT": 24780000.0,
        "Net Interest Income": 1201000.0,
        "Interest Expense": 2084000.0,
        "Interest Income": 3285000.0,
        "Normalized Income": 16672579.485372,
        "Net Income From Continuing And Discontinued Operation": 16096000.0,
        "Total Expenses": 723808000.0,
        "Total Operating Income As Reported": 21870000.0,
        "Diluted Average Shares": NaN,
        "Basic Average Shares": NaN,
        "Diluted EPS": NaN,
        "Basic EPS": NaN,
        "Diluted NI Availto Com Stockholders": 16096000.0,
        "Net Income Common Stockholders": 16096000.0,
        "Net Income": 16096000.0,
        "Net Income Including Noncontrolling Interests": 16096000.0,
        "Net Income Discontinuous Operations": NaN,
        "Net Income Continuous Operations": 16096000.0,
        "Tax Provision": 6600000.0,
        "Pretax Income": 22696000.0,
        "Other Income Expense": -810000.0,
        "Other Non Operating Income Expenses": 3000.0,
        "Special Income Charges": -813000.0,
        "Gain On Sale Of Business": -378000.0,
        "Restructuring And Mergern Acquisition": 435000.0,
        "Gain On Sale Of Security": NaN,
        "Net Non Operating Interest Income Expense": 1201000.0,
        "Interest Expense Non Operating": 2084000.0,
        "Interest Income Non Operating": 3285000.0,
        "Operating Income": 22305000.0,
        "Operating Expense": 75009000.0,
        "Depreciation Amortization Depletion Income Statement": 6511000.0,
        "Depreciation And Amortization In Income Statement": 6511000.0,
        "Amortization": 3741000.0,
        "Amortization Of Intangibles Income Statement": 3741000.0,
        "Depreciation Income Statement": 2770000.0,
        "Selling General And Administration": 68498000.0,
        "Gross Profit": 97314000.0,
        "Cost Of Revenue": 648799000.0,
        "Total Revenue": 746113000.0,
        "Operating Revenue": 746113000.0
    }
}