{
    "2023-03-31": {
        "Tax Effect Of Unusual Items": 2040800.0,
        "Tax Rate For Calcs": 0.4,
        "Normalized EBITDA": 19248000.0,
        "Total Unusual Items": 5102000.0,
        "Total Unusual Items Excluding Goodwill": 5102000.0,
        "Net Income From Continuing Operation Net Minority Interest": 8492000.0,
        "Reconciled Depreciation": 1043000.0,
        "Reconciled Cost Of Revenue": 69169000.0,
        "EBIT": 23307000.0,
        "Net Interest Income": -5596000.0,
        "Interest Expense": 5596000.0,
        "Normalized Income": 5430800.0,
        "Net Income From Continuing And Discontinued Operation": 8492000.0,
        "Total Expenses": 102964000.0,
        "Rent Expense Supplemental": 6699000.0,
        "Diluted Average Shares": 53633608.0,
        "Basic Average Shares": 25173834.0,
        "Diluted EPS": 0.05,
        "Basic EPS": 0.34,
        "Diluted NI Availto Com Stockholders": 2665000.0,
        "Average Dilution Earnings": -5827000.0,
        "Net Income Common Stockholders": 8492000.0,
        "Net Income": 8492000.0,
        "Minority Interests": 3528000.0,
        "Net Income Including Noncontrolling Interests": 4964000.0,
        "Net Income Continuous Operations": 4964000.0,
        "Tax Provision": 12747000.0,
        "Pretax Income": 17711000.0,
        "Other Income Expense": 13036000.0,
        "Other Non Operating Income Expenses": 57000.0,
        "Special Income Charges": NaN,
        "Impairment Of Capital Assets": NaN,
        "Earnings From Equity Interest": 7877000.0,
        "Gain On Sale Of Security": 5102000.0,
        "Net Non Operating Interest Income Expense": -5596000.0,
        "Interest Expense Non Operating": 5596000.0,
        "Operating Income": 10271000.0,
        "Operating Expense": 33795000.0,
        "Selling General And Administration": 33795000.0,
        "General And Administrative Expense": 33795000.0,
        "Other Gand A": 24779000.0,
        "Insurance And Claims": 2317000.0,
        "Rent And Landing Fees": 6699000.0,
        "Gross Profit": 44066000.0,
        "Cost Of Revenue": 69169000.0,
        "Total Revenue": 113235000.0,
        "Operating Revenue": 106690000.0
    },
    "2022-12-31": {
        "Tax Effect Of Unusual Items": 2376400.0,
        "Tax Rate For Calcs": 0.4,
        "Normalized EBITDA": -10648000.0,
        "Total Unusual Items": 5941000.0,
        "Total Unusual Items Excluding Goodwill": 5941000.0,
        "Net Income From Continuing Operation Net Minority Interest": 1680000.0,
        "Reconciled Depreciation": 1057000.0,
        "Reconciled Cost Of Revenue": 96471000.0,
        "EBIT": -5764000.0,
        "Net Interest Income": -4933000.0,
        "Interest Expense": 4933000.0,
        "Normalized Income": -1884600.0,
        "Net Income From Continuing And Discontinued Operation": 1680000.0,
        "Total Expenses": 133086000.0,
        "Rent Expense Supplemental": 6860000.0,
        "Diluted Average Shares": NaN,
        "Basic Average Shares": NaN,
        "Diluted EPS": NaN,
        "Basic EPS": NaN,
        "Diluted NI Availto Com Stockholders": 1371000.0,
        "Average Dilution Earnings": -309000.0,
        "Net Income Common Stockholders": 1680000.0,
        "Net Income": 1680000.0,
        "Minority Interests": 6129000.0,
        "Net Income Including Noncontrolling Interests": -4449000.0,
        "Net Income Continuous Operations": -4449000.0,
        "Tax Provision": -6248000.0,
        "Pretax Income": -10697000.0,
        "Other Income Expense": 3680000.0,
        "Other Non Operating Income Expenses": -11472000.0,
        "Special Income Charges": 0.0,
        "Impairment Of Capital Assets": 0.0,
        "Earnings From Equity Interest": 9211000.0,
        "Gain On Sale Of Security": 5941000.0,
        "Net Non Operating Interest Income Expense": -4933000.0,
        "Interest Expense Non Operating": 4933000.0,
        "Operating Income": -9444000.0,
        "Operating Expense": 36615000.0,
        "Selling General And Administration": 36615000.0,
        "General And Administrative Expense": 36615000.0,
        "Other Gand A": 27496000.0,
        "Insurance And Claims": 2259000.0,
        "Rent And Landing Fees": 6860000.0,
        "Gross Profit": 27171000.0,
        "Cost Of Revenue": 96471000.0,
        "Total Revenue": 123642000.0,
        "Operating Revenue": 118154000.0
    },
    "2022-09-30": {
        "Tax Effect Of Unusual Items": -2150000.0,
        "Tax Rate For Calcs": 0.4,
        "Normalized EBITDA": -20015000.0,
        "Total Unusual Items": -5375000.0,
        "Total Unusual Items Excluding Goodwill": -5375000.0,
        "Net Income From Continuing Operation Net Minority Interest": -22518000.0,
        "Reconciled Depreciation": 1117000.0,
        "Reconciled Cost Of Revenue": 68161000.0,
        "EBIT": -26507000.0,
        "Net Interest Income": -3876000.0,
        "Interest Expense": 3876000.0,
        "Normalized Income": -19293000.0,
        "Net Income From Continuing And Discontinued Operation": -22518000.0,
        "Total Expenses": 96451000.0,
        "Rent Expense Supplemental": 6951000.0,
        "Diluted Average Shares": 24772098.0,
        "Basic Average Shares": 24772098.0,
        "Diluted EPS": -0.91,
        "Basic EPS": -0.91,
        "Diluted NI Availto Com Stockholders": -22518000.0,
        "Average Dilution Earnings": 0.0,
        "Net Income Common Stockholders": -22518000.0,
        "Net Income": -22518000.0,
        "Minority Interests": 8092000.0,
        "Net Income Including Noncontrolling Interests": -30610000.0,
        "Net Income Continuous Operations": -30610000.0,
        "Tax Provision": 227000.0,
        "Pretax Income": -30383000.0,
        "Other Income Expense": -8887000.0,
        "Other Non Operating Income Expenses": -14000.0,
        "Special Income Charges": 0.0,
        "Impairment Of Capital Assets": 0.0,
        "Earnings From Equity Interest": -3498000.0,
        "Gain On Sale Of Security": -5375000.0,
        "Net Non Operating Interest Income Expense": -3876000.0,
        "Interest Expense Non Operating": 3876000.0,
        "Operating Income": -17620000.0,
        "Operating Expense": 28290000.0,
        "Selling General And Administration": 28290000.0,
        "General And Administrative Expense": 28290000.0,
        "Other Gand A": 19113000.0,
        "Insurance And Claims": 2226000.0,
        "Rent And Landing Fees": 6951000.0,
        "Gross Profit": 10670000.0,
        "Cost Of Revenue": 68161000.0,
        "Total Revenue": 78831000.0,
        "Operating Revenue": 75255000.0
    },
    "2022-06-30": {
        "Tax Effect Of Unusual Items": -4839200.0,
        "Tax Rate For Calcs": 0.4,
        "Normalized EBITDA": 5138000.0,
        "Total Unusual Items": -12098000.0,
        "Total Unusual Items Excluding Goodwill": -12098000.0,
        "Net Income From Continuing Operation Net Minority Interest": -8052000.0,
        "Reconciled Depreciation": 1304000.0,
        "Reconciled Cost Of Revenue": 81411000.0,
        "EBIT": -6960000.0,
        "Net Interest Income": -3427000.0,
        "Interest Expense": 3427000.0,
        "Normalized Income": -793200.0,
        "Net Income From Continuing And Discontinued Operation": -8052000.0,
        "Total Expenses": 107836000.0,
        "Rent Expense Supplemental": 6900000.0,
        "Diluted Average Shares": 26565792.0,
        "Basic Average Shares": 25514364.0,
        "Diluted EPS": -0.89,
        "Basic EPS": -0.32,
        "Diluted NI Availto Com Stockholders": -8052000.0,
        "Average Dilution Earnings": -15702000.0,
        "Net Income Common Stockholders": -8052000.0,
        "Net Income": -8052000.0,
        "Minority Interests": -5579000.0,
        "Net Income Including Noncontrolling Interests": -2473000.0,
        "Net Income Continuous Operations": -2473000.0,
        "Tax Provision": -7914000.0,
        "Pretax Income": -10387000.0,
        "Other Income Expense": -18305000.0,
        "Other Non Operating Income Expenses": 227000.0,
        "Special Income Charges": 0.0,
        "Impairment Of Capital Assets": NaN,
        "Earnings From Equity Interest": -6434000.0,
        "Gain On Sale Of Security": -12098000.0,
        "Net Non Operating Interest Income Expense": -3427000.0,
        "Interest Expense Non Operating": 3427000.0,
        "Operating Income": 11345000.0,
        "Operating Expense": 26425000.0,
        "Selling General And Administration": 26425000.0,
        "General And Administrative Expense": 26425000.0,
        "Other Gand A": 26425000.0,
        "Insurance And Claims": 2228000.0,
        "Rent And Landing Fees": 6900000.0,
        "Gross Profit": 37770000.0,
        "Cost Of Revenue": 81411000.0,
        "Total Revenue": 119181000.0,
        "Operating Revenue": 116661000.0
    },
    "2022-03-31": {
        "Diluted EPS": -0.29,
        "Total Revenue": 97,
        "Gross Profit": 97,
        "Operating Income": -11,
        "EBIT": 18,
        "Net Income": 17
    },
    "2021-12-31": {
        "Diluted EPS": 0.2,
        "Total Revenue": 259,
        "Gross Profit": 259,
        "Operating Income": 14,
        "EBIT": 28,
        "Net Income": -6
    },
    "2021-09-30": {
        "Diluted EPS": -0.17,
        "Total Revenue": 106,
        "Gross Profit": 106,
        "Operating Income": 10,
        "EBIT": 28,
        "Net Income": -4
    },
    "2021-06-30": {
        "Diluted EPS": 0.4,
        "Total Revenue": 138,
        "Gross Profit": 138,
        "Operating Income": 49,
        "EBIT": 67,
        "Net Income": 22
    },
    "2021-03-31": {
        "Diluted EPS": -0.99,
        "Total Revenue": 123,
        "Gross Profit": 123,
        "Operating Income": 2,
        "EBIT": 39,
        "Net Income": -20
    },
    "2020-12-31": {
        "Diluted EPS": 5.79,
        "Total Revenue": 605,
        "Gross Profit": 605,
        "Operating Income": 359,
        "EBIT": 387,
        "Net Income": 216
    },
    "2020-09-30": {
        "Diluted EPS": 0.25,
        "Total Revenue": 112,
        "Gross Profit": 112,
        "Operating Income": 16,
        "EBIT": 40,
        "Net Income": 8
    },
    "2020-06-30": {
        "Diluted EPS": -1.77,
        "Total Revenue": 101,
        "Gross Profit": 101,
        "Operating Income": -112,
        "EBIT": -87,
        "Net Income": -25
    },
    "2020-03-31": {
        "Diluted EPS": -1.27,
        "Total Revenue": 79,
        "Gross Profit": 79,
        "Operating Income": -29,
        "EBIT": 4,
        "Net Income": -28
    },
    "2019-12-31": {
        "Diluted EPS": 1.5,
        "Total Revenue": 272,
        "Gross Profit": 272,
        "Operating Income": 57,
        "EBIT": 85,
        "Net Income": 48
    },
    "2019-09-30": {
        "Diluted EPS": -1.2,
        "Total Revenue": 99,
        "Gross Profit": 99,
        "Operating Income": -35,
        "EBIT": 6,
        "Net Income": -25
    },
    "2019-06-30": {
        "Diluted EPS": -0.46,
        "Total Revenue": 104,
        "Gross Profit": 104,
        "Operating Income": -12,
        "EBIT": 34,
        "Net Income": -9
    },
    "2019-03-31": {
        "Diluted EPS": 1.73,
        "Total Revenue": 123,
        "Gross Profit": 123,
        "Operating Income": -7,
        "EBIT": 39,
        "Net Income": 37
    },
    "2018-12-31": {
        "Diluted EPS": -0.05,
        "Total Revenue": 175,
        "Gross Profit": 175,
        "Operating Income": 23,
        "EBIT": 57,
        "Net Income": -1
    },
    "2018-09-30": {
        "Diluted EPS": -0.75,
        "Total Revenue": 94,
        "Gross Profit": 94,
        "Operating Income": -36,
        "EBIT": -6,
        "Net Income": -15
    },
    "2018-06-30": {
        "Diluted EPS": -0.64,
        "Total Revenue": 110,
        "Gross Profit": 110,
        "Operating Income": -21,
        "EBIT": 13,
        "Net Income": -12
    },
    "2018-03-31": {
        "Diluted EPS": 0.18,
        "Total Revenue": 128,
        "Gross Profit": 128,
        "Operating Income": 22,
        "EBIT": 46,
        "Net Income": 3
    },
    "2017-12-31": {
        "Diluted EPS": 0.37,
        "Total Revenue": 438,
        "Gross Profit": 438,
        "Operating Income": 155,
        "EBIT": 178,
        "Net Income": 7
    },
    "2017-09-30": {
        "Diluted EPS": 0.3,
        "Total Revenue": 132,
        "Gross Profit": 132,
        "Operating Income": 16,
        "EBIT": 40,
        "Net Income": 6
    },
    "2017-06-30": {
        "Diluted EPS": 0.7,
        "Total Revenue": 149,
        "Gross Profit": 149,
        "Operating Income": 44,
        "EBIT": 68,
        "Net Income": 13
    },
    "2017-03-31": {
        "Diluted EPS": -0.4,
        "Total Revenue": 139,
        "Gross Profit": 139,
        "Operating Income": 23,
        "EBIT": 46,
        "Net Income": -7
    },
    "2016-12-31": {
        "Diluted EPS": 0.41,
        "Total Revenue": 281,
        "Gross Profit": 281,
        "Operating Income": 8,
        "EBIT": 32,
        "Net Income": 3
    },
    "2016-09-30": {
        "Diluted EPS": 0.5,
        "Total Revenue": 148,
        "Gross Profit": 148,
        "Operating Income": 28,
        "EBIT": 60,
        "Net Income": 14
    },
    "2016-06-30": {
        "Diluted EPS": -4.4,
        "Total Revenue": 153,
        "Gross Profit": 153,
        "Operating Income": -184,
        "EBIT": -155,
        "Net Income": -79
    },
    "2016-03-31": {
        "Diluted EPS": -3.8,
        "Total Revenue": 188,
        "Gross Profit": 188,
        "Operating Income": -139,
        "EBIT": -112,
        "Net Income": -69
    },
    "2015-12-31": {
        "Diluted EPS": -0.9,
        "Total Revenue": 343,
        "Gross Profit": 343,
        "Operating Income": -63,
        "EBIT": -34,
        "Net Income": -22
    },
    "2015-09-30": {
        "Diluted EPS": 0.6,
        "Total Revenue": 326,
        "Gross Profit": 326,
        "Operating Income": 103,
        "EBIT": 134,
        "Net Income": 17
    },
    "2015-06-30": {
        "Diluted EPS": 0.3,
        "Total Revenue": 321,
        "Gross Profit": 321,
        "Operating Income": 150,
        "EBIT": 189,
        "Net Income": 5
    },
    "2015-03-31": {
        "Diluted EPS": 1.4,
        "Total Revenue": 333,
        "Gross Profit": 333,
        "Operating Income": 144,
        "EBIT": 180,
        "Net Income": 26
    },
    "2014-12-31": {
        "Diluted EPS": 5.2,
        "Total Revenue": 688,
        "Gross Profit": 688,
        "Operating Income": 312,
        "EBIT": 344,
        "Net Income": 85
    },
    "2014-09-30": {
        "Diluted EPS": 0.9,
        "Total Revenue": 307,
        "Gross Profit": 307,
        "Operating Income": 154,
        "EBIT": 186,
        "Net Income": 23
    },
    "2014-06-30": {
        "Diluted EPS": 0.5,
        "Total Revenue": 262,
        "Gross Profit": 262,
        "Operating Income": 110,
        "EBIT": 141,
        "Net Income": 11
    },
    "2014-03-31": {
        "Diluted EPS": 1.4,
        "Total Revenue": 285,
        "Gross Profit": 285,
        "Operating Income": 139,
        "EBIT": 170,
        "Net Income": 24
    },
    "2013-12-31": {
        "Diluted EPS": 12.5,
        "Total Revenue": NaN,
        "Gross Profit": NaN,
        "Operating Income": 630,
        "EBIT": 666,
        "Net Income": 199
    },
    "2013-09-30": {
        "Diluted EPS": 1.5,
        "Total Revenue": 280,
        "Gross Profit": 280,
        "Operating Income": 139,
        "EBIT": 178,
        "Net Income": 29
    },
    "2013-06-30": {
        "Diluted EPS": 0.2,
        "Total Revenue": 229,
        "Gross Profit": 229,
        "Operating Income": 114,
        "EBIT": 156,
        "Net Income": 4
    },
    "2013-03-31": {
        "Diluted EPS": 2.0,
        "Total Revenue": 286,
        "Gross Profit": 286,
        "Operating Income": 193,
        "EBIT": 218,
        "Net Income": 30
    },
    "2012-12-31": {
        "Diluted EPS": 4.1,
        "Total Revenue": 739,
        "Gross Profit": 739,
        "Operating Income": 232,
        "EBIT": 270,
        "Net Income": 56
    },
    "2012-09-30": {
        "Diluted EPS": -8.9,
        "Total Revenue": 168,
        "Gross Profit": 168,
        "Operating Income": -306,
        "EBIT": -287,
        "Net Income": -128
    },
    "2012-06-30": {
        "Diluted EPS": -8.2,
        "Total Revenue": 178,
        "Gross Profit": 178,
        "Operating Income": -294,
        "EBIT": -275,
        "Net Income": -116
    },
    "2012-03-31": {
        "Diluted EPS": -8.7,
        "Total Revenue": 141,
        "Gross Profit": 141,
        "Operating Income": -327,
        "EBIT": -307,
        "Net Income": -123
    },
    "2011-12-31": {
        "Diluted EPS": -11.6,
        "Total Revenue": 181,
        "Gross Profit": 181,
        "Operating Income": -392,
        "EBIT": -360,
        "Net Income": -137
    },
    "2011-09-30": {
        "Diluted EPS": -9.6,
        "Total Revenue": 149,
        "Gross Profit": 149,
        "Operating Income": -324,
        "EBIT": -292,
        "Net Income": -93
    },
    "2011-06-30": {
        "Diluted EPS": -9.6,
        "Total Revenue": 147,
        "Gross Profit": 147,
        "Operating Income": -341,
        "EBIT": -302,
        "Net Income": -93
    },
    "2011-03-31": {
        "Diluted EPS": -9.9,
        "Total Revenue": 138,
        "Gross Profit": 138,
        "Operating Income": -352,
        "EBIT": -316,
        "Net Income": -95
    },
    "2010-12-31": {
        "Diluted EPS": -1.8,
        "Total Revenue": 569,
        "Gross Profit": 569,
        "Operating Income": -31,
        "EBIT": 8,
        "Net Income": -23
    },
    "2010-09-30": {
        "Diluted EPS": -10.5,
        "Total Revenue": 122,
        "Gross Profit": 122,
        "Operating Income": -373,
        "EBIT": -338,
        "Net Income": -94
    },
    "2010-06-30": {
        "Diluted EPS": -10.5,
        "Total Revenue": 124,
        "Gross Profit": 124,
        "Operating Income": -363,
        "EBIT": -332,
        "Net Income": -89
    },
    "2010-03-31": {
        "Diluted EPS": -10.7,
        "Total Revenue": 109,
        "Gross Profit": 109,
        "Operating Income": -391,
        "EBIT": -358,
        "Net Income": -89
    },
    "2009-12-31": {
        "Diluted EPS": -5.1,
        "Total Revenue": 449,
        "Gross Profit": 449,
        "Operating Income": -134,
        "EBIT": -101,
        "Net Income": -47
    },
    "2009-09-30": {
        "Diluted EPS": -10.6,
        "Total Revenue": 102,
        "Gross Profit": 102,
        "Operating Income": -421,
        "EBIT": -383,
        "Net Income": -80
    },
    "2009-06-30": {
        "Diluted EPS": -11.5,
        "Total Revenue": 96,
        "Gross Profit": 96,
        "Operating Income": -427,
        "EBIT": -396,
        "Net Income": -88
    },
    "2009-03-31": {
        "Diluted EPS": -10.7,
        "Total Revenue": 97,
        "Gross Profit": 97,
        "Operating Income": -397,
        "EBIT": -367,
        "Net Income": -82
    }
}