{
    "2023-04-30": {
        "Tax Effect Of Unusual Items": 0.0,
        "Tax Rate For Calcs": 0.226,
        "Normalized EBITDA": 28114000.0,
        "Net Income From Continuing Operation Net Minority Interest": 16526000.0,
        "Reconciled Depreciation": 6697000.0,
        "Reconciled Cost Of Revenue": 182667000.0,
        "EBITDA": 28114000.0,
        "EBIT": 21417000.0,
        "Net Interest Income": 412000.0,
        "Interest Expense": 66000.0,
        "Interest Income": 478000.0,
        "Normalized Income": 16526000.0,
        "Net Income From Continuing And Discontinued Operation": 16526000.0,
        "Total Expenses": 260245000.0,
        "Total Operating Income As Reported": 20939000.0,
        "Diluted Average Shares": 27505000.0,
        "Basic Average Shares": 27223000.0,
        "Diluted EPS": 0.6,
        "Basic EPS": 0.61,
        "Diluted NI Availto Com Stockholders": 16526000.0,
        "Average Dilution Earnings": NaN,
        "Net Income Common Stockholders": 16526000.0,
        "Otherunder Preferred Stock Dividend": NaN,
        "Net Income": 16526000.0,
        "Net Income Including Noncontrolling Interests": 16526000.0,
        "Net Income Continuous Operations": 16526000.0,
        "Tax Provision": 4825000.0,
        "Pretax Income": 21351000.0,
        "Net Non Operating Interest Income Expense": 412000.0,
        "Interest Expense Non Operating": 66000.0,
        "Interest Income Non Operating": 478000.0,
        "Operating Income": 20939000.0,
        "Operating Expense": 77578000.0,
        "Selling General And Administration": 77578000.0,
        "Gross Profit": 98517000.0,
        "Cost Of Revenue": 182667000.0,
        "Total Revenue": 281184000.0,
        "Operating Revenue": 281184000.0
    },
    "2023-01-31": {
        "Tax Effect Of Unusual Items": 0.0,
        "Tax Rate For Calcs": 0.255623,
        "Normalized EBITDA": 35674000.0,
        "Net Income From Continuing Operation Net Minority Interest": 21610000.0,
        "Reconciled Depreciation": 6573000.0,
        "Reconciled Cost Of Revenue": 179457000.0,
        "EBITDA": 35674000.0,
        "EBIT": 29101000.0,
        "Net Interest Income": 337000.0,
        "Interest Expense": 70000.0,
        "Interest Income": 407000.0,
        "Normalized Income": 21610000.0,
        "Net Income From Continuing And Discontinued Operation": 21610000.0,
        "Total Expenses": 262085000.0,
        "Total Operating Income As Reported": 28694000.0,
        "Diluted Average Shares": 27456000.0,
        "Basic Average Shares": 27152000.0,
        "Diluted EPS": 0.79,
        "Basic EPS": 0.8,
        "Diluted NI Availto Com Stockholders": 21610000.0,
        "Average Dilution Earnings": 0.0,
        "Net Income Common Stockholders": 21610000.0,
        "Otherunder Preferred Stock Dividend": NaN,
        "Net Income": 21610000.0,
        "Net Income Including Noncontrolling Interests": 21610000.0,
        "Net Income Continuous Operations": 21610000.0,
        "Tax Provision": 7421000.0,
        "Pretax Income": 29031000.0,
        "Net Non Operating Interest Income Expense": 337000.0,
        "Interest Expense Non Operating": 70000.0,
        "Interest Income Non Operating": 407000.0,
        "Operating Income": 28694000.0,
        "Operating Expense": 82628000.0,
        "Selling General And Administration": 82628000.0,
        "Gross Profit": 111322000.0,
        "Cost Of Revenue": 179457000.0,
        "Total Revenue": 290779000.0,
        "Operating Revenue": 290779000.0
    },
    "2022-10-31": {
        "Tax Effect Of Unusual Items": 0.0,
        "Tax Rate For Calcs": 0.256,
        "Normalized EBITDA": 50179000.0,
        "Net Income From Continuing Operation Net Minority Interest": 32652000.0,
        "Reconciled Depreciation": 6207000.0,
        "Reconciled Cost Of Revenue": 210812000.0,
        "EBITDA": 50179000.0,
        "EBIT": 43972000.0,
        "Net Interest Income": 331000.0,
        "Interest Expense": 64000.0,
        "Interest Income": 395000.0,
        "Normalized Income": 32652000.0,
        "Net Income From Continuing And Discontinued Operation": 32652000.0,
        "Total Expenses": 298084000.0,
        "Total Operating Income As Reported": 43577000.0,
        "Diluted Average Shares": 27700000.0,
        "Basic Average Shares": 27454000.0,
        "Diluted EPS": 1.18,
        "Basic EPS": 1.19,
        "Diluted NI Availto Com Stockholders": 32652000.0,
        "Average Dilution Earnings": 0.0,
        "Net Income Common Stockholders": 32652000.0,
        "Otherunder Preferred Stock Dividend": 0.0,
        "Net Income": 32652000.0,
        "Net Income Including Noncontrolling Interests": 32652000.0,
        "Net Income Continuous Operations": 32652000.0,
        "Tax Provision": 11256000.0,
        "Pretax Income": 43908000.0,
        "Net Non Operating Interest Income Expense": 331000.0,
        "Interest Expense Non Operating": 64000.0,
        "Interest Income Non Operating": 395000.0,
        "Operating Income": 43577000.0,
        "Operating Expense": 87272000.0,
        "Selling General And Administration": 87272000.0,
        "Gross Profit": 130849000.0,
        "Cost Of Revenue": 210812000.0,
        "Total Revenue": 341661000.0,
        "Operating Revenue": 341661000.0
    },
    "2022-07-31": {
        "Tax Effect Of Unusual Items": 0.0,
        "Tax Rate For Calcs": 0.256111,
        "Normalized EBITDA": 44666000.0,
        "Net Income From Continuing Operation Net Minority Interest": 28909000.0,
        "Reconciled Depreciation": 5739000.0,
        "Reconciled Cost Of Revenue": 199138000.0,
        "EBITDA": 44666000.0,
        "EBIT": 38927000.0,
        "Net Interest Income": 73000.0,
        "Interest Expense": 65000.0,
        "Interest Income": 138000.0,
        "Normalized Income": 28909000.0,
        "Net Income From Continuing And Discontinued Operation": 28909000.0,
        "Total Expenses": 273479000.0,
        "Total Operating Income As Reported": 38789000.0,
        "Diluted Average Shares": 27812000.0,
        "Basic Average Shares": 27590000.0,
        "Diluted EPS": 1.04,
        "Basic EPS": 1.05,
        "Diluted NI Availto Com Stockholders": 28909000.0,
        "Average Dilution Earnings": 0.0,
        "Net Income Common Stockholders": 28909000.0,
        "Net Income": 28909000.0,
        "Net Income Including Noncontrolling Interests": 28909000.0,
        "Net Income Continuous Operations": 28909000.0,
        "Tax Provision": 9953000.0,
        "Pretax Income": 38862000.0,
        "Net Non Operating Interest Income Expense": 73000.0,
        "Interest Expense Non Operating": 65000.0,
        "Interest Income Non Operating": 138000.0,
        "Operating Income": 38789000.0,
        "Operating Expense": 74341000.0,
        "Selling General And Administration": 74341000.0,
        "Gross Profit": 113130000.0,
        "Cost Of Revenue": 199138000.0,
        "Total Revenue": 312268000.0,
        "Operating Revenue": 312268000.0
    },
    "2022-04-30": {
        "Diluted EPS": 0.95,
        "Total Revenue": 318,
        "Gross Profit": 113,
        "Operating Income": 35,
        "EBIT": 40,
        "Net Income": 27
    },
    "2022-01-31": {
        "Diluted EPS": 0.73,
        "Total Revenue": 313,
        "Gross Profit": 117,
        "Operating Income": 28,
        "EBIT": 33,
        "Net Income": 21
    },
    "2021-10-31": {
        "Diluted EPS": 1.64,
        "Total Revenue": 356,
        "Gross Profit": 144,
        "Operating Income": 62,
        "EBIT": 67,
        "Net Income": 47
    },
    "2021-07-31": {
        "Diluted EPS": 1.54,
        "Total Revenue": 332,
        "Gross Profit": 136,
        "Operating Income": 60,
        "EBIT": 64,
        "Net Income": 44
    },
    "2021-04-30": {
        "Diluted EPS": 1.51,
        "Total Revenue": 328,
        "Gross Profit": 130,
        "Operating Income": 58,
        "EBIT": 62,
        "Net Income": 43
    },
    "2021-01-31": {
        "Diluted EPS": 0.28,
        "Total Revenue": 254,
        "Gross Profit": 78,
        "Operating Income": 11,
        "EBIT": 15,
        "Net Income": 7
    },
    "2020-10-31": {
        "Diluted EPS": 0.51,
        "Total Revenue": 275,
        "Gross Profit": 88,
        "Operating Income": 20,
        "EBIT": 24,
        "Net Income": 15
    },
    "2020-07-31": {
        "Diluted EPS": 0.35,
        "Total Revenue": 301,
        "Gross Profit": 83,
        "Operating Income": 14,
        "EBIT": 18,
        "Net Income": 10
    },
    "2020-04-30": {
        "Diluted EPS": -0.58,
        "Total Revenue": 147,
        "Gross Profit": 31,
        "Operating Income": -23,
        "EBIT": -19,
        "Net Income": -16
    },
    "2020-01-31": {
        "Diluted EPS": 0.14,
        "Total Revenue": 240,
        "Gross Profit": 70,
        "Operating Income": 5,
        "EBIT": 9,
        "Net Income": 4
    },
    "2019-10-31": {
        "Diluted EPS": 0.47,
        "Total Revenue": 275,
        "Gross Profit": 85,
        "Operating Income": 18,
        "EBIT": 22,
        "Net Income": 14
    },
    "2019-07-31": {
        "Diluted EPS": 0.4,
        "Total Revenue": 268,
        "Gross Profit": 82,
        "Operating Income": 16,
        "EBIT": 20,
        "Net Income": 12
    },
    "2019-04-30": {
        "Diluted EPS": 0.46,
        "Total Revenue": 254,
        "Gross Profit": 75,
        "Operating Income": 16,
        "EBIT": 20,
        "Net Income": 14
    },
    "2019-01-31": {
        "Diluted EPS": 0.05,
        "Total Revenue": 235,
        "Gross Profit": 67,
        "Operating Income": 1,
        "EBIT": 7,
        "Net Income": 1
    },
    "2018-10-31": {
        "Diluted EPS": 0.38,
        "Total Revenue": 269,
        "Gross Profit": 81,
        "Operating Income": 16,
        "EBIT": 21,
        "Net Income": 12
    },
    "2018-07-31": {
        "Diluted EPS": 0.38,
        "Total Revenue": 268,
        "Gross Profit": 84,
        "Operating Income": 15,
        "EBIT": 21,
        "Net Income": 12
    },
    "2018-04-30": {
        "Diluted EPS": 0.42,
        "Total Revenue": 257,
        "Gross Profit": 77,
        "Operating Income": 17,
        "EBIT": 23,
        "Net Income": 13
    },
    "2018-01-31": {
        "Diluted EPS": -0.12,
        "Total Revenue": 243,
        "Gross Profit": 70,
        "Operating Income": 0,
        "EBIT": 6,
        "Net Income": -4
    },
    "2017-10-31": {
        "Diluted EPS": 0.33,
        "Total Revenue": 287,
        "Gross Profit": 86,
        "Operating Income": 18,
        "EBIT": 24,
        "Net Income": 11
    },
    "2017-07-31": {
        "Diluted EPS": 0.12,
        "Total Revenue": 235,
        "Gross Profit": 68,
        "Operating Income": 6,
        "EBIT": 13,
        "Net Income": 4
    },
    "2017-04-30": {
        "Diluted EPS": 0.24,
        "Total Revenue": 253,
        "Gross Profit": 72,
        "Operating Income": 13,
        "EBIT": 19,
        "Net Income": 8
    },
    "2017-01-31": {
        "Diluted EPS": -0.02,
        "Total Revenue": 234,
        "Gross Profit": 64,
        "Operating Income": -1,
        "EBIT": 5,
        "Net Income": -1
    },
    "2016-10-31": {
        "Diluted EPS": 0.27,
        "Total Revenue": 275,
        "Gross Profit": 82,
        "Operating Income": 15,
        "EBIT": 21,
        "Net Income": 9
    },
    "2016-07-31": {
        "Diluted EPS": 0.11,
        "Total Revenue": 232,
        "Gross Profit": 67,
        "Operating Income": 7,
        "EBIT": 13,
        "Net Income": 4
    },
    "2016-04-30": {
        "Diluted EPS": 0.28,
        "Total Revenue": 260,
        "Gross Profit": 76,
        "Operating Income": 17,
        "EBIT": 23,
        "Net Income": 10
    },
    "2016-01-31": {
        "Diluted EPS": 0.11,
        "Total Revenue": 234,
        "Gross Profit": 68,
        "Operating Income": 7,
        "EBIT": 12,
        "Net Income": 4
    },
    "2015-10-31": {
        "Diluted EPS": 0.24,
        "Total Revenue": 270,
        "Gross Profit": 81,
        "Operating Income": 15,
        "EBIT": 21,
        "Net Income": 9
    },
    "2015-07-31": {
        "Diluted EPS": 0.12,
        "Total Revenue": 228,
        "Gross Profit": 66,
        "Operating Income": 8,
        "EBIT": 14,
        "Net Income": 5
    },
    "2015-04-30": {
        "Diluted EPS": 0.26,
        "Total Revenue": 253,
        "Gross Profit": 75,
        "Operating Income": 17,
        "EBIT": 23,
        "Net Income": 10
    },
    "2015-01-31": {
        "Diluted EPS": 0.08,
        "Total Revenue": 228,
        "Gross Profit": 65,
        "Operating Income": 5,
        "EBIT": 10,
        "Net Income": 3
    },
    "2014-10-31": {
        "Diluted EPS": 0.27,
        "Total Revenue": 255,
        "Gross Profit": 77,
        "Operating Income": 18,
        "EBIT": 23,
        "Net Income": 11
    },
    "2014-07-31": {
        "Diluted EPS": 0.07,
        "Total Revenue": 222,
        "Gross Profit": 62,
        "Operating Income": 4,
        "EBIT": 9,
        "Net Income": 3
    },
    "2014-04-30": {
        "Diluted EPS": 0.23,
        "Total Revenue": 236,
        "Gross Profit": 70,
        "Operating Income": 15,
        "EBIT": 20,
        "Net Income": 9
    },
    "2014-01-31": {
        "Diluted EPS": 0.01,
        "Total Revenue": 200,
        "Gross Profit": 57,
        "Operating Income": 1,
        "EBIT": 6,
        "Net Income": 1
    },
    "2013-10-31": {
        "Diluted EPS": 0.27,
        "Total Revenue": 236,
        "Gross Profit": 71,
        "Operating Income": 18,
        "EBIT": 22,
        "Net Income": 11
    },
    "2013-07-31": {
        "Diluted EPS": 0.15,
        "Total Revenue": 216,
        "Gross Profit": 63,
        "Operating Income": 10,
        "EBIT": 14,
        "Net Income": 6
    },
    "2013-04-30": {
        "Diluted EPS": 0.24,
        "Total Revenue": 232,
        "Gross Profit": 69,
        "Operating Income": 15,
        "EBIT": 19,
        "Net Income": 9
    },
    "2013-01-31": {
        "Diluted EPS": 0.08,
        "Total Revenue": 206,
        "Gross Profit": 60,
        "Operating Income": 5,
        "EBIT": 9,
        "Net Income": 3
    },
    "2012-10-31": {
        "Diluted EPS": 0.3,
        "Total Revenue": 244,
        "Gross Profit": 76,
        "Operating Income": 21,
        "EBIT": 25,
        "Net Income": 12
    },
    "2012-07-31": {
        "Diluted EPS": 0.07,
        "Total Revenue": 182,
        "Gross Profit": 52,
        "Operating Income": 5,
        "EBIT": 9,
        "Net Income": 3
    },
    "2012-04-30": {
        "Diluted EPS": 0.27,
        "Total Revenue": 223,
        "Gross Profit": 69,
        "Operating Income": 18,
        "EBIT": 22,
        "Net Income": 11
    },
    "2012-01-31": {
        "Diluted EPS": 0.08,
        "Total Revenue": 182,
        "Gross Profit": 52,
        "Operating Income": 5,
        "EBIT": 9,
        "Net Income": 3
    },
    "2011-10-31": {
        "Diluted EPS": 0.26,
        "Total Revenue": 215,
        "Gross Profit": 65,
        "Operating Income": 17,
        "EBIT": 21,
        "Net Income": 10
    },
    "2011-07-31": {
        "Diluted EPS": 0.07,
        "Total Revenue": 167,
        "Gross Profit": 46,
        "Operating Income": 4,
        "EBIT": 8,
        "Net Income": 3
    },
    "2011-04-30": {
        "Diluted EPS": 0.25,
        "Total Revenue": 198,
        "Gross Profit": 62,
        "Operating Income": 16,
        "EBIT": 20,
        "Net Income": 10
    },
    "2011-01-31": {
        "Diluted EPS": 0.11,
        "Total Revenue": 180,
        "Gross Profit": 54,
        "Operating Income": 7,
        "EBIT": 10,
        "Net Income": 4
    },
    "2010-10-31": {
        "Diluted EPS": 0.23,
        "Total Revenue": 204,
        "Gross Profit": 62,
        "Operating Income": 14,
        "EBIT": 18,
        "Net Income": 9
    },
    "2010-07-31": {
        "Diluted EPS": 0.11,
        "Total Revenue": 165,
        "Gross Profit": 47,
        "Operating Income": 6,
        "EBIT": 9,
        "Net Income": 4
    },
    "2010-04-30": {
        "Diluted EPS": 0.24,
        "Total Revenue": 189,
        "Gross Profit": 59,
        "Operating Income": 15,
        "EBIT": 19,
        "Net Income": 9
    },
    "2010-01-31": {
        "Diluted EPS": 0.07,
        "Total Revenue": 171,
        "Gross Profit": 49,
        "Operating Income": 4,
        "EBIT": 8,
        "Net Income": 3
    },
    "2009-10-31": {
        "Diluted EPS": 0.2,
        "Total Revenue": 192,
        "Gross Profit": 57,
        "Operating Income": 12,
        "EBIT": 16,
        "Net Income": 7
    },
    "2009-07-31": {
        "Diluted EPS": 0.03,
        "Total Revenue": 153,
        "Gross Profit": 41,
        "Operating Income": 2,
        "EBIT": 6,
        "Net Income": 1
    },
    "2009-04-30": {
        "Diluted EPS": 0.11,
        "Total Revenue": 167,
        "Gross Profit": 47,
        "Operating Income": 7,
        "EBIT": 10,
        "Net Income": 4
    },
    "2009-01-31": {
        "Diluted EPS": -0.08,
        "Total Revenue": 157,
        "Gross Profit": 39,
        "Operating Income": -5,
        "EBIT": -1,
        "Net Income": -3
    },
    "2023-07-31": {
        "Tax Effect Of Unusual Items": 0.0,
        "Tax Rate For Calcs": 0.223,
        "Normalized EBITDA": 32220000.0,
        "Net Income From Continuing Operation Net Minority Interest": 19441000.0,
        "Reconciled Depreciation": 7125000.0,
        "Reconciled Cost Of Revenue": 189150000.0,
        "EBITDA": 32220000.0,
        "EBIT": 25095000.0,
        "Net Interest Income": 362000.0,
        "Interest Expense": 71000.0,
        "Interest Income": 433000.0,
        "Normalized Income": 19441000.0,
        "Net Income From Continuing And Discontinued Operation": 19441000.0,
        "Total Expenses": 269953000.0,
        "Total Operating Income As Reported": 24662000.0,
        "Diluted Average Shares": 27410000.0,
        "Basic Average Shares": 27336000.0,
        "Diluted EPS": 0.71,
        "Basic EPS": 0.71,
        "Diluted NI Availto Com Stockholders": 19441000.0,
        "Average Dilution Earnings": NaN,
        "Net Income Common Stockholders": 19441000.0,
        "Otherunder Preferred Stock Dividend": NaN,
        "Net Income": 19441000.0,
        "Net Income Including Noncontrolling Interests": 19441000.0,
        "Net Income Continuous Operations": 19441000.0,
        "Tax Provision": 5583000.0,
        "Pretax Income": 25024000.0,
        "Net Non Operating Interest Income Expense": 362000.0,
        "Interest Expense Non Operating": 71000.0,
        "Interest Income Non Operating": 433000.0,
        "Operating Income": 24662000.0,
        "Operating Expense": 80803000.0,
        "Selling General And Administration": 80803000.0,
        "Gross Profit": 105465000.0,
        "Cost Of Revenue": 189150000.0,
        "Total Revenue": 294615000.0,
        "Operating Revenue": 294615000.0
    },
    "2023-10-31": {
        "Tax Effect Of Unusual Items": 0.0,
        "Tax Rate For Calcs": 0.238,
        "Normalized EBITDA": 36139000.0,
        "Net Income From Continuing Operation Net Minority Interest": 21861000.0,
        "Reconciled Depreciation": 7371000.0,
        "Reconciled Cost Of Revenue": 202213000.0,
        "EBITDA": 36139000.0,
        "EBIT": 28768000.0,
        "Net Interest Income": 762000.0,
        "Interest Expense": 71000.0,
        "Interest Income": 833000.0,
        "Normalized Income": 21861000.0,
        "Net Income From Continuing And Discontinued Operation": 21861000.0,
        "Total Expenses": 291979000.0,
        "Total Operating Income As Reported": 27935000.0,
        "Diluted Average Shares": 27400000.0,
        "Basic Average Shares": 27258000.0,
        "Diluted EPS": 0.8,
        "Basic EPS": 0.8,
        "Diluted NI Availto Com Stockholders": 21861000.0,
        "Average Dilution Earnings": NaN,
        "Net Income Common Stockholders": 21861000.0,
        "Otherunder Preferred Stock Dividend": 0.0,
        "Net Income": 21861000.0,
        "Net Income Including Noncontrolling Interests": 21861000.0,
        "Net Income Continuous Operations": 21861000.0,
        "Tax Provision": 6836000.0,
        "Pretax Income": 28697000.0,
        "Net Non Operating Interest Income Expense": 762000.0,
        "Interest Expense Non Operating": 71000.0,
        "Interest Income Non Operating": 833000.0,
        "Operating Income": 27935000.0,
        "Operating Expense": 89766000.0,
        "Selling General And Administration": 89766000.0,
        "Gross Profit": 117701000.0,
        "Cost Of Revenue": 202213000.0,
        "Total Revenue": 319914000.0,
        "Operating Revenue": 319914000.0
    },
    "2024-01-31": {
        "Tax Effect Of Unusual Items": 0.0,
        "Tax Rate For Calcs": 0.263338,
        "Normalized EBITDA": 28743000.0,
        "Net Income From Continuing Operation Net Minority Interest": 15520000.0,
        "Reconciled Depreciation": 7601000.0,
        "Reconciled Cost Of Revenue": 180462000.0,
        "EBITDA": 28743000.0,
        "EBIT": 21142000.0,
        "Net Interest Income": 1099000.0,
        "Interest Expense": 74000.0,
        "Interest Income": 1173000.0,
        "Normalized Income": 15520000.0,
        "Net Income From Continuing And Discontinued Operation": 15520000.0,
        "Total Expenses": 260200000.0,
        "Total Operating Income As Reported": 19969000.0,
        "Diluted Average Shares": NaN,
        "Basic Average Shares": NaN,
        "Diluted EPS": NaN,
        "Basic EPS": NaN,
        "Diluted NI Availto Com Stockholders": 15520000.0,
        "Average Dilution Earnings": NaN,
        "Net Income Common Stockholders": 15520000.0,
        "Otherunder Preferred Stock Dividend": 0.0,
        "Net Income": 15520000.0,
        "Net Income Including Noncontrolling Interests": 15520000.0,
        "Net Income Continuous Operations": 15520000.0,
        "Tax Provision": 5548000.0,
        "Pretax Income": 21068000.0,
        "Net Non Operating Interest Income Expense": 1099000.0,
        "Interest Expense Non Operating": 74000.0,
        "Interest Income Non Operating": 1173000.0,
        "Operating Income": 19969000.0,
        "Operating Expense": 79738000.0,
        "Selling General And Administration": 79738000.0,
        "Gross Profit": 99707000.0,
        "Cost Of Revenue": 180462000.0,
        "Total Revenue": 280169000.0,
        "Operating Revenue": 280169000.0
    }
}