{
    "2023-04-30": {
        "Tax Effect Of Unusual Items": 0.0,
        "Tax Rate For Calcs": 0.187,
        "Normalized EBITDA": -26745000.0,
        "Total Unusual Items": 0.0,
        "Total Unusual Items Excluding Goodwill": 0.0,
        "Net Income From Continuing Operation Net Minority Interest": -30970000.0,
        "Reconciled Depreciation": 9607000.0,
        "Reconciled Cost Of Revenue": 42786000.0,
        "EBITDA": -26745000.0,
        "EBIT": -36352000.0,
        "Net Interest Income": -1746000.0,
        "Interest Expense": 1746000.0,
        "Normalized Income": -30970000.0,
        "Net Income From Continuing And Discontinued Operation": -30970000.0,
        "Total Expenses": 130747000.0,
        "Total Operating Income As Reported": -36352000.0,
        "Diluted Average Shares": 85431000.0,
        "Basic Average Shares": 85431000.0,
        "Diluted EPS": -0.36,
        "Basic EPS": -0.36,
        "Diluted NI Availto Com Stockholders": -30970000.0,
        "Net Income Common Stockholders": -30970000.0,
        "Net Income": -30970000.0,
        "Net Income Including Noncontrolling Interests": -30970000.0,
        "Net Income Continuous Operations": -30970000.0,
        "Tax Provision": -7128000.0,
        "Pretax Income": -38098000.0,
        "Other Income Expense": NaN,
        "Special Income Charges": 0.0,
        "Restructuring And Mergern Acquisition": 0.0,
        "Net Non Operating Interest Income Expense": -1746000.0,
        "Total Other Finance Cost": 1746000.0,
        "Interest Expense Non Operating": 1746000.0,
        "Operating Income": -36352000.0,
        "Operating Expense": 87961000.0,
        "Research And Development": 31172000.0,
        "Selling General And Administration": 56789000.0,
        "Selling And Marketing Expense": 34526000.0,
        "General And Administrative Expense": 22263000.0,
        "Other Gand A": 22263000.0,
        "Gross Profit": 51609000.0,
        "Cost Of Revenue": 42786000.0,
        "Total Revenue": 94395000.0,
        "Operating Revenue": 94395000.0
    },
    "2023-01-31": {
        "Tax Effect Of Unusual Items": 0.0,
        "Tax Rate For Calcs": 0.214102,
        "Normalized EBITDA": -43531000.0,
        "Total Unusual Items": NaN,
        "Total Unusual Items Excluding Goodwill": NaN,
        "Net Income From Continuing Operation Net Minority Interest": -40036000.0,
        "Reconciled Depreciation": 9887000.0,
        "Reconciled Cost Of Revenue": 47048000.0,
        "EBITDA": -43531000.0,
        "EBIT": -53418000.0,
        "Net Interest Income": 2475000.0,
        "Interest Expense": NaN,
        "Normalized Income": -40036000.0,
        "Net Income From Continuing And Discontinued Operation": -40036000.0,
        "Total Expenses": 168754000.0,
        "Total Operating Income As Reported": -53418000.0,
        "Diluted Average Shares": 84701000.0,
        "Basic Average Shares": 84701000.0,
        "Diluted EPS": -0.47,
        "Basic EPS": -0.47,
        "Diluted NI Availto Com Stockholders": -40036000.0,
        "Net Income Common Stockholders": -40036000.0,
        "Net Income": -40036000.0,
        "Net Income Including Noncontrolling Interests": -40036000.0,
        "Net Income Continuous Operations": -40036000.0,
        "Tax Provision": -10907000.0,
        "Pretax Income": -50943000.0,
        "Other Income Expense": NaN,
        "Special Income Charges": NaN,
        "Restructuring And Mergern Acquisition": NaN,
        "Net Non Operating Interest Income Expense": 2475000.0,
        "Total Other Finance Cost": -2475000.0,
        "Interest Expense Non Operating": NaN,
        "Operating Income": -53418000.0,
        "Operating Expense": 121706000.0,
        "Research And Development": 39605000.0,
        "Selling General And Administration": 82101000.0,
        "Selling And Marketing Expense": 44845000.0,
        "General And Administrative Expense": 37256000.0,
        "Other Gand A": 37256000.0,
        "Gross Profit": 68288000.0,
        "Cost Of Revenue": 47048000.0,
        "Total Revenue": 115336000.0,
        "Operating Revenue": 115336000.0
    },
    "2022-10-31": {
        "Tax Effect Of Unusual Items": NaN,
        "Tax Rate For Calcs": NaN,
        "Normalized EBITDA": NaN,
        "Total Unusual Items": 0.0,
        "Total Unusual Items Excluding Goodwill": 0.0,
        "Net Income From Continuing Operation Net Minority Interest": NaN,
        "Reconciled Depreciation": NaN,
        "Reconciled Cost Of Revenue": NaN,
        "EBITDA": NaN,
        "EBIT": NaN,
        "Net Interest Income": NaN,
        "Interest Expense": NaN,
        "Normalized Income": NaN,
        "Net Income From Continuing And Discontinued Operation": NaN,
        "Total Expenses": NaN,
        "Total Operating Income As Reported": NaN,
        "Diluted Average Shares": NaN,
        "Basic Average Shares": NaN,
        "Diluted EPS": NaN,
        "Basic EPS": NaN,
        "Diluted NI Availto Com Stockholders": NaN,
        "Net Income Common Stockholders": NaN,
        "Net Income": NaN,
        "Net Income Including Noncontrolling Interests": NaN,
        "Net Income Continuous Operations": NaN,
        "Tax Provision": NaN,
        "Pretax Income": NaN,
        "Other Income Expense": NaN,
        "Special Income Charges": 0.0,
        "Restructuring And Mergern Acquisition": 0.0,
        "Net Non Operating Interest Income Expense": NaN,
        "Total Other Finance Cost": 661000.0,
        "Interest Expense Non Operating": NaN,
        "Operating Income": NaN,
        "Operating Expense": NaN,
        "Research And Development": NaN,
        "Selling General And Administration": NaN,
        "Selling And Marketing Expense": NaN,
        "General And Administrative Expense": NaN,
        "Other Gand A": NaN,
        "Gross Profit": NaN,
        "Cost Of Revenue": NaN,
        "Total Revenue": NaN,
        "Operating Revenue": NaN
    },
    "2022-07-31": {
        "Tax Effect Of Unusual Items": 0.0,
        "Tax Rate For Calcs": 0.23,
        "Normalized EBITDA": -22149000.0,
        "Total Unusual Items": NaN,
        "Total Unusual Items Excluding Goodwill": NaN,
        "Net Income From Continuing Operation Net Minority Interest": -24719000.0,
        "Reconciled Depreciation": 10100000.0,
        "Reconciled Cost Of Revenue": 49579000.0,
        "EBITDA": -22149000.0,
        "EBIT": -32249000.0,
        "Net Interest Income": 131000.0,
        "Interest Expense": NaN,
        "Interest Income": 131000.0,
        "Normalized Income": -24719000.0,
        "Net Income From Continuing And Discontinued Operation": -24719000.0,
        "Total Expenses": 148431000.0,
        "Total Operating Income As Reported": -32249000.0,
        "Diluted Average Shares": 84483000.0,
        "Basic Average Shares": 84483000.0,
        "Diluted EPS": -0.29,
        "Basic EPS": -0.29,
        "Diluted NI Availto Com Stockholders": -24719000.0,
        "Net Income Common Stockholders": -24719000.0,
        "Net Income": -24719000.0,
        "Net Income Including Noncontrolling Interests": -24719000.0,
        "Net Income Continuous Operations": -24719000.0,
        "Tax Provision": -7399000.0,
        "Pretax Income": -32118000.0,
        "Other Income Expense": NaN,
        "Special Income Charges": NaN,
        "Restructuring And Mergern Acquisition": NaN,
        "Net Non Operating Interest Income Expense": 131000.0,
        "Total Other Finance Cost": NaN,
        "Interest Expense Non Operating": NaN,
        "Interest Income Non Operating": 131000.0,
        "Operating Income": -32249000.0,
        "Operating Expense": 98852000.0,
        "Research And Development": 33638000.0,
        "Selling General And Administration": 65214000.0,
        "Selling And Marketing Expense": 40940000.0,
        "General And Administrative Expense": 24274000.0,
        "Other Gand A": 24274000.0,
        "Gross Profit": 66603000.0,
        "Cost Of Revenue": 49579000.0,
        "Total Revenue": 116182000.0,
        "Operating Revenue": 116182000.0
    },
    "2022-04-30": {
        "Diluted EPS": -0.26,
        "Total Revenue": 121,
        "Gross Profit": 72,
        "Operating Income": -26,
        "EBIT": -10,
        "Net Income": -22
    },
    "2022-01-31": {
        "Diluted EPS": -0.11,
        "Total Revenue": 128,
        "Gross Profit": 77,
        "Operating Income": -15,
        "EBIT": 2,
        "Net Income": -9
    },
    "2021-10-31": {
        "Diluted EPS": -0.15,
        "Total Revenue": 134,
        "Gross Profit": 81,
        "Operating Income": -15,
        "EBIT": 2,
        "Net Income": -13
    },
    "2021-07-31": {
        "Diluted EPS": -0.14,
        "Total Revenue": 134,
        "Gross Profit": 78,
        "Operating Income": -14,
        "EBIT": 3,
        "Net Income": -12
    },
    "2021-04-30": {
        "Diluted EPS": -0.08,
        "Total Revenue": 139,
        "Gross Profit": 82,
        "Operating Income": -8,
        "EBIT": 10,
        "Net Income": -6
    },
    "2021-01-31": {
        "Diluted EPS": -0.12,
        "Total Revenue": 140,
        "Gross Profit": 80,
        "Operating Income": -14,
        "EBIT": 26,
        "Net Income": -10
    },
    "2020-10-31": {
        "Diluted EPS": -0.04,
        "Total Revenue": 142,
        "Gross Profit": 82,
        "Operating Income": -5,
        "EBIT": 5,
        "Net Income": -4
    },
    "2020-07-31": {
        "Diluted EPS": -0.02,
        "Total Revenue": 138,
        "Gross Profit": 79,
        "Operating Income": -3,
        "EBIT": 10,
        "Net Income": -1
    },
    "2020-04-30": {
        "Diluted EPS": -0.09,
        "Total Revenue": 141,
        "Gross Profit": 78,
        "Operating Income": -11,
        "EBIT": 0,
        "Net Income": -8
    },
    "2020-01-31": {
        "Diluted EPS": -0.06,
        "Total Revenue": 142,
        "Gross Profit": 77,
        "Operating Income": -13,
        "EBIT": 28,
        "Net Income": -5
    },
    "2019-10-31": {
        "Diluted EPS": -0.1,
        "Total Revenue": 141,
        "Gross Profit": 80,
        "Operating Income": -10,
        "EBIT": 1,
        "Net Income": -8
    },
    "2019-07-31": {
        "Diluted EPS": -0.13,
        "Total Revenue": 137,
        "Gross Profit": 73,
        "Operating Income": -15,
        "EBIT": -4,
        "Net Income": -10
    },
    "2019-04-30": {
        "Diluted EPS": -0.1,
        "Total Revenue": 133,
        "Gross Profit": 70,
        "Operating Income": -14,
        "EBIT": -4,
        "Net Income": -8
    },
    "2019-01-31": {
        "Diluted EPS": -0.14,
        "Total Revenue": 131,
        "Gross Profit": 70,
        "Operating Income": -10,
        "EBIT": 0,
        "Net Income": -12
    },
    "2018-10-31": {
        "Diluted EPS": -0.05,
        "Total Revenue": 133,
        "Gross Profit": 71,
        "Operating Income": -7,
        "EBIT": 4,
        "Net Income": -4
    },
    "2018-07-31": {
        "Diluted EPS": -0.12,
        "Total Revenue": 129,
        "Gross Profit": 66,
        "Operating Income": -14,
        "EBIT": -4,
        "Net Income": -10
    },
    "2018-04-30": {
        "Diluted EPS": -0.17,
        "Total Revenue": 126,
        "Gross Profit": 66,
        "Operating Income": -18,
        "EBIT": -7,
        "Net Income": -14
    },
    "2018-01-31": {
        "Diluted EPS": 0.29,
        "Total Revenue": 121,
        "Gross Profit": 61,
        "Operating Income": -20,
        "EBIT": -10,
        "Net Income": 23
    },
    "2017-10-31": {
        "Diluted EPS": -0.12,
        "Total Revenue": 117,
        "Gross Profit": 62,
        "Operating Income": -15,
        "EBIT": -4,
        "Net Income": -9
    },
    "2017-07-31": {
        "Diluted EPS": -0.13,
        "Total Revenue": 116,
        "Gross Profit": 60,
        "Operating Income": -16,
        "EBIT": -6,
        "Net Income": -10
    },
    "2017-04-30": {
        "Diluted EPS": -0.17,
        "Total Revenue": 114,
        "Gross Profit": 60,
        "Operating Income": -19,
        "EBIT": -9,
        "Net Income": -13
    },
    "2017-01-31": {
        "Diluted EPS": 0.01,
        "Total Revenue": 122,
        "Gross Profit": 66,
        "Operating Income": -2,
        "EBIT": 8,
        "Net Income": 0
    },
    "2016-10-31": {
        "Diluted EPS": -0.1,
        "Total Revenue": 107,
        "Gross Profit": 53,
        "Operating Income": -15,
        "EBIT": -5,
        "Net Income": -8
    },
    "2016-07-31": {
        "Diluted EPS": -0.15,
        "Total Revenue": 104,
        "Gross Profit": 51,
        "Operating Income": -20,
        "EBIT": -10,
        "Net Income": -12
    },
    "2016-04-30": {
        "Diluted EPS": -0.17,
        "Total Revenue": 100,
        "Gross Profit": 50,
        "Operating Income": -19,
        "EBIT": -9,
        "Net Income": -12
    },
    "2016-01-31": {
        "Diluted EPS": -0.21,
        "Total Revenue": 94,
        "Gross Profit": 44,
        "Operating Income": -3,
        "EBIT": 7,
        "Net Income": -15
    },
    "2015-10-31": {
        "Diluted EPS": -0.26,
        "Total Revenue": 88,
        "Gross Profit": 43,
        "Operating Income": -25,
        "EBIT": -15,
        "Net Income": -19
    },
    "2015-07-31": {
        "Diluted EPS": -0.3,
        "Total Revenue": 80,
        "Gross Profit": 35,
        "Operating Income": -32,
        "EBIT": -22,
        "Net Income": -21
    },
    "2015-04-30": {
        "Diluted EPS": -0.25,
        "Total Revenue": 77,
        "Gross Profit": 33,
        "Operating Income": -26,
        "EBIT": -16,
        "Net Income": -18
    },
    "2015-01-31": {
        "Diluted EPS": 0.0,
        "Total Revenue": NaN,
        "Gross Profit": NaN,
        "Operating Income": NaN,
        "EBIT": NaN,
        "Net Income": NaN
    },
    "2014-01-31": {
        "Diluted EPS": 0.0,
        "Total Revenue": NaN,
        "Gross Profit": NaN,
        "Operating Income": NaN,
        "EBIT": NaN,
        "Net Income": NaN
    },
    "2023-07-31": {
        "Tax Effect Of Unusual Items": -3216432.0,
        "Tax Rate For Calcs": 0.226,
        "Normalized EBITDA": -3041000.0,
        "Total Unusual Items": -14232000.0,
        "Total Unusual Items Excluding Goodwill": -14232000.0,
        "Net Income From Continuing Operation Net Minority Interest": -32359000.0,
        "Reconciled Depreciation": 9657000.0,
        "Reconciled Cost Of Revenue": 40057000.0,
        "EBITDA": -17273000.0,
        "EBIT": -26930000.0,
        "Net Interest Income": -636000.0,
        "Interest Expense": NaN,
        "Normalized Income": -21343432.0,
        "Net Income From Continuing And Discontinued Operation": -32359000.0,
        "Total Expenses": 119896000.0,
        "Total Operating Income As Reported": -41162000.0,
        "Diluted Average Shares": 86121000.0,
        "Basic Average Shares": 86121000.0,
        "Diluted EPS": -0.38,
        "Basic EPS": -0.38,
        "Diluted NI Availto Com Stockholders": -32359000.0,
        "Net Income Common Stockholders": -32359000.0,
        "Net Income": -32359000.0,
        "Net Income Including Noncontrolling Interests": -32359000.0,
        "Net Income Continuous Operations": -32359000.0,
        "Tax Provision": -9439000.0,
        "Pretax Income": -41798000.0,
        "Other Income Expense": -14232000.0,
        "Special Income Charges": -14232000.0,
        "Restructuring And Mergern Acquisition": 14232000.0,
        "Net Non Operating Interest Income Expense": -636000.0,
        "Total Other Finance Cost": 636000.0,
        "Interest Expense Non Operating": NaN,
        "Operating Income": -26930000.0,
        "Operating Expense": 79839000.0,
        "Research And Development": 28236000.0,
        "Selling General And Administration": 51603000.0,
        "Selling And Marketing Expense": 31237000.0,
        "General And Administrative Expense": 20366000.0,
        "Other Gand A": 20366000.0,
        "Gross Profit": 52909000.0,
        "Cost Of Revenue": 40057000.0,
        "Total Revenue": 92966000.0,
        "Operating Revenue": 92966000.0
    },
    "2023-10-31": {
        "Tax Effect Of Unusual Items": 0.0,
        "Tax Rate For Calcs": 0.223,
        "Normalized EBITDA": -10803000.0,
        "Total Unusual Items": 0.0,
        "Total Unusual Items Excluding Goodwill": 0.0,
        "Net Income From Continuing Operation Net Minority Interest": -14421000.0,
        "Reconciled Depreciation": 8450000.0,
        "Reconciled Cost Of Revenue": 34615000.0,
        "EBITDA": -10803000.0,
        "EBIT": -19253000.0,
        "Net Interest Income": 684000.0,
        "Interest Expense": NaN,
        "Normalized Income": -14421000.0,
        "Net Income From Continuing And Discontinued Operation": -14421000.0,
        "Total Expenses": 108617000.0,
        "Total Operating Income As Reported": -19253000.0,
        "Diluted Average Shares": 86278000.0,
        "Basic Average Shares": 86278000.0,
        "Diluted EPS": -0.17,
        "Basic EPS": -0.17,
        "Diluted NI Availto Com Stockholders": -14421000.0,
        "Net Income Common Stockholders": -14421000.0,
        "Net Income": -14421000.0,
        "Net Income Including Noncontrolling Interests": -14421000.0,
        "Net Income Continuous Operations": -14421000.0,
        "Tax Provision": -4148000.0,
        "Pretax Income": -18569000.0,
        "Other Income Expense": NaN,
        "Special Income Charges": 0.0,
        "Restructuring And Mergern Acquisition": 0.0,
        "Net Non Operating Interest Income Expense": 684000.0,
        "Total Other Finance Cost": -684000.0,
        "Interest Expense Non Operating": NaN,
        "Operating Income": -19253000.0,
        "Operating Expense": 74002000.0,
        "Research And Development": 26358000.0,
        "Selling General And Administration": 47644000.0,
        "Selling And Marketing Expense": 27079000.0,
        "General And Administrative Expense": 20565000.0,
        "Other Gand A": 20565000.0,
        "Gross Profit": 54749000.0,
        "Cost Of Revenue": 34615000.0,
        "Total Revenue": 89364000.0,
        "Operating Revenue": 89364000.0
    },
    "2024-01-31": {
        "Tax Effect Of Unusual Items": -1165200.0,
        "Tax Rate For Calcs": 0.4,
        "Normalized EBITDA": -3170000.0,
        "Total Unusual Items": -2913000.0,
        "Total Unusual Items Excluding Goodwill": -2913000.0,
        "Net Income From Continuing Operation Net Minority Interest": -8292000.0,
        "Reconciled Depreciation": 6203000.0,
        "Reconciled Cost Of Revenue": 30662000.0,
        "EBITDA": -6083000.0,
        "EBIT": -12286000.0,
        "Net Interest Income": -856000.0,
        "Interest Expense": NaN,
        "Normalized Income": -6544200.0,
        "Net Income From Continuing And Discontinued Operation": -8292000.0,
        "Total Expenses": 101440000.0,
        "Total Operating Income As Reported": -15199000.0,
        "Diluted Average Shares": 86364000.0,
        "Basic Average Shares": 86364000.0,
        "Diluted EPS": -0.1,
        "Basic EPS": -0.1,
        "Diluted NI Availto Com Stockholders": -8292000.0,
        "Net Income Common Stockholders": -8292000.0,
        "Net Income": -8292000.0,
        "Net Income Including Noncontrolling Interests": -8292000.0,
        "Net Income Continuous Operations": -8292000.0,
        "Tax Provision": -7763000.0,
        "Pretax Income": -16055000.0,
        "Other Income Expense": -2913000.0,
        "Special Income Charges": -2913000.0,
        "Restructuring And Mergern Acquisition": 2913000.0,
        "Net Non Operating Interest Income Expense": -856000.0,
        "Total Other Finance Cost": 856000.0,
        "Interest Expense Non Operating": NaN,
        "Operating Income": -12286000.0,
        "Operating Expense": 70778000.0,
        "Research And Development": 25230000.0,
        "Selling General And Administration": 45548000.0,
        "Selling And Marketing Expense": 25509000.0,
        "General And Administrative Expense": 20039000.0,
        "Other Gand A": 20039000.0,
        "Gross Profit": 58492000.0,
        "Cost Of Revenue": 30662000.0,
        "Total Revenue": 89154000.0,
        "Operating Revenue": 89154000.0
    },
    "2024-04-30": {
        "Tax Effect Of Unusual Items": -590400.0,
        "Tax Rate For Calcs": 0.4,
        "Normalized EBITDA": -1440000.0,
        "Total Unusual Items": -1476000.0,
        "Total Unusual Items Excluding Goodwill": -1476000.0,
        "Net Income From Continuing Operation Net Minority Interest": -36076000.0,
        "Reconciled Depreciation": 6275000.0,
        "Reconciled Cost Of Revenue": 27876000.0,
        "EBITDA": -2916000.0,
        "EBIT": -9191000.0,
        "Net Interest Income": 796000.0,
        "Interest Expense": NaN,
        "Normalized Income": -35190400.0,
        "Net Income From Continuing And Discontinued Operation": -36076000.0,
        "Total Expenses": 94843000.0,
        "Total Operating Income As Reported": -10667000.0,
        "Diluted Average Shares": 87512000.0,
        "Basic Average Shares": 87512000.0,
        "Diluted EPS": -0.41,
        "Basic EPS": -0.41,
        "Diluted NI Availto Com Stockholders": -36076000.0,
        "Net Income Common Stockholders": -36076000.0,
        "Net Income": -36076000.0,
        "Net Income Including Noncontrolling Interests": -36076000.0,
        "Net Income Continuous Operations": -36076000.0,
        "Tax Provision": 26205000.0,
        "Pretax Income": -9871000.0,
        "Other Income Expense": -1476000.0,
        "Special Income Charges": -1476000.0,
        "Restructuring And Mergern Acquisition": 1476000.0,
        "Net Non Operating Interest Income Expense": 796000.0,
        "Total Other Finance Cost": -796000.0,
        "Interest Expense Non Operating": NaN,
        "Operating Income": -9191000.0,
        "Operating Expense": 66967000.0,
        "Research And Development": 24548000.0,
        "Selling General And Administration": 42419000.0,
        "Selling And Marketing Expense": 23901000.0,
        "General And Administrative Expense": 18518000.0,
        "Other Gand A": 18518000.0,
        "Gross Profit": 57776000.0,
        "Cost Of Revenue": 27876000.0,
        "Total Revenue": 85652000.0,
        "Operating Revenue": 85652000.0
    }
}