{
    "2023-03-31": {
        "Tax Effect Of Unusual Items": 0.0,
        "Tax Rate For Calcs": 0.21,
        "Normalized EBITDA": 5691000.0,
        "Total Unusual Items": 0.0,
        "Total Unusual Items Excluding Goodwill": 0.0,
        "Net Income From Continuing Operation Net Minority Interest": 7473000.0,
        "Reconciled Depreciation": 1577000.0,
        "Reconciled Cost Of Revenue": 42455000.0,
        "EBITDA": 5691000.0,
        "EBIT": 4114000.0,
        "Normalized Income": 7473000.0,
        "Net Income From Continuing And Discontinued Operation": 7473000.0,
        "Total Expenses": 57564000.0,
        "Total Operating Income As Reported": 4114000.0,
        "Diluted Average Shares": 7577000.0,
        "Basic Average Shares": 7427000.0,
        "Diluted EPS": 0.99,
        "Basic EPS": 1.01,
        "Diluted NI Availto Com Stockholders": 7473000.0,
        "Net Income Common Stockholders": 7473000.0,
        "Net Income": 7473000.0,
        "Net Income Including Noncontrolling Interests": 7473000.0,
        "Net Income Continuous Operations": 7473000.0,
        "Tax Provision": -3961000.0,
        "Pretax Income": 3512000.0,
        "Other Income Expense": -602000.0,
        "Other Non Operating Income Expenses": -602000.0,
        "Special Income Charges": 0.0,
        "Restructuring And Mergern Acquisition": 0.0,
        "Operating Income": 4114000.0,
        "Operating Expense": 15109000.0,
        "Selling General And Administration": 15109000.0,
        "General And Administrative Expense": 15109000.0,
        "Other Gand A": 15109000.0,
        "Gross Profit": 19223000.0,
        "Cost Of Revenue": 42455000.0,
        "Total Revenue": 61678000.0,
        "Operating Revenue": 61678000.0
    },
    "2022-12-31": {
        "Tax Effect Of Unusual Items": NaN,
        "Tax Rate For Calcs": NaN,
        "Normalized EBITDA": NaN,
        "Total Unusual Items": NaN,
        "Total Unusual Items Excluding Goodwill": NaN,
        "Net Income From Continuing Operation Net Minority Interest": NaN,
        "Reconciled Depreciation": NaN,
        "Reconciled Cost Of Revenue": NaN,
        "EBITDA": NaN,
        "EBIT": NaN,
        "Normalized Income": NaN,
        "Net Income From Continuing And Discontinued Operation": NaN,
        "Total Expenses": NaN,
        "Total Operating Income As Reported": NaN,
        "Diluted Average Shares": 7541000.0,
        "Basic Average Shares": 7405000.0,
        "Diluted EPS": 0.42,
        "Basic EPS": 0.42,
        "Diluted NI Availto Com Stockholders": NaN,
        "Net Income Common Stockholders": NaN,
        "Net Income": NaN,
        "Net Income Including Noncontrolling Interests": NaN,
        "Net Income Continuous Operations": NaN,
        "Tax Provision": NaN,
        "Pretax Income": NaN,
        "Other Income Expense": NaN,
        "Other Non Operating Income Expenses": NaN,
        "Special Income Charges": NaN,
        "Restructuring And Mergern Acquisition": NaN,
        "Operating Income": NaN,
        "Operating Expense": NaN,
        "Selling General And Administration": NaN,
        "General And Administrative Expense": NaN,
        "Other Gand A": NaN,
        "Gross Profit": NaN,
        "Cost Of Revenue": NaN,
        "Total Revenue": NaN,
        "Operating Revenue": NaN
    },
    "2022-09-30": {
        "Tax Effect Of Unusual Items": -60800.0,
        "Tax Rate For Calcs": 0.32,
        "Normalized EBITDA": 5747000.0,
        "Total Unusual Items": -190000.0,
        "Total Unusual Items Excluding Goodwill": -190000.0,
        "Net Income From Continuing Operation Net Minority Interest": 2056000.0,
        "Reconciled Depreciation": 1651000.0,
        "Reconciled Cost Of Revenue": 40261000.0,
        "EBITDA": 5557000.0,
        "EBIT": 3906000.0,
        "Normalized Income": 2185200.0,
        "Net Income From Continuing And Discontinued Operation": 2056000.0,
        "Total Expenses": 56555000.0,
        "Total Operating Income As Reported": 3716000.0,
        "Diluted Average Shares": 7505000.0,
        "Basic Average Shares": 7304000.0,
        "Diluted EPS": 0.27,
        "Basic EPS": 0.28,
        "Diluted NI Availto Com Stockholders": 2056000.0,
        "Net Income Common Stockholders": 2056000.0,
        "Net Income": 2056000.0,
        "Net Income Including Noncontrolling Interests": 2056000.0,
        "Net Income Continuous Operations": 2056000.0,
        "Tax Provision": 984000.0,
        "Pretax Income": 3040000.0,
        "Other Income Expense": -866000.0,
        "Other Non Operating Income Expenses": -676000.0,
        "Special Income Charges": -190000.0,
        "Restructuring And Mergern Acquisition": 190000.0,
        "Operating Income": 3906000.0,
        "Operating Expense": 16294000.0,
        "Selling General And Administration": 16294000.0,
        "Gross Profit": 20200000.0,
        "Cost Of Revenue": 40261000.0,
        "Total Revenue": 60461000.0,
        "Operating Revenue": 60461000.0
    },
    "2022-06-30": {
        "Tax Effect Of Unusual Items": -26708.090957,
        "Tax Rate For Calcs": 0.36092,
        "Normalized EBITDA": 10254000.0,
        "Total Unusual Items": -74000.0,
        "Total Unusual Items Excluding Goodwill": -74000.0,
        "Net Income From Continuing Operation Net Minority Interest": 4834000.0,
        "Reconciled Depreciation": 1760000.0,
        "Reconciled Cost Of Revenue": 46258000.0,
        "EBITDA": 10180000.0,
        "EBIT": 8420000.0,
        "Normalized Income": 4881291.909043,
        "Net Income From Continuing And Discontinued Operation": 4834000.0,
        "Total Expenses": 62563000.0,
        "Total Operating Income As Reported": 7849000.0,
        "Diluted Average Shares": 7308000.0,
        "Basic Average Shares": 7280000.0,
        "Diluted EPS": 0.66,
        "Basic EPS": 0.67,
        "Diluted NI Availto Com Stockholders": 4834000.0,
        "Net Income Common Stockholders": 4834000.0,
        "Net Income": 4834000.0,
        "Net Income Including Noncontrolling Interests": 4834000.0,
        "Net Income Continuous Operations": 4834000.0,
        "Tax Provision": 2730000.0,
        "Pretax Income": 7564000.0,
        "Other Income Expense": 498000.0,
        "Other Non Operating Income Expenses": 572000.0,
        "Special Income Charges": 227000.0,
        "Gain On Sale Of Ppe": 0.0,
        "Restructuring And Mergern Acquisition": -227000.0,
        "Operating Income": 7827000.0,
        "Operating Expense": 16305000.0,
        "Selling General And Administration": 16510000.0,
        "Gross Profit": 24132000.0,
        "Cost Of Revenue": 46258000.0,
        "Total Revenue": 70390000.0,
        "Operating Revenue": 70390000.0
    },
    "2022-03-31": {
        "Diluted EPS": 0.57,
        "Total Revenue": 60,
        "Gross Profit": 21,
        "Operating Income": 5,
        "EBIT": 7,
        "Net Income": 4
    },
    "2021-12-31": {
        "Diluted EPS": 0.34,
        "Total Revenue": 61,
        "Gross Profit": 19,
        "Operating Income": 4,
        "EBIT": 6,
        "Net Income": 3
    },
    "2021-09-30": {
        "Diluted EPS": 0.44,
        "Total Revenue": 62,
        "Gross Profit": 20,
        "Operating Income": 4,
        "EBIT": 6,
        "Net Income": 3
    },
    "2021-06-30": {
        "Diluted EPS": 0.6,
        "Total Revenue": 61,
        "Gross Profit": 22,
        "Operating Income": 5,
        "EBIT": 6,
        "Net Income": 5
    },
    "2021-03-31": {
        "Diluted EPS": 0.41,
        "Total Revenue": 55,
        "Gross Profit": 18,
        "Operating Income": 4,
        "EBIT": 5,
        "Net Income": 3
    },
    "2020-12-31": {
        "Diluted EPS": 0.53,
        "Total Revenue": 54,
        "Gross Profit": 18,
        "Operating Income": 6,
        "EBIT": 8,
        "Net Income": 4
    },
    "2020-09-30": {
        "Diluted EPS": 0.57,
        "Total Revenue": 49,
        "Gross Profit": 16,
        "Operating Income": 2,
        "EBIT": 3,
        "Net Income": 4
    },
    "2020-06-30": {
        "Diluted EPS": -3.52,
        "Total Revenue": 42,
        "Gross Profit": 11,
        "Operating Income": -10,
        "EBIT": -1,
        "Net Income": -24
    },
    "2020-03-31": {
        "Diluted EPS": 0.09,
        "Total Revenue": 50,
        "Gross Profit": 15,
        "Operating Income": 0,
        "EBIT": 2,
        "Net Income": 1
    },
    "2019-12-31": {
        "Diluted EPS": 0.18,
        "Total Revenue": 57,
        "Gross Profit": 19,
        "Operating Income": 3,
        "EBIT": 5,
        "Net Income": 1
    },
    "2019-09-30": {
        "Diluted EPS": 0.11,
        "Total Revenue": 52,
        "Gross Profit": 18,
        "Operating Income": 1,
        "EBIT": 3,
        "Net Income": 1
    },
    "2019-06-30": {
        "Diluted EPS": 0.22,
        "Total Revenue": 61,
        "Gross Profit": 21,
        "Operating Income": 3,
        "EBIT": 5,
        "Net Income": 1
    },
    "2019-03-31": {
        "Diluted EPS": 0.3,
        "Total Revenue": 58,
        "Gross Profit": 19,
        "Operating Income": 3,
        "EBIT": 5,
        "Net Income": 2
    },
    "2018-12-31": {
        "Diluted EPS": 0.27,
        "Total Revenue": 57,
        "Gross Profit": 19,
        "Operating Income": 3,
        "EBIT": 5,
        "Net Income": 2
    },
    "2018-09-30": {
        "Diluted EPS": 0.08,
        "Total Revenue": 52,
        "Gross Profit": 17,
        "Operating Income": 1,
        "EBIT": 3,
        "Net Income": 1
    },
    "2018-06-30": {
        "Diluted EPS": 0.12,
        "Total Revenue": 58,
        "Gross Profit": 19,
        "Operating Income": 2,
        "EBIT": 4,
        "Net Income": 1
    },
    "2018-03-31": {
        "Diluted EPS": 0.23,
        "Total Revenue": 55,
        "Gross Profit": 18,
        "Operating Income": 2,
        "EBIT": 4,
        "Net Income": 2
    },
    "2017-12-31": {
        "Diluted EPS": -0.93,
        "Total Revenue": 52,
        "Gross Profit": 16,
        "Operating Income": 0,
        "EBIT": 2,
        "Net Income": -7
    },
    "2017-09-30": {
        "Diluted EPS": 0.06,
        "Total Revenue": 52,
        "Gross Profit": 17,
        "Operating Income": 0,
        "EBIT": 2,
        "Net Income": 0
    },
    "2017-06-30": {
        "Diluted EPS": -0.01,
        "Total Revenue": 54,
        "Gross Profit": 17,
        "Operating Income": 1,
        "EBIT": 2,
        "Net Income": 0
    },
    "2017-03-31": {
        "Diluted EPS": -0.11,
        "Total Revenue": 51,
        "Gross Profit": 14,
        "Operating Income": -1,
        "EBIT": 1,
        "Net Income": -1
    },
    "2016-12-31": {
        "Diluted EPS": 0.15,
        "Total Revenue": 53,
        "Gross Profit": 17,
        "Operating Income": 2,
        "EBIT": 4,
        "Net Income": 1
    },
    "2016-09-30": {
        "Diluted EPS": 0.11,
        "Total Revenue": 49,
        "Gross Profit": 14,
        "Operating Income": -2,
        "EBIT": 0,
        "Net Income": 1
    },
    "2016-06-30": {
        "Diluted EPS": -2.13,
        "Total Revenue": 55,
        "Gross Profit": 0,
        "Operating Income": -23,
        "EBIT": -21,
        "Net Income": -15
    },
    "2016-03-31": {
        "Diluted EPS": 0.08,
        "Total Revenue": 50,
        "Gross Profit": 15,
        "Operating Income": 1,
        "EBIT": 3,
        "Net Income": 1
    },
    "2015-12-31": {
        "Diluted EPS": 0.07,
        "Total Revenue": 54,
        "Gross Profit": 16,
        "Operating Income": 1,
        "EBIT": 3,
        "Net Income": 0
    },
    "2015-09-30": {
        "Diluted EPS": -0.03,
        "Total Revenue": 51,
        "Gross Profit": 16,
        "Operating Income": 0,
        "EBIT": 2,
        "Net Income": 0
    },
    "2015-06-30": {
        "Diluted EPS": -0.08,
        "Total Revenue": 61,
        "Gross Profit": 17,
        "Operating Income": 1,
        "EBIT": 3,
        "Net Income": -1
    },
    "2015-03-31": {
        "Diluted EPS": 0.35,
        "Total Revenue": 56,
        "Gross Profit": 19,
        "Operating Income": 3,
        "EBIT": 5,
        "Net Income": 2
    },
    "2014-12-31": {
        "Diluted EPS": 0.35,
        "Total Revenue": 64,
        "Gross Profit": 22,
        "Operating Income": 4,
        "EBIT": 6,
        "Net Income": 2
    },
    "2014-09-30": {
        "Diluted EPS": 0.13,
        "Total Revenue": 60,
        "Gross Profit": 19,
        "Operating Income": 1,
        "EBIT": 3,
        "Net Income": 1
    },
    "2014-06-30": {
        "Diluted EPS": 0.44,
        "Total Revenue": 70,
        "Gross Profit": 24,
        "Operating Income": 6,
        "EBIT": 8,
        "Net Income": 3
    },
    "2014-03-31": {
        "Diluted EPS": 0.24,
        "Total Revenue": 58,
        "Gross Profit": 19,
        "Operating Income": 3,
        "EBIT": 5,
        "Net Income": 2
    },
    "2013-12-31": {
        "Diluted EPS": 0.26,
        "Total Revenue": 62,
        "Gross Profit": 20,
        "Operating Income": 2,
        "EBIT": 5,
        "Net Income": 2
    },
    "2013-09-30": {
        "Diluted EPS": 0.03,
        "Total Revenue": 57,
        "Gross Profit": 18,
        "Operating Income": 1,
        "EBIT": 3,
        "Net Income": 0
    },
    "2013-06-30": {
        "Diluted EPS": 0.18,
        "Total Revenue": 67,
        "Gross Profit": 19,
        "Operating Income": 1,
        "EBIT": 3,
        "Net Income": 1
    },
    "2013-03-31": {
        "Diluted EPS": -0.22,
        "Total Revenue": 60,
        "Gross Profit": 16,
        "Operating Income": -2,
        "EBIT": 1,
        "Net Income": -1
    },
    "2012-12-31": {
        "Diluted EPS": 0.07,
        "Total Revenue": 60,
        "Gross Profit": 19,
        "Operating Income": 1,
        "EBIT": 3,
        "Net Income": 0
    },
    "2012-09-30": {
        "Diluted EPS": -0.05,
        "Total Revenue": 57,
        "Gross Profit": 18,
        "Operating Income": -1,
        "EBIT": 2,
        "Net Income": 0
    },
    "2012-06-30": {
        "Diluted EPS": -0.68,
        "Total Revenue": 70,
        "Gross Profit": 13,
        "Operating Income": -10,
        "EBIT": -7,
        "Net Income": -5
    },
    "2012-03-31": {
        "Diluted EPS": 0.23,
        "Total Revenue": 65,
        "Gross Profit": 21,
        "Operating Income": 3,
        "EBIT": 6,
        "Net Income": 2
    },
    "2011-12-31": {
        "Diluted EPS": 0.25,
        "Total Revenue": 62,
        "Gross Profit": 22,
        "Operating Income": 3,
        "EBIT": 5,
        "Net Income": 2
    },
    "2011-09-30": {
        "Diluted EPS": 0.33,
        "Total Revenue": 63,
        "Gross Profit": 22,
        "Operating Income": 2,
        "EBIT": 4,
        "Net Income": 2
    },
    "2011-06-30": {
        "Diluted EPS": 0.23,
        "Total Revenue": 71,
        "Gross Profit": 24,
        "Operating Income": 4,
        "EBIT": 7,
        "Net Income": 2
    },
    "2011-03-31": {
        "Diluted EPS": 0.35,
        "Total Revenue": 59,
        "Gross Profit": 20,
        "Operating Income": 3,
        "EBIT": 6,
        "Net Income": 2
    },
    "2010-12-31": {
        "Diluted EPS": 0.25,
        "Total Revenue": 57,
        "Gross Profit": 19,
        "Operating Income": 3,
        "EBIT": 6,
        "Net Income": 2
    },
    "2010-09-30": {
        "Diluted EPS": 0.19,
        "Total Revenue": 58,
        "Gross Profit": 19,
        "Operating Income": 2,
        "EBIT": 5,
        "Net Income": 1
    },
    "2010-06-30": {
        "Diluted EPS": 0.04,
        "Total Revenue": 64,
        "Gross Profit": 15,
        "Operating Income": -8,
        "EBIT": -4,
        "Net Income": 0
    },
    "2010-03-31": {
        "Diluted EPS": 0.03,
        "Total Revenue": 49,
        "Gross Profit": 16,
        "Operating Income": 1,
        "EBIT": 4,
        "Net Income": 0
    },
    "2009-12-31": {
        "Diluted EPS": -0.05,
        "Total Revenue": 51,
        "Gross Profit": 16,
        "Operating Income": 2,
        "EBIT": 4,
        "Net Income": 0
    },
    "2009-09-30": {
        "Diluted EPS": -0.47,
        "Total Revenue": 41,
        "Gross Profit": 10,
        "Operating Income": -4,
        "EBIT": -2,
        "Net Income": -3
    },
    "2009-06-30": {
        "Diluted EPS": -0.34,
        "Total Revenue": 39,
        "Gross Profit": 11,
        "Operating Income": -3,
        "EBIT": 0,
        "Net Income": -2
    },
    "2009-03-31": {
        "Diluted EPS": -0.72,
        "Total Revenue": 43,
        "Gross Profit": 11,
        "Operating Income": -2,
        "EBIT": 0,
        "Net Income": -5
    },
    "2023-06-30": {
        "Tax Effect Of Unusual Items": -369593.631539,
        "Tax Rate For Calcs": 0.281274,
        "Normalized EBITDA": 16143000.0,
        "Total Unusual Items": -1314000.0,
        "Total Unusual Items Excluding Goodwill": -1314000.0,
        "Net Income From Continuing Operation Net Minority Interest": 10428000.0,
        "Reconciled Depreciation": 1555000.0,
        "Reconciled Cost Of Revenue": 45778000.0,
        "EBITDA": 14829000.0,
        "EBIT": 13274000.0,
        "Normalized Income": 11372406.368461,
        "Net Income From Continuing And Discontinued Operation": 10428000.0,
        "Total Expenses": 61984000.0,
        "Total Operating Income As Reported": 5124000.0,
        "Diluted Average Shares": NaN,
        "Basic Average Shares": NaN,
        "Diluted EPS": NaN,
        "Basic EPS": NaN,
        "Diluted NI Availto Com Stockholders": 10428000.0,
        "Net Income Common Stockholders": 10428000.0,
        "Net Income": 10428000.0,
        "Net Income Including Noncontrolling Interests": 10428000.0,
        "Net Income Continuous Operations": 10428000.0,
        "Tax Provision": 4081000.0,
        "Pretax Income": 14509000.0,
        "Other Income Expense": 10121000.0,
        "Other Non Operating Income Expenses": 11435000.0,
        "Special Income Charges": -8000.0,
        "Restructuring And Mergern Acquisition": 8000.0,
        "Operating Income": 5286000.0,
        "Operating Expense": 16206000.0,
        "Selling General And Administration": 16360000.0,
        "General And Administrative Expense": NaN,
        "Other Gand A": NaN,
        "Gross Profit": 21492000.0,
        "Cost Of Revenue": 45778000.0,
        "Total Revenue": 67270000.0,
        "Operating Revenue": 67270000.0
    },
    "2023-09-30": {
        "Tax Effect Of Unusual Items": 0.0,
        "Tax Rate For Calcs": 0.08,
        "Normalized EBITDA": 4096000.0,
        "Total Unusual Items": 0.0,
        "Total Unusual Items Excluding Goodwill": 0.0,
        "Net Income From Continuing Operation Net Minority Interest": 1920000.0,
        "Reconciled Depreciation": 1637000.0,
        "Reconciled Cost Of Revenue": 41100000.0,
        "EBITDA": 4096000.0,
        "EBIT": 2459000.0,
        "Normalized Income": 1920000.0,
        "Net Income From Continuing And Discontinued Operation": 1920000.0,
        "Total Expenses": 58177000.0,
        "Total Operating Income As Reported": 2459000.0,
        "Diluted Average Shares": 7608000.0,
        "Basic Average Shares": 7437000.0,
        "Diluted EPS": 0.25,
        "Basic EPS": 0.26,
        "Diluted NI Availto Com Stockholders": 1920000.0,
        "Net Income Common Stockholders": 1920000.0,
        "Net Income": 1920000.0,
        "Net Income Including Noncontrolling Interests": 1920000.0,
        "Net Income Continuous Operations": 1920000.0,
        "Tax Provision": 174000.0,
        "Pretax Income": 2094000.0,
        "Other Income Expense": -365000.0,
        "Other Non Operating Income Expenses": -365000.0,
        "Special Income Charges": 0.0,
        "Restructuring And Mergern Acquisition": 0.0,
        "Operating Income": 2459000.0,
        "Operating Expense": 17077000.0,
        "Selling General And Administration": 17077000.0,
        "General And Administrative Expense": NaN,
        "Other Gand A": NaN,
        "Gross Profit": 19536000.0,
        "Cost Of Revenue": 41100000.0,
        "Total Revenue": 60636000.0,
        "Operating Revenue": 60636000.0
    },
    "2023-12-31": {
        "Tax Effect Of Unusual Items": 0.0,
        "Tax Rate For Calcs": 0.21,
        "Normalized EBITDA": 4161000.0,
        "Total Unusual Items": 0.0,
        "Total Unusual Items Excluding Goodwill": 0.0,
        "Net Income From Continuing Operation Net Minority Interest": -394000.0,
        "Reconciled Depreciation": 1667000.0,
        "Reconciled Cost Of Revenue": 43112000.0,
        "EBITDA": 4161000.0,
        "EBIT": 2494000.0,
        "Normalized Income": -394000.0,
        "Net Income From Continuing And Discontinued Operation": -394000.0,
        "Total Expenses": 59582000.0,
        "Total Operating Income As Reported": 2494000.0,
        "Diluted Average Shares": 7501000.0,
        "Basic Average Shares": 7501000.0,
        "Diluted EPS": -0.05,
        "Basic EPS": -0.05,
        "Diluted NI Availto Com Stockholders": -394000.0,
        "Net Income Common Stockholders": -394000.0,
        "Net Income": -394000.0,
        "Net Income Including Noncontrolling Interests": -394000.0,
        "Net Income Continuous Operations": -394000.0,
        "Tax Provision": 2362000.0,
        "Pretax Income": 1968000.0,
        "Other Income Expense": -526000.0,
        "Other Non Operating Income Expenses": -526000.0,
        "Special Income Charges": 0.0,
        "Restructuring And Mergern Acquisition": 0.0,
        "Operating Income": 2494000.0,
        "Operating Expense": 16470000.0,
        "Selling General And Administration": 16470000.0,
        "General And Administrative Expense": NaN,
        "Other Gand A": NaN,
        "Gross Profit": 18964000.0,
        "Cost Of Revenue": 43112000.0,
        "Total Revenue": 62076000.0,
        "Operating Revenue": 62076000.0
    },
    "2024-03-31": {
        "Tax Effect Of Unusual Items": 0.0,
        "Tax Rate For Calcs": 0.14,
        "Normalized EBITDA": 2464000.0,
        "Total Unusual Items": 0.0,
        "Total Unusual Items Excluding Goodwill": 0.0,
        "Net Income From Continuing Operation Net Minority Interest": 638000.0,
        "Reconciled Depreciation": 1754000.0,
        "Reconciled Cost Of Revenue": 43187000.0,
        "EBITDA": 2464000.0,
        "EBIT": 710000.0,
        "Normalized Income": 638000.0,
        "Net Income From Continuing And Discontinued Operation": 638000.0,
        "Total Expenses": 60057000.0,
        "Total Operating Income As Reported": 710000.0,
        "Diluted Average Shares": 7657000.0,
        "Basic Average Shares": 7505000.0,
        "Diluted EPS": 0.08,
        "Basic EPS": 0.09,
        "Diluted NI Availto Com Stockholders": 638000.0,
        "Net Income Common Stockholders": 638000.0,
        "Net Income": 638000.0,
        "Net Income Including Noncontrolling Interests": 638000.0,
        "Net Income Continuous Operations": 638000.0,
        "Tax Provision": 55000.0,
        "Pretax Income": 693000.0,
        "Other Income Expense": -17000.0,
        "Other Non Operating Income Expenses": -17000.0,
        "Special Income Charges": 0.0,
        "Restructuring And Mergern Acquisition": 0.0,
        "Operating Income": 710000.0,
        "Operating Expense": 16870000.0,
        "Selling General And Administration": 16870000.0,
        "General And Administrative Expense": 16870000.0,
        "Other Gand A": 16870000.0,
        "Gross Profit": 17580000.0,
        "Cost Of Revenue": 43187000.0,
        "Total Revenue": 60767000.0,
        "Operating Revenue": 60767000.0
    }
}