{
    "2023-03-31": {
        "Tax Effect Of Unusual Items": NaN,
        "Tax Rate For Calcs": NaN,
        "Normalized EBITDA": NaN,
        "Total Unusual Items": NaN,
        "Total Unusual Items Excluding Goodwill": NaN,
        "Net Income From Continuing Operation Net Minority Interest": NaN,
        "Reconciled Depreciation": NaN,
        "Reconciled Cost Of Revenue": NaN,
        "EBITDA": NaN,
        "EBIT": NaN,
        "Normalized Income": NaN,
        "Net Income From Continuing And Discontinued Operation": NaN,
        "Total Expenses": NaN,
        "Total Operating Income As Reported": NaN,
        "Diluted Average Shares": 73818611.0,
        "Basic Average Shares": 71467097.0,
        "Diluted EPS": 1.75,
        "Basic EPS": 1.81,
        "Diluted NI Availto Com Stockholders": NaN,
        "Net Income Common Stockholders": NaN,
        "Net Income": NaN,
        "Net Income Including Noncontrolling Interests": NaN,
        "Net Income Continuous Operations": NaN,
        "Tax Provision": NaN,
        "Pretax Income": NaN,
        "Other Income Expense": NaN,
        "Other Non Operating Income Expenses": NaN,
        "Earnings From Equity Interest": NaN,
        "Gain On Sale Of Security": NaN,
        "Operating Income": NaN,
        "Operating Expense": NaN,
        "Research And Development": NaN,
        "Selling General And Administration": NaN,
        "Selling And Marketing Expense": NaN,
        "General And Administrative Expense": NaN,
        "Other Gand A": NaN,
        "Gross Profit": NaN,
        "Cost Of Revenue": NaN,
        "Total Revenue": NaN,
        "Operating Revenue": NaN
    },
    "2022-12-31": {
        "Tax Effect Of Unusual Items": NaN,
        "Tax Rate For Calcs": NaN,
        "Normalized EBITDA": NaN,
        "Total Unusual Items": NaN,
        "Total Unusual Items Excluding Goodwill": NaN,
        "Net Income From Continuing Operation Net Minority Interest": NaN,
        "Reconciled Depreciation": NaN,
        "Reconciled Cost Of Revenue": NaN,
        "EBITDA": NaN,
        "EBIT": NaN,
        "Normalized Income": NaN,
        "Net Income From Continuing And Discontinued Operation": NaN,
        "Total Expenses": NaN,
        "Total Operating Income As Reported": NaN,
        "Diluted Average Shares": NaN,
        "Basic Average Shares": NaN,
        "Diluted EPS": NaN,
        "Basic EPS": NaN,
        "Diluted NI Availto Com Stockholders": NaN,
        "Net Income Common Stockholders": NaN,
        "Net Income": NaN,
        "Minority Interests": 1000.0,
        "Net Income Including Noncontrolling Interests": NaN,
        "Net Income Continuous Operations": NaN,
        "Tax Provision": NaN,
        "Pretax Income": NaN,
        "Other Income Expense": NaN,
        "Other Non Operating Income Expenses": NaN,
        "Earnings From Equity Interest": NaN,
        "Gain On Sale Of Security": NaN,
        "Operating Income": NaN,
        "Operating Expense": NaN,
        "Research And Development": NaN,
        "Selling General And Administration": NaN,
        "Selling And Marketing Expense": NaN,
        "General And Administrative Expense": NaN,
        "Other Gand A": NaN,
        "Gross Profit": NaN,
        "Cost Of Revenue": NaN,
        "Total Revenue": NaN,
        "Operating Revenue": NaN
    },
    "2022-09-30": {
        "Tax Effect Of Unusual Items": NaN,
        "Tax Rate For Calcs": NaN,
        "Normalized EBITDA": NaN,
        "Total Unusual Items": NaN,
        "Total Unusual Items Excluding Goodwill": NaN,
        "Net Income From Continuing Operation Net Minority Interest": NaN,
        "Reconciled Depreciation": NaN,
        "Reconciled Cost Of Revenue": NaN,
        "EBITDA": NaN,
        "EBIT": NaN,
        "Normalized Income": NaN,
        "Net Income From Continuing And Discontinued Operation": NaN,
        "Total Expenses": NaN,
        "Total Operating Income As Reported": NaN,
        "Diluted Average Shares": 71207992.0,
        "Basic Average Shares": 71207992.0,
        "Diluted EPS": -0.56,
        "Basic EPS": -0.56,
        "Diluted NI Availto Com Stockholders": NaN,
        "Net Income Common Stockholders": NaN,
        "Net Income": NaN,
        "Minority Interests": 3000.0,
        "Net Income Including Noncontrolling Interests": NaN,
        "Net Income Continuous Operations": NaN,
        "Tax Provision": NaN,
        "Pretax Income": NaN,
        "Other Income Expense": NaN,
        "Other Non Operating Income Expenses": NaN,
        "Earnings From Equity Interest": NaN,
        "Gain On Sale Of Security": NaN,
        "Operating Income": NaN,
        "Operating Expense": NaN,
        "Research And Development": NaN,
        "Selling General And Administration": NaN,
        "Selling And Marketing Expense": NaN,
        "General And Administrative Expense": NaN,
        "Other Gand A": NaN,
        "Gross Profit": NaN,
        "Cost Of Revenue": NaN,
        "Total Revenue": NaN,
        "Operating Revenue": NaN
    },
    "2022-06-30": {
        "Tax Effect Of Unusual Items": -6280000.0,
        "Tax Rate For Calcs": 0.4,
        "Normalized EBITDA": -26647000.0,
        "Total Unusual Items": -15700000.0,
        "Total Unusual Items Excluding Goodwill": -15700000.0,
        "Net Income From Continuing Operation Net Minority Interest": -47686000.0,
        "Reconciled Depreciation": 1126000.0,
        "Reconciled Cost Of Revenue": 21335000.0,
        "EBITDA": -42347000.0,
        "EBIT": -43473000.0,
        "Normalized Income": -38266000.0,
        "Net Income From Continuing And Discontinued Operation": -47686000.0,
        "Total Expenses": 81942000.0,
        "Total Operating Income As Reported": -43473000.0,
        "Diluted Average Shares": 71161892.0,
        "Basic Average Shares": 71161892.0,
        "Diluted EPS": -0.67,
        "Basic EPS": -0.67,
        "Diluted NI Availto Com Stockholders": -47686000.0,
        "Net Income Common Stockholders": -47686000.0,
        "Net Income": -47686000.0,
        "Minority Interests": -12000.0,
        "Net Income Including Noncontrolling Interests": -47674000.0,
        "Net Income Continuous Operations": -47674000.0,
        "Tax Provision": 33000.0,
        "Pretax Income": -47641000.0,
        "Other Income Expense": -4168000.0,
        "Other Non Operating Income Expenses": -296000.0,
        "Earnings From Equity Interest": 11828000.0,
        "Gain On Sale Of Security": -15700000.0,
        "Operating Income": -43473000.0,
        "Operating Expense": 60607000.0,
        "Research And Development": 31123000.0,
        "Selling General And Administration": 29484000.0,
        "Selling And Marketing Expense": 7428000.0,
        "General And Administrative Expense": 22056000.0,
        "Other Gand A": 22056000.0,
        "Gross Profit": 17134000.0,
        "Cost Of Revenue": 21335000.0,
        "Total Revenue": 38469000.0,
        "Operating Revenue": 38469000.0
    },
    "2023-06-30": {
        "Tax Effect Of Unusual Items": NaN,
        "Tax Rate For Calcs": NaN,
        "Normalized EBITDA": NaN,
        "Total Unusual Items": NaN,
        "Total Unusual Items Excluding Goodwill": NaN,
        "Net Income From Continuing Operation Net Minority Interest": NaN,
        "Reconciled Depreciation": NaN,
        "Reconciled Cost Of Revenue": NaN,
        "EBITDA": NaN,
        "EBIT": NaN,
        "Normalized Income": NaN,
        "Net Income From Continuing And Discontinued Operation": NaN,
        "Total Expenses": NaN,
        "Total Operating Income As Reported": NaN,
        "Diluted Average Shares": 75064323.0,
        "Basic Average Shares": 71642722.0,
        "Diluted EPS": 0.06,
        "Basic EPS": 0.06,
        "Diluted NI Availto Com Stockholders": NaN,
        "Net Income Common Stockholders": NaN,
        "Net Income": NaN,
        "Net Income Including Noncontrolling Interests": NaN,
        "Net Income Continuous Operations": NaN,
        "Tax Provision": NaN,
        "Pretax Income": NaN,
        "Other Income Expense": NaN,
        "Other Non Operating Income Expenses": NaN,
        "Earnings From Equity Interest": NaN,
        "Gain On Sale Of Security": NaN,
        "Operating Income": NaN,
        "Operating Expense": NaN,
        "Research And Development": NaN,
        "Selling General And Administration": NaN,
        "Selling And Marketing Expense": NaN,
        "General And Administrative Expense": NaN,
        "Other Gand A": NaN,
        "Gross Profit": NaN,
        "Cost Of Revenue": NaN,
        "Total Revenue": NaN,
        "Operating Revenue": NaN
    },
    "2022-03-31": {
        "Diluted EPS": -0.48,
        "Total Revenue": 49,
        "Gross Profit": 28,
        "Operating Income": -29,
        "EBIT": -28,
        "Net Income": -34
    },
    "2021-12-31": {
        "Diluted EPS": -0.44,
        "Total Revenue": 46,
        "Gross Profit": 26,
        "Operating Income": -23,
        "EBIT": -22,
        "Net Income": -31
    },
    "2021-09-30": {
        "Diluted EPS": -0.49,
        "Total Revenue": 30,
        "Gross Profit": 11,
        "Operating Income": -35,
        "EBIT": -34,
        "Net Income": -35
    },
    "2021-06-30": {
        "Diluted EPS": -0.49,
        "Total Revenue": 30,
        "Gross Profit": 12,
        "Operating Income": -30,
        "EBIT": -30,
        "Net Income": -35
    },
    "2021-03-31": {
        "Diluted EPS": 0.0,
        "Total Revenue": 32,
        "Gross Profit": 16,
        "Operating Income": -24,
        "EBIT": -23,
        "Net Income": 0
    },
    "2020-12-31": {
        "Diluted EPS": -0.07,
        "Total Revenue": 33,
        "Gross Profit": 19,
        "Operating Income": -17,
        "EBIT": -16,
        "Net Income": -11
    },
    "2020-09-30": {
        "Diluted EPS": 0.05,
        "Total Revenue": 26,
        "Gross Profit": 15,
        "Operating Income": -15,
        "EBIT": -15,
        "Net Income": 4
    },
    "2020-06-30": {
        "Diluted EPS": -0.05,
        "Total Revenue": 23,
        "Gross Profit": 14,
        "Operating Income": -17,
        "EBIT": -16,
        "Net Income": -3
    },
    "2020-03-31": {
        "Diluted EPS": -0.34,
        "Total Revenue": 26,
        "Gross Profit": 16,
        "Operating Income": -12,
        "EBIT": -11,
        "Net Income": -14
    },
    "2019-12-31": {
        "Diluted EPS": -2.84,
        "Total Revenue": 26,
        "Gross Profit": 16,
        "Operating Income": -8,
        "EBIT": -7,
        "Net Income": -7
    },
    "2019-09-30": {
        "Diluted EPS": -0.26,
        "Total Revenue": 20,
        "Gross Profit": 11,
        "Operating Income": -11,
        "EBIT": -10,
        "Net Income": -12
    },
    "2019-06-30": {
        "Diluted EPS": -0.01,
        "Total Revenue": 19,
        "Gross Profit": 10,
        "Operating Income": -14,
        "EBIT": -13,
        "Net Income": -1
    },
    "2019-03-31": {
        "Diluted EPS": -0.98,
        "Total Revenue": 21,
        "Gross Profit": 13,
        "Operating Income": -6,
        "EBIT": -5,
        "Net Income": -6
    },
    "2018-12-31": {
        "Diluted EPS": 0.0,
        "Total Revenue": NaN,
        "Gross Profit": NaN,
        "Operating Income": NaN,
        "EBIT": NaN,
        "Net Income": NaN
    },
    "2023-09-30": {
        "Tax Effect Of Unusual Items": -645884.580426,
        "Tax Rate For Calcs": 0.044476,
        "Normalized EBITDA": -40398000.0,
        "Total Unusual Items": -14522000.0,
        "Total Unusual Items Excluding Goodwill": -14522000.0,
        "Net Income From Continuing Operation Net Minority Interest": -62024000.0,
        "Reconciled Depreciation": 1273000.0,
        "Reconciled Cost Of Revenue": 18930000.0,
        "EBITDA": -54920000.0,
        "EBIT": -56193000.0,
        "Normalized Income": -48147884.580426,
        "Net Income From Continuing And Discontinued Operation": -62024000.0,
        "Total Expenses": 98762000.0,
        "Total Operating Income As Reported": -56193000.0,
        "Diluted Average Shares": 71924451.0,
        "Basic Average Shares": 71924451.0,
        "Diluted EPS": -0.86,
        "Basic EPS": -0.86,
        "Diluted NI Availto Com Stockholders": -62024000.0,
        "Net Income Common Stockholders": -62024000.0,
        "Net Income": -62024000.0,
        "Net Income Including Noncontrolling Interests": -62024000.0,
        "Net Income Continuous Operations": -62024000.0,
        "Tax Provision": -2887000.0,
        "Pretax Income": -64911000.0,
        "Other Income Expense": -8718000.0,
        "Other Non Operating Income Expenses": 5804000.0,
        "Earnings From Equity Interest": 0.0,
        "Gain On Sale Of Security": -14522000.0,
        "Operating Income": -56193000.0,
        "Operating Expense": 79832000.0,
        "Research And Development": 46833000.0,
        "Selling General And Administration": 32999000.0,
        "Selling And Marketing Expense": 9109000.0,
        "General And Administrative Expense": 23890000.0,
        "Other Gand A": 23890000.0,
        "Gross Profit": 23639000.0,
        "Cost Of Revenue": 18930000.0,
        "Total Revenue": 42569000.0,
        "Operating Revenue": 42569000.0
    },
    "2023-12-31": {
        "Tax Effect Of Unusual Items": -224661.589236,
        "Tax Rate For Calcs": 0.02672,
        "Normalized EBITDA": -19859000.0,
        "Total Unusual Items": -8408000.0,
        "Total Unusual Items Excluding Goodwill": -8408000.0,
        "Net Income From Continuing Operation Net Minority Interest": -30670000.0,
        "Reconciled Depreciation": 1354000.0,
        "Reconciled Cost Of Revenue": 16576000.0,
        "EBITDA": -28267000.0,
        "EBIT": -29621000.0,
        "Normalized Income": -22486661.589236,
        "Net Income From Continuing And Discontinued Operation": -30670000.0,
        "Total Expenses": 103747000.0,
        "Total Operating Income As Reported": -29621000.0,
        "Diluted Average Shares": NaN,
        "Basic Average Shares": NaN,
        "Diluted EPS": NaN,
        "Basic EPS": NaN,
        "Diluted NI Availto Com Stockholders": -30670000.0,
        "Net Income Common Stockholders": -30670000.0,
        "Net Income": -30670000.0,
        "Net Income Including Noncontrolling Interests": -30670000.0,
        "Net Income Continuous Operations": -30670000.0,
        "Tax Provision": -842000.0,
        "Pretax Income": -31512000.0,
        "Other Income Expense": -1891000.0,
        "Other Non Operating Income Expenses": 6626000.0,
        "Earnings From Equity Interest": -109000.0,
        "Gain On Sale Of Security": -8408000.0,
        "Operating Income": -29621000.0,
        "Operating Expense": 87171000.0,
        "Research And Development": 51487000.0,
        "Selling General And Administration": 35684000.0,
        "Selling And Marketing Expense": 9950000.0,
        "General And Administrative Expense": 25734000.0,
        "Other Gand A": 25734000.0,
        "Gross Profit": 57550000.0,
        "Cost Of Revenue": 16576000.0,
        "Total Revenue": 74126000.0,
        "Operating Revenue": 74126000.0
    },
    "2024-03-31": {
        "Tax Effect Of Unusual Items": 1708770.0,
        "Tax Rate For Calcs": 0.21,
        "Normalized EBITDA": -74134000.0,
        "Total Unusual Items": 8137000.0,
        "Total Unusual Items Excluding Goodwill": 8137000.0,
        "Net Income From Continuing Operation Net Minority Interest": -54724000.0,
        "Reconciled Depreciation": 1436000.0,
        "Reconciled Cost Of Revenue": 17708000.0,
        "EBITDA": -65997000.0,
        "EBIT": -67433000.0,
        "Normalized Income": -61152230.0,
        "Net Income From Continuing And Discontinued Operation": -54724000.0,
        "Total Expenses": 104031000.0,
        "Total Operating Income As Reported": -67433000.0,
        "Diluted Average Shares": 72291134.0,
        "Basic Average Shares": 72291134.0,
        "Diluted EPS": -0.76,
        "Basic EPS": -0.76,
        "Diluted NI Availto Com Stockholders": -54724000.0,
        "Net Income Common Stockholders": -54724000.0,
        "Net Income": -54724000.0,
        "Net Income Including Noncontrolling Interests": -54724000.0,
        "Net Income Continuous Operations": -54724000.0,
        "Tax Provision": 456000.0,
        "Pretax Income": -54268000.0,
        "Other Income Expense": 13165000.0,
        "Other Non Operating Income Expenses": 5028000.0,
        "Earnings From Equity Interest": 0.0,
        "Gain On Sale Of Security": 8137000.0,
        "Operating Income": -67433000.0,
        "Operating Expense": 86323000.0,
        "Research And Development": 50611000.0,
        "Selling General And Administration": 35712000.0,
        "Selling And Marketing Expense": 10171000.0,
        "General And Administrative Expense": 25541000.0,
        "Other Gand A": 25541000.0,
        "Gross Profit": 18890000.0,
        "Cost Of Revenue": 17708000.0,
        "Total Revenue": 36598000.0,
        "Operating Revenue": 36598000.0
    },
    "2024-06-30": {
        "Tax Effect Of Unusual Items": -1224930.0,
        "Tax Rate For Calcs": 0.21,
        "Normalized EBITDA": -45495000.0,
        "Total Unusual Items": -5833000.0,
        "Total Unusual Items Excluding Goodwill": -5833000.0,
        "Net Income From Continuing Operation Net Minority Interest": -54047000.0,
        "Reconciled Depreciation": 1401000.0,
        "Reconciled Cost Of Revenue": 15999000.0,
        "EBITDA": -51328000.0,
        "EBIT": -52729000.0,
        "Normalized Income": -49438930.0,
        "Net Income From Continuing And Discontinued Operation": -54047000.0,
        "Total Expenses": 100063000.0,
        "Total Operating Income As Reported": -52729000.0,
        "Diluted Average Shares": 72711685.0,
        "Basic Average Shares": 72711685.0,
        "Diluted EPS": -0.74,
        "Basic EPS": -0.74,
        "Diluted NI Availto Com Stockholders": -54047000.0,
        "Net Income Common Stockholders": -54047000.0,
        "Net Income": -54047000.0,
        "Net Income Including Noncontrolling Interests": -54047000.0,
        "Net Income Continuous Operations": -54047000.0,
        "Tax Provision": 83000.0,
        "Pretax Income": -53964000.0,
        "Other Income Expense": -1235000.0,
        "Other Non Operating Income Expenses": 4598000.0,
        "Earnings From Equity Interest": 0.0,
        "Gain On Sale Of Security": -5833000.0,
        "Operating Income": -52729000.0,
        "Operating Expense": 84064000.0,
        "Research And Development": 50835000.0,
        "Selling General And Administration": 33229000.0,
        "Selling And Marketing Expense": 9693000.0,
        "General And Administrative Expense": 23536000.0,
        "Other Gand A": 23536000.0,
        "Gross Profit": 31335000.0,
        "Cost Of Revenue": 15999000.0,
        "Total Revenue": 47334000.0,
        "Operating Revenue": 47334000.0
    },
    "2024-09-30": {
        "Tax Effect Of Unusual Items": 59941.139539,
        "Tax Rate For Calcs": 0.002354,
        "Normalized EBITDA": -92323000.0,
        "Total Unusual Items": 25459000.0,
        "Total Unusual Items Excluding Goodwill": 25459000.0,
        "Net Income From Continuing Operation Net Minority Interest": -38136000.0,
        "Reconciled Depreciation": 1558000.0,
        "Reconciled Cost Of Revenue": 17562000.0,
        "EBITDA": -66864000.0,
        "EBIT": -68422000.0,
        "Normalized Income": -63535058.860461,
        "Net Income From Continuing And Discontinued Operation": -38136000.0,
        "Total Expenses": 103712000.0,
        "Total Operating Income As Reported": -68422000.0,
        "Diluted Average Shares": 72813006.0,
        "Basic Average Shares": 72813006.0,
        "Diluted EPS": -0.52,
        "Basic EPS": -0.52,
        "Diluted NI Availto Com Stockholders": -38136000.0,
        "Net Income Common Stockholders": -38136000.0,
        "Net Income": -38136000.0,
        "Net Income Including Noncontrolling Interests": -38136000.0,
        "Net Income Continuous Operations": -38136000.0,
        "Tax Provision": -90000.0,
        "Pretax Income": -38226000.0,
        "Other Income Expense": 30196000.0,
        "Other Non Operating Income Expenses": 4737000.0,
        "Earnings From Equity Interest": 0.0,
        "Gain On Sale Of Security": 25459000.0,
        "Operating Income": -68422000.0,
        "Operating Expense": 86150000.0,
        "Research And Development": 50977000.0,
        "Selling General And Administration": 35173000.0,
        "Selling And Marketing Expense": 10349000.0,
        "General And Administrative Expense": 24824000.0,
        "Other Gand A": 24824000.0,
        "Gross Profit": 17728000.0,
        "Cost Of Revenue": 17562000.0,
        "Total Revenue": 35290000.0,
        "Operating Revenue": 35290000.0
    }
}