{
    "2023-03-31": {
        "Tax Effect Of Unusual Items": -1330.577508,
        "Tax Rate For Calcs": 0.332644,
        "Normalized EBITDA": 49124000.0,
        "Total Unusual Items": -4000.0,
        "Total Unusual Items Excluding Goodwill": -4000.0,
        "Net Income From Continuing Operation Net Minority Interest": -16467000.0,
        "Reconciled Depreciation": 37394000.0,
        "Reconciled Cost Of Revenue": 23221000.0,
        "EBIT": 11726000.0,
        "Net Interest Income": -36401000.0,
        "Interest Expense": 36401000.0,
        "Normalized Income": -16464330.577508,
        "Net Income From Continuing And Discontinued Operation": -16467000.0,
        "Total Expenses": 281570000.0,
        "Total Operating Income As Reported": 11772000.0,
        "Diluted Average Shares": 63978000.0,
        "Basic Average Shares": 63978000.0,
        "Diluted EPS": -0.26,
        "Basic EPS": -0.26,
        "Diluted NI Availto Com Stockholders": -16467000.0,
        "Net Income Common Stockholders": -16467000.0,
        "Net Income": -16467000.0,
        "Net Income Including Noncontrolling Interests": -16467000.0,
        "Net Income Continuous Operations": -16467000.0,
        "Tax Provision": -8208000.0,
        "Pretax Income": -24675000.0,
        "Other Income Expense": -50000.0,
        "Other Non Operating Income Expenses": -46000.0,
        "Special Income Charges": -4000.0,
        "Restructuring And Mergern Acquisition": 4000.0,
        "Net Non Operating Interest Income Expense": -36401000.0,
        "Interest Expense Non Operating": 36401000.0,
        "Operating Income": 11776000.0,
        "Operating Expense": 258349000.0,
        "Other Operating Expenses": 172674000.0,
        "Depreciation Amortization Depletion Income Statement": 37394000.0,
        "Depreciation And Amortization In Income Statement": 37394000.0,
        "Selling General And Administration": 48281000.0,
        "Gross Profit": 270125000.0,
        "Cost Of Revenue": 23221000.0,
        "Total Revenue": 293346000.0,
        "Operating Revenue": 293346000.0
    },
    "2022-12-31": {
        "Tax Effect Of Unusual Items": 1344.501462,
        "Tax Rate For Calcs": 0.2689,
        "Normalized EBITDA": 140037000.0,
        "Total Unusual Items": 5000.0,
        "Total Unusual Items Excluding Goodwill": 5000.0,
        "Net Income From Continuing Operation Net Minority Interest": 49010000.0,
        "Reconciled Depreciation": 38241000.0,
        "Reconciled Cost Of Revenue": 29274000.0,
        "EBIT": 101801000.0,
        "Net Interest Income": -34765000.0,
        "Interest Expense": 34765000.0,
        "Normalized Income": 49006344.501462,
        "Net Income From Continuing And Discontinued Operation": 49010000.0,
        "Total Expenses": 288657000.0,
        "Total Operating Income As Reported": 101868000.0,
        "Diluted Average Shares": 64789000.0,
        "Basic Average Shares": 64136000.0,
        "Diluted EPS": 0.76,
        "Basic EPS": 0.76,
        "Diluted NI Availto Com Stockholders": 49010000.0,
        "Net Income Common Stockholders": 49010000.0,
        "Net Income": 49010000.0,
        "Net Income Including Noncontrolling Interests": 49010000.0,
        "Net Income Continuous Operations": 49010000.0,
        "Tax Provision": 18026000.0,
        "Pretax Income": 67036000.0,
        "Other Income Expense": -62000.0,
        "Other Non Operating Income Expenses": -67000.0,
        "Special Income Charges": 5000.0,
        "Restructuring And Mergern Acquisition": -5000.0,
        "Net Non Operating Interest Income Expense": -34765000.0,
        "Interest Expense Non Operating": 34765000.0,
        "Operating Income": 101863000.0,
        "Operating Expense": 259383000.0,
        "Other Operating Expenses": 176367000.0,
        "Depreciation Amortization Depletion Income Statement": 38241000.0,
        "Depreciation And Amortization In Income Statement": 38241000.0,
        "Selling General And Administration": 44775000.0,
        "Gross Profit": 361246000.0,
        "Cost Of Revenue": 29274000.0,
        "Total Revenue": 390520000.0,
        "Operating Revenue": 390520000.0
    },
    "2022-09-30": {
        "Tax Effect Of Unusual Items": 0.0,
        "Tax Rate For Calcs": 0.281,
        "Normalized EBITDA": 254907000.0,
        "Total Unusual Items": 0.0,
        "Total Unusual Items Excluding Goodwill": 0.0,
        "Net Income From Continuing Operation Net Minority Interest": 134557000.0,
        "Reconciled Depreciation": 37216000.0,
        "Reconciled Cost Of Revenue": 41385000.0,
        "EBIT": 217691000.0,
        "Net Interest Income": -30556000.0,
        "Interest Expense": 30556000.0,
        "Normalized Income": 134557000.0,
        "Net Income From Continuing And Discontinued Operation": 134557000.0,
        "Total Expenses": 347582000.0,
        "Total Operating Income As Reported": 217625000.0,
        "Diluted Average Shares": 67569000.0,
        "Basic Average Shares": 67176000.0,
        "Diluted EPS": 1.99,
        "Basic EPS": 2.0,
        "Diluted NI Availto Com Stockholders": 134557000.0,
        "Net Income Common Stockholders": 134557000.0,
        "Net Income": 134557000.0,
        "Net Income Including Noncontrolling Interests": 134557000.0,
        "Net Income Continuous Operations": 134557000.0,
        "Tax Provision": 52578000.0,
        "Pretax Income": 187135000.0,
        "Other Income Expense": 66000.0,
        "Other Non Operating Income Expenses": 66000.0,
        "Special Income Charges": 0.0,
        "Restructuring And Mergern Acquisition": 0.0,
        "Net Non Operating Interest Income Expense": -30556000.0,
        "Interest Expense Non Operating": 30556000.0,
        "Operating Income": 217625000.0,
        "Operating Expense": 306197000.0,
        "Other Operating Expenses": 215899000.0,
        "Depreciation Amortization Depletion Income Statement": 37216000.0,
        "Depreciation And Amortization In Income Statement": 37216000.0,
        "Selling General And Administration": 53082000.0,
        "Gross Profit": 523822000.0,
        "Cost Of Revenue": 41385000.0,
        "Total Revenue": 565207000.0,
        "Operating Revenue": 565207000.0
    },
    "2022-06-30": {
        "Tax Effect Of Unusual Items": -19001.864672,
        "Tax Rate For Calcs": 0.228938,
        "Normalized EBITDA": 216677000.0,
        "Total Unusual Items": -83000.0,
        "Total Unusual Items Excluding Goodwill": -83000.0,
        "Net Income From Continuing Operation Net Minority Interest": 116610000.0,
        "Reconciled Depreciation": 38551000.0,
        "Reconciled Cost Of Revenue": 41518000.0,
        "EBIT": 178043000.0,
        "Net Interest Income": -26810000.0,
        "Interest Expense": 26810000.0,
        "Normalized Income": 116673998.135328,
        "Net Income From Continuing And Discontinued Operation": 116610000.0,
        "Total Expenses": 326723000.0,
        "Total Operating Income As Reported": 178011000.0,
        "Diluted Average Shares": 72168000.0,
        "Basic Average Shares": 71686000.0,
        "Diluted EPS": 1.62,
        "Basic EPS": 1.63,
        "Diluted NI Availto Com Stockholders": 116610000.0,
        "Net Income Common Stockholders": 116610000.0,
        "Net Income": 116610000.0,
        "Net Income Including Noncontrolling Interests": 116610000.0,
        "Net Income Continuous Operations": 116610000.0,
        "Tax Provision": 34623000.0,
        "Pretax Income": 151233000.0,
        "Other Income Expense": -51000.0,
        "Other Non Operating Income Expenses": 32000.0,
        "Special Income Charges": -83000.0,
        "Restructuring And Mergern Acquisition": 83000.0,
        "Net Non Operating Interest Income Expense": -26810000.0,
        "Interest Expense Non Operating": 26810000.0,
        "Operating Income": 178094000.0,
        "Operating Expense": 285205000.0,
        "Other Operating Expenses": 190496000.0,
        "Depreciation Amortization Depletion Income Statement": 38551000.0,
        "Depreciation And Amortization In Income Statement": 38551000.0,
        "Selling General And Administration": 56158000.0,
        "Gross Profit": 463299000.0,
        "Cost Of Revenue": 41518000.0,
        "Total Revenue": 504817000.0,
        "Operating Revenue": 504817000.0
    },
    "2022-03-31": {
        "Diluted EPS": -0.12,
        "Total Revenue": 271,
        "Gross Profit": 95,
        "Operating Income": 10,
        "EBIT": 50,
        "Net Income": -9
    },
    "2021-12-31": {
        "Diluted EPS": 0.92,
        "Total Revenue": 371,
        "Gross Profit": 181,
        "Operating Income": 85,
        "EBIT": 126,
        "Net Income": 72
    },
    "2021-09-30": {
        "Diluted EPS": 1.28,
        "Total Revenue": 521,
        "Gross Profit": 288,
        "Operating Income": 198,
        "EBIT": 236,
        "Net Income": 102
    },
    "2021-06-30": {
        "Diluted EPS": 1.59,
        "Total Revenue": 440,
        "Gross Profit": 248,
        "Operating Income": 167,
        "EBIT": 205,
        "Net Income": 128
    },
    "2021-03-31": {
        "Diluted EPS": -0.57,
        "Total Revenue": 172,
        "Gross Profit": 49,
        "Operating Income": -19,
        "EBIT": 19,
        "Net Income": -45
    },
    "2020-12-31": {
        "Diluted EPS": -0.58,
        "Total Revenue": 154,
        "Gross Profit": 36,
        "Operating Income": -23,
        "EBIT": 15,
        "Net Income": -46
    },
    "2020-09-30": {
        "Diluted EPS": -1.01,
        "Total Revenue": 106,
        "Gross Profit": 5,
        "Operating Income": -59,
        "EBIT": -20,
        "Net Income": -79
    },
    "2020-06-30": {
        "Diluted EPS": -1.68,
        "Total Revenue": 18,
        "Gross Profit": -42,
        "Operating Income": -101,
        "EBIT": -62,
        "Net Income": -131
    },
    "2020-03-31": {
        "Diluted EPS": -0.72,
        "Total Revenue": 154,
        "Gross Profit": 7,
        "Operating Income": -58,
        "EBIT": -19,
        "Net Income": -57
    },
    "2019-12-31": {
        "Diluted EPS": -0.34,
        "Total Revenue": 298,
        "Gross Profit": 122,
        "Operating Income": -5,
        "EBIT": 36,
        "Net Income": -24
    },
    "2019-09-30": {
        "Diluted EPS": 1.24,
        "Total Revenue": 474,
        "Gross Profit": 260,
        "Operating Income": 154,
        "EBIT": 195,
        "Net Income": 98
    },
    "2019-06-30": {
        "Diluted EPS": 0.64,
        "Total Revenue": 406,
        "Gross Profit": 204,
        "Operating Income": 96,
        "EBIT": 137,
        "Net Income": 53
    },
    "2019-03-31": {
        "Diluted EPS": -0.44,
        "Total Revenue": 221,
        "Gross Profit": 53,
        "Operating Income": -31,
        "EBIT": 9,
        "Net Income": -37
    },
    "2018-12-31": {
        "Diluted EPS": -0.11,
        "Total Revenue": 280,
        "Gross Profit": 97,
        "Operating Income": 11,
        "EBIT": 53,
        "Net Income": -11
    },
    "2018-09-30": {
        "Diluted EPS": 1.1,
        "Total Revenue": 483,
        "Gross Profit": 248,
        "Operating Income": 152,
        "EBIT": 194,
        "Net Income": 96
    },
    "2018-06-30": {
        "Diluted EPS": 0.26,
        "Total Revenue": 392,
        "Gross Profit": 170,
        "Operating Income": 55,
        "EBIT": 96,
        "Net Income": 23
    },
    "2018-03-31": {
        "Diluted EPS": -0.73,
        "Total Revenue": 217,
        "Gross Profit": 45,
        "Operating Income": -66,
        "EBIT": -27,
        "Net Income": -63
    },
    "2017-12-31": {
        "Diluted EPS": -0.23,
        "Total Revenue": 266,
        "Gross Profit": 84,
        "Operating Income": -11,
        "EBIT": 33,
        "Net Income": -20
    },
    "2017-09-30": {
        "Diluted EPS": 0.64,
        "Total Revenue": 438,
        "Gross Profit": 211,
        "Operating Income": 109,
        "EBIT": 152,
        "Net Income": 55
    },
    "2017-06-30": {
        "Diluted EPS": -2.05,
        "Total Revenue": 374,
        "Gross Profit": 155,
        "Operating Income": -223,
        "EBIT": 87,
        "Net Income": -176
    },
    "2017-03-31": {
        "Diluted EPS": -0.72,
        "Total Revenue": 186,
        "Gross Profit": 15,
        "Operating Income": -77,
        "EBIT": -37,
        "Net Income": -61
    },
    "2016-12-31": {
        "Diluted EPS": -0.13,
        "Total Revenue": 268,
        "Gross Profit": 82,
        "Operating Income": -12,
        "EBIT": 33,
        "Net Income": -12
    },
    "2016-09-30": {
        "Diluted EPS": 0.77,
        "Total Revenue": 485,
        "Gross Profit": 251,
        "Operating Income": 153,
        "EBIT": 195,
        "Net Income": 66
    },
    "2016-06-30": {
        "Diluted EPS": 0.21,
        "Total Revenue": 371,
        "Gross Profit": 151,
        "Operating Income": 38,
        "EBIT": 80,
        "Net Income": 18
    },
    "2016-03-31": {
        "Diluted EPS": -1.0,
        "Total Revenue": 220,
        "Gross Profit": 23,
        "Operating Income": -120,
        "EBIT": -43,
        "Net Income": -84
    },
    "2015-12-31": {
        "Diluted EPS": -0.13,
        "Total Revenue": 268,
        "Gross Profit": 81,
        "Operating Income": -7,
        "EBIT": 38,
        "Net Income": -11
    },
    "2015-09-30": {
        "Diluted EPS": 1.14,
        "Total Revenue": 497,
        "Gross Profit": 263,
        "Operating Income": 171,
        "EBIT": 217,
        "Net Income": 98
    },
    "2015-06-30": {
        "Diluted EPS": 0.07,
        "Total Revenue": 392,
        "Gross Profit": 169,
        "Operating Income": 46,
        "EBIT": 98,
        "Net Income": 6
    },
    "2015-03-31": {
        "Diluted EPS": -0.51,
        "Total Revenue": 215,
        "Gross Profit": 45,
        "Operating Income": -50,
        "EBIT": -4,
        "Net Income": -44
    },
    "2014-12-31": {
        "Diluted EPS": -0.3,
        "Total Revenue": 265,
        "Gross Profit": 74,
        "Operating Income": -22,
        "EBIT": 27,
        "Net Income": -25
    },
    "2014-09-30": {
        "Diluted EPS": 1.0,
        "Total Revenue": 496,
        "Gross Profit": 257,
        "Operating Income": 162,
        "EBIT": 209,
        "Net Income": 87
    },
    "2014-06-30": {
        "Diluted EPS": 0.43,
        "Total Revenue": 405,
        "Gross Profit": 182,
        "Operating Income": 81,
        "EBIT": 126,
        "Net Income": 37
    },
    "2014-03-31": {
        "Diluted EPS": -0.56,
        "Total Revenue": 212,
        "Gross Profit": 28,
        "Operating Income": -59,
        "EBIT": -16,
        "Net Income": -49
    },
    "2013-12-31": {
        "Diluted EPS": -0.08,
        "Total Revenue": 272,
        "Gross Profit": 78,
        "Operating Income": -3,
        "EBIT": 41,
        "Net Income": -13
    },
    "2013-09-30": {
        "Diluted EPS": 1.34,
        "Total Revenue": 538,
        "Gross Profit": 295,
        "Operating Income": 206,
        "EBIT": 249,
        "Net Income": 121
    },
    "2013-06-30": {
        "Diluted EPS": -0.18,
        "Total Revenue": 411,
        "Gross Profit": 184,
        "Operating Income": 31,
        "EBIT": 75,
        "Net Income": -16
    },
    "2013-03-31": {
        "Diluted EPS": -0.49,
        "Total Revenue": 239,
        "Gross Profit": 46,
        "Operating Income": -36,
        "EBIT": 10,
        "Net Income": -40
    },
    "2012-12-31": {
        "Diluted EPS": -0.11,
        "Total Revenue": 263,
        "Gross Profit": 73,
        "Operating Income": -6,
        "EBIT": 39,
        "Net Income": -9
    },
    "2012-09-30": {
        "Diluted EPS": 1.11,
        "Total Revenue": 522,
        "Gross Profit": 287,
        "Operating Income": 184,
        "EBIT": 233,
        "Net Income": 92
    },
    "2012-06-30": {
        "Diluted EPS": 0.47,
        "Total Revenue": 426,
        "Gross Profit": 184,
        "Operating Income": 93,
        "EBIT": 139,
        "Net Income": 39
    },
    "2012-03-31": {
        "Diluted EPS": -0.55,
        "Total Revenue": 212,
        "Gross Profit": 30,
        "Operating Income": -48,
        "EBIT": -6,
        "Net Income": -45
    },
    "2011-12-31": {
        "Diluted EPS": 0.0,
        "Total Revenue": NaN,
        "Gross Profit": NaN,
        "Operating Income": NaN,
        "EBIT": NaN,
        "Net Income": NaN
    },
    "2010-12-31": {
        "Diluted EPS": 0.0,
        "Total Revenue": NaN,
        "Gross Profit": NaN,
        "Operating Income": NaN,
        "EBIT": NaN,
        "Net Income": NaN
    },
    "2023-06-30": {
        "Tax Effect Of Unusual Items": -174030.53448,
        "Tax Rate For Calcs": 0.26529,
        "Normalized EBITDA": 193930000.0,
        "Total Unusual Items": -656000.0,
        "Total Unusual Items Excluding Goodwill": -656000.0,
        "Net Income From Continuing Operation Net Minority Interest": 87055000.0,
        "Reconciled Depreciation": 37831000.0,
        "Reconciled Cost Of Revenue": 38210000.0,
        "EBIT": 155443000.0,
        "Net Interest Income": -36954000.0,
        "Interest Expense": 36954000.0,
        "Normalized Income": 87536969.46552,
        "Net Income From Continuing And Discontinued Operation": 87055000.0,
        "Total Expenses": 339935000.0,
        "Total Operating Income As Reported": 155438000.0,
        "Diluted Average Shares": 64352000.0,
        "Basic Average Shares": 63932000.0,
        "Diluted EPS": 1.35,
        "Basic EPS": 1.36,
        "Diluted NI Availto Com Stockholders": 87055000.0,
        "Net Income Common Stockholders": 87055000.0,
        "Net Income": 87055000.0,
        "Net Income Including Noncontrolling Interests": 87055000.0,
        "Net Income Continuous Operations": 87055000.0,
        "Tax Provision": 31434000.0,
        "Pretax Income": 118489000.0,
        "Other Income Expense": -651000.0,
        "Other Non Operating Income Expenses": 5000.0,
        "Special Income Charges": -656000.0,
        "Restructuring And Mergern Acquisition": 656000.0,
        "Net Non Operating Interest Income Expense": -36954000.0,
        "Interest Expense Non Operating": 36954000.0,
        "Operating Income": 156094000.0,
        "Operating Expense": 301725000.0,
        "Other Operating Expenses": 195728000.0,
        "Depreciation Amortization Depletion Income Statement": 37831000.0,
        "Depreciation And Amortization In Income Statement": 37831000.0,
        "Selling General And Administration": 68166000.0,
        "Gross Profit": 457819000.0,
        "Cost Of Revenue": 38210000.0,
        "Total Revenue": 496029000.0,
        "Operating Revenue": 496029000.0
    }
}