{
    "2022-06-30": {
        "Diluted EPS": 0.0,
        "Total Revenue": NaN,
        "Gross Profit": NaN,
        "Operating Income": NaN,
        "Net Income": NaN
    },
    "2020-12-31": {
        "Diluted EPS": -1.2,
        "Total Revenue": 393,
        "Gross Profit": 49,
        "Operating Income": -4,
        "EBIT": -4,
        "Net Income": -9
    },
    "2020-09-30": {
        "Diluted EPS": 0.4,
        "Total Revenue": 202,
        "Gross Profit": 34,
        "Operating Income": 7,
        "EBIT": 7,
        "Net Income": 3
    },
    "2020-06-30": {
        "Diluted EPS": 0.2,
        "Total Revenue": 185,
        "Gross Profit": 30,
        "Operating Income": 5,
        "EBIT": 5,
        "Net Income": 1
    },
    "2020-03-31": {
        "Diluted EPS": -1.2,
        "Total Revenue": 142,
        "Gross Profit": 23,
        "Operating Income": -3,
        "EBIT": -3,
        "Net Income": -6
    },
    "2019-12-31": {
        "Diluted EPS": 1.1,
        "Total Revenue": 287,
        "Gross Profit": 42,
        "Operating Income": 7,
        "EBIT": 7,
        "Net Income": 6
    },
    "2019-09-30": {
        "Diluted EPS": 1.6,
        "Total Revenue": 272,
        "Gross Profit": 46,
        "Operating Income": 13,
        "EBIT": 13,
        "Net Income": 9
    },
    "2019-06-30": {
        "Diluted EPS": 1.1,
        "Total Revenue": 249,
        "Gross Profit": 47,
        "Operating Income": 7,
        "EBIT": 7,
        "Net Income": 6
    },
    "2019-03-31": {
        "Diluted EPS": 0.4,
        "Total Revenue": 175,
        "Gross Profit": 37,
        "Operating Income": 3,
        "EBIT": 3,
        "Net Income": 2
    },
    "2018-12-31": {
        "Diluted EPS": 1.2,
        "Total Revenue": 242,
        "Gross Profit": 45,
        "Operating Income": 9,
        "EBIT": 9,
        "Net Income": 6
    },
    "2018-09-30": {
        "Diluted EPS": 1.2,
        "Total Revenue": 229,
        "Gross Profit": 39,
        "Operating Income": 10,
        "EBIT": 10,
        "Net Income": 6
    },
    "2018-06-30": {
        "Diluted EPS": 1.0,
        "Total Revenue": 184,
        "Gross Profit": 34,
        "Operating Income": 9,
        "EBIT": 9,
        "Net Income": 5
    },
    "2018-03-31": {
        "Diluted EPS": 0.8,
        "Total Revenue": 128,
        "Gross Profit": 21,
        "Operating Income": 4,
        "EBIT": 4,
        "Net Income": 4
    },
    "2017-12-31": {
        "Diluted EPS": 1.4,
        "Total Revenue": 213,
        "Gross Profit": 213,
        "Operating Income": 213,
        "EBIT": 213,
        "Net Income": 7
    },
    "2017-09-30": {
        "Diluted EPS": -0.5,
        "Total Revenue": 148,
        "Gross Profit": 25,
        "Operating Income": 5,
        "EBIT": 5,
        "Net Income": 5
    },
    "2017-06-30": {
        "Diluted EPS": 0.0,
        "Total Revenue": NaN,
        "Gross Profit": NaN,
        "Operating Income": NaN,
        "EBIT": NaN,
        "Net Income": NaN
    },
    "2016-12-31": {
        "Diluted EPS": 0.0,
        "Total Revenue": NaN,
        "Gross Profit": NaN,
        "Operating Income": NaN,
        "EBIT": NaN,
        "Net Income": NaN
    }
}