{
    "2023-03-31": {
        "Tax Effect Of Unusual Items": NaN,
        "Tax Rate For Calcs": NaN,
        "Normalized EBITDA": NaN,
        "Total Unusual Items": NaN,
        "Total Unusual Items Excluding Goodwill": NaN,
        "Net Income From Continuing Operation Net Minority Interest": NaN,
        "Reconciled Depreciation": NaN,
        "Reconciled Cost Of Revenue": NaN,
        "EBITDA": NaN,
        "EBIT": NaN,
        "Net Interest Income": NaN,
        "Normalized Income": NaN,
        "Net Income From Continuing And Discontinued Operation": NaN,
        "Total Expenses": NaN,
        "Total Operating Income As Reported": NaN,
        "Diluted Average Shares": NaN,
        "Basic Average Shares": NaN,
        "Diluted EPS": NaN,
        "Basic EPS": NaN,
        "Diluted NI Availto Com Stockholders": NaN,
        "Average Dilution Earnings": NaN,
        "Net Income Common Stockholders": NaN,
        "Net Income": NaN,
        "Net Income Including Noncontrolling Interests": NaN,
        "Net Income Continuous Operations": NaN,
        "Earnings From Equity Interest Net Of Tax": NaN,
        "Tax Provision": NaN,
        "Pretax Income": NaN,
        "Other Income Expense": NaN,
        "Other Non Operating Income Expenses": -125000.0,
        "Special Income Charges": NaN,
        "Gain On Sale Of Ppe": NaN,
        "Other Special Charges": NaN,
        "Impairment Of Capital Assets": NaN,
        "Net Non Operating Interest Income Expense": NaN,
        "Total Other Finance Cost": NaN,
        "Operating Income": NaN,
        "Operating Expense": NaN,
        "Other Operating Expenses": NaN,
        "Research And Development": NaN,
        "Selling General And Administration": NaN,
        "Selling And Marketing Expense": NaN,
        "General And Administrative Expense": NaN,
        "Other Gand A": NaN,
        "Gross Profit": NaN,
        "Cost Of Revenue": NaN,
        "Total Revenue": NaN,
        "Operating Revenue": NaN
    },
    "2022-12-31": {
        "Tax Effect Of Unusual Items": NaN,
        "Tax Rate For Calcs": NaN,
        "Normalized EBITDA": NaN,
        "Total Unusual Items": NaN,
        "Total Unusual Items Excluding Goodwill": NaN,
        "Net Income From Continuing Operation Net Minority Interest": NaN,
        "Reconciled Depreciation": NaN,
        "Reconciled Cost Of Revenue": NaN,
        "EBITDA": NaN,
        "EBIT": NaN,
        "Net Interest Income": NaN,
        "Normalized Income": NaN,
        "Net Income From Continuing And Discontinued Operation": NaN,
        "Total Expenses": NaN,
        "Total Operating Income As Reported": NaN,
        "Diluted Average Shares": NaN,
        "Basic Average Shares": NaN,
        "Diluted EPS": NaN,
        "Basic EPS": NaN,
        "Diluted NI Availto Com Stockholders": NaN,
        "Average Dilution Earnings": NaN,
        "Net Income Common Stockholders": NaN,
        "Net Income": NaN,
        "Net Income Including Noncontrolling Interests": NaN,
        "Net Income Continuous Operations": NaN,
        "Earnings From Equity Interest Net Of Tax": NaN,
        "Tax Provision": NaN,
        "Pretax Income": NaN,
        "Other Income Expense": NaN,
        "Other Non Operating Income Expenses": 186000.0,
        "Special Income Charges": NaN,
        "Gain On Sale Of Ppe": NaN,
        "Other Special Charges": NaN,
        "Impairment Of Capital Assets": NaN,
        "Net Non Operating Interest Income Expense": NaN,
        "Total Other Finance Cost": NaN,
        "Operating Income": NaN,
        "Operating Expense": NaN,
        "Other Operating Expenses": NaN,
        "Research And Development": NaN,
        "Selling General And Administration": NaN,
        "Selling And Marketing Expense": NaN,
        "General And Administrative Expense": NaN,
        "Other Gand A": NaN,
        "Gross Profit": NaN,
        "Cost Of Revenue": NaN,
        "Total Revenue": NaN,
        "Operating Revenue": NaN
    },
    "2022-09-30": {
        "Tax Effect Of Unusual Items": NaN,
        "Tax Rate For Calcs": NaN,
        "Normalized EBITDA": NaN,
        "Total Unusual Items": NaN,
        "Total Unusual Items Excluding Goodwill": NaN,
        "Net Income From Continuing Operation Net Minority Interest": NaN,
        "Reconciled Depreciation": NaN,
        "Reconciled Cost Of Revenue": NaN,
        "EBITDA": NaN,
        "EBIT": NaN,
        "Net Interest Income": NaN,
        "Normalized Income": NaN,
        "Net Income From Continuing And Discontinued Operation": NaN,
        "Total Expenses": NaN,
        "Total Operating Income As Reported": NaN,
        "Diluted Average Shares": NaN,
        "Basic Average Shares": NaN,
        "Diluted EPS": NaN,
        "Basic EPS": NaN,
        "Diluted NI Availto Com Stockholders": NaN,
        "Average Dilution Earnings": NaN,
        "Net Income Common Stockholders": NaN,
        "Net Income": NaN,
        "Net Income Including Noncontrolling Interests": NaN,
        "Net Income Continuous Operations": NaN,
        "Earnings From Equity Interest Net Of Tax": NaN,
        "Tax Provision": NaN,
        "Pretax Income": NaN,
        "Other Income Expense": NaN,
        "Other Non Operating Income Expenses": 7654000.0,
        "Special Income Charges": NaN,
        "Gain On Sale Of Ppe": NaN,
        "Other Special Charges": NaN,
        "Impairment Of Capital Assets": NaN,
        "Net Non Operating Interest Income Expense": NaN,
        "Total Other Finance Cost": NaN,
        "Operating Income": NaN,
        "Operating Expense": NaN,
        "Research And Development": NaN,
        "Selling General And Administration": NaN,
        "Selling And Marketing Expense": NaN,
        "General And Administrative Expense": NaN,
        "Other Gand A": NaN,
        "Gross Profit": NaN,
        "Cost Of Revenue": NaN,
        "Total Revenue": NaN,
        "Operating Revenue": NaN
    },
    "2022-06-30": {
        "Tax Effect Of Unusual Items": 0.0,
        "Tax Rate For Calcs": 0.304917,
        "Normalized EBITDA": 48490000.0,
        "Total Unusual Items": -4686000.0,
        "Total Unusual Items Excluding Goodwill": -4686000.0,
        "Net Income From Continuing Operation Net Minority Interest": 15084000.0,
        "Reconciled Depreciation": 12478000.0,
        "Reconciled Cost Of Revenue": 545132000.0,
        "EBITDA": 48490000.0,
        "EBIT": 36012000.0,
        "Net Interest Income": -14311000.0,
        "Interest Expense": 14311000.0,
        "Interest Income": NaN,
        "Normalized Income": 15084000.0,
        "Net Income From Continuing And Discontinued Operation": 15084000.0,
        "Total Expenses": 691762000.0,
        "Total Operating Income As Reported": 36012000.0,
        "Diluted Average Shares": 58564734.0,
        "Basic Average Shares": 55470279.0,
        "Diluted EPS": 0.26,
        "Basic EPS": 0.27,
        "Diluted NI Availto Com Stockholders": 15084000.0,
        "Average Dilution Earnings": 551000.0,
        "Net Income Common Stockholders": 15084000.0,
        "Net Income": 15084000.0,
        "Net Income Including Noncontrolling Interests": 15084000.0,
        "Net Income Continuous Operations": 15084000.0,
        "Tax Provision": 6617000.0,
        "Pretax Income": 21701000.0,
        "Other Income Expense": -4686000.0,
        "Other Non Operating Income Expenses": NaN,
        "Special Income Charges": -4686000.0,
        "Gain On Sale Of Ppe": NaN,
        "Impairment Of Capital Assets": 4686000.0,
        "Net Non Operating Interest Income Expense": -14311000.0,
        "Total Other Finance Cost": 14311000.0,
        "Interest Expense Non Operating": 14311000.0,
        "Interest Income Non Operating": NaN,
        "Operating Income": 36012000.0,
        "Operating Expense": 146630000.0,
        "Other Operating Expenses": 4687000.0,
        "Research And Development": 74847000.0,
        "Selling General And Administration": 67096000.0,
        "Selling And Marketing Expense": 38975000.0,
        "General And Administrative Expense": 28121000.0,
        "Other Gand A": 28121000.0,
        "Gross Profit": 182642000.0,
        "Cost Of Revenue": 545132000.0,
        "Total Revenue": 727774000.0,
        "Operating Revenue": 727774000.0
    },
    "2023-06-30": {
        "Tax Effect Of Unusual Items": NaN,
        "Tax Rate For Calcs": NaN,
        "Normalized EBITDA": NaN,
        "Total Unusual Items": NaN,
        "Total Unusual Items Excluding Goodwill": NaN,
        "Net Income From Continuing Operation Net Minority Interest": NaN,
        "Reconciled Depreciation": NaN,
        "Reconciled Cost Of Revenue": NaN,
        "EBITDA": NaN,
        "EBIT": NaN,
        "Net Interest Income": NaN,
        "Normalized Income": NaN,
        "Net Income From Continuing And Discontinued Operation": NaN,
        "Total Expenses": NaN,
        "Total Operating Income As Reported": NaN,
        "Diluted Average Shares": NaN,
        "Basic Average Shares": NaN,
        "Diluted EPS": NaN,
        "Basic EPS": NaN,
        "Diluted NI Availto Com Stockholders": NaN,
        "Average Dilution Earnings": NaN,
        "Net Income Common Stockholders": NaN,
        "Net Income": NaN,
        "Net Income Including Noncontrolling Interests": NaN,
        "Net Income Continuous Operations": NaN,
        "Earnings From Equity Interest Net Of Tax": 0.0,
        "Tax Provision": NaN,
        "Pretax Income": NaN,
        "Other Income Expense": NaN,
        "Other Non Operating Income Expenses": NaN,
        "Special Income Charges": NaN,
        "Gain On Sale Of Ppe": NaN,
        "Other Special Charges": NaN,
        "Impairment Of Capital Assets": NaN,
        "Net Non Operating Interest Income Expense": NaN,
        "Total Other Finance Cost": NaN,
        "Operating Income": NaN,
        "Operating Expense": NaN,
        "Other Operating Expenses": NaN,
        "Research And Development": NaN,
        "Selling General And Administration": NaN,
        "Selling And Marketing Expense": NaN,
        "General And Administrative Expense": NaN,
        "Other Gand A": NaN,
        "Gross Profit": NaN,
        "Cost Of Revenue": NaN,
        "Total Revenue": NaN,
        "Operating Revenue": NaN
    },
    "2022-03-31": {
        "Diluted EPS": 0.6,
        "Total Revenue": 655,
        "Gross Profit": 179,
        "Operating Income": 51,
        "EBIT": 63,
        "Net Income": 33
    },
    "2021-12-31": {
        "Diluted EPS": 0.73,
        "Total Revenue": 552,
        "Gross Profit": 160,
        "Operating Income": 41,
        "EBIT": 55,
        "Net Income": 41
    },
    "2021-09-30": {
        "Diluted EPS": 0.96,
        "Total Revenue": 526,
        "Gross Profit": 173,
        "Operating Income": 66,
        "EBIT": 80,
        "Net Income": 53
    },
    "2021-06-30": {
        "Diluted EPS": 0.82,
        "Total Revenue": 480,
        "Gross Profit": 156,
        "Operating Income": 56,
        "EBIT": 68,
        "Net Income": 45
    },
    "2021-03-31": {
        "Diluted EPS": 0.55,
        "Total Revenue": 405,
        "Gross Profit": 140,
        "Operating Income": 44,
        "EBIT": 55,
        "Net Income": 30
    },
    "2020-12-31": {
        "Diluted EPS": 0.32,
        "Total Revenue": 358,
        "Gross Profit": 110,
        "Operating Income": 14,
        "EBIT": 26,
        "Net Income": 18
    },
    "2020-09-30": {
        "Diluted EPS": 0.83,
        "Total Revenue": 338,
        "Gross Profit": 108,
        "Operating Income": 30,
        "EBIT": 39,
        "Net Income": 44
    },
    "2020-06-30": {
        "Diluted EPS": 0.7,
        "Total Revenue": 332,
        "Gross Profit": 103,
        "Operating Income": 30,
        "EBIT": 38,
        "Net Income": 37
    },
    "2020-03-31": {
        "Diluted EPS": 0.81,
        "Total Revenue": 431,
        "Gross Profit": 140,
        "Operating Income": 68,
        "EBIT": 75,
        "Net Income": 42
    },
    "2019-12-31": {
        "Diluted EPS": 1.04,
        "Total Revenue": 418,
        "Gross Profit": 143,
        "Operating Income": 51,
        "EBIT": 57,
        "Net Income": 53
    },
    "2019-09-30": {
        "Diluted EPS": 0.81,
        "Total Revenue": 411,
        "Gross Profit": 139,
        "Operating Income": 66,
        "EBIT": 73,
        "Net Income": 42
    },
    "2019-06-30": {
        "Diluted EPS": 0.66,
        "Total Revenue": 325,
        "Gross Profit": 111,
        "Operating Income": 45,
        "EBIT": 53,
        "Net Income": 33
    },
    "2019-03-31": {
        "Diluted EPS": 0.39,
        "Total Revenue": 272,
        "Gross Profit": 86,
        "Operating Income": 28,
        "EBIT": 34,
        "Net Income": 19
    },
    "2018-12-31": {
        "Diluted EPS": 0.27,
        "Total Revenue": 264,
        "Gross Profit": 80,
        "Operating Income": 24,
        "EBIT": 28,
        "Net Income": 13
    },
    "2018-09-30": {
        "Diluted EPS": 0.95,
        "Total Revenue": 237,
        "Gross Profit": 78,
        "Operating Income": 34,
        "EBIT": 38,
        "Net Income": 46
    },
    "2018-06-30": {
        "Diluted EPS": 0.72,
        "Total Revenue": 227,
        "Gross Profit": 82,
        "Operating Income": 41,
        "EBIT": 44,
        "Net Income": 35
    },
    "2018-03-31": {
        "Diluted EPS": 0.75,
        "Total Revenue": 210,
        "Gross Profit": 80,
        "Operating Income": 41,
        "EBIT": 44,
        "Net Income": 36
    },
    "2017-12-31": {
        "Diluted EPS": 0.42,
        "Total Revenue": 189,
        "Gross Profit": 71,
        "Operating Income": 35,
        "EBIT": 38,
        "Net Income": 20
    },
    "2017-09-30": {
        "Diluted EPS": 0.61,
        "Total Revenue": 167,
        "Gross Profit": 58,
        "Operating Income": 25,
        "EBIT": 28,
        "Net Income": 28
    },
    "2017-06-30": {
        "Diluted EPS": 0.5,
        "Total Revenue": 136,
        "Gross Profit": 47,
        "Operating Income": 19,
        "EBIT": 21,
        "Net Income": 23
    },
    "2017-03-31": {
        "Diluted EPS": 0.32,
        "Total Revenue": 115,
        "Gross Profit": 39,
        "Operating Income": 12,
        "EBIT": 14,
        "Net Income": 14
    },
    "2016-12-31": {
        "Diluted EPS": 0.0,
        "Total Revenue": NaN,
        "Gross Profit": NaN,
        "Operating Income": NaN,
        "EBIT": NaN,
        "Net Income": NaN
    },
    "2016-09-30": {
        "Diluted EPS": 0.35,
        "Total Revenue": 128,
        "Gross Profit": 42,
        "Operating Income": 18,
        "EBIT": 20,
        "Net Income": 16
    },
    "2016-06-30": {
        "Diluted EPS": 0.39,
        "Total Revenue": 125,
        "Gross Profit": 39,
        "Operating Income": 18,
        "EBIT": 29,
        "Net Income": 17
    },
    "2016-03-31": {
        "Diluted EPS": 0.47,
        "Total Revenue": 125,
        "Gross Profit": 41,
        "Operating Income": 20,
        "EBIT": 21,
        "Net Income": 21
    },
    "2015-12-31": {
        "Diluted EPS": 0.55,
        "Total Revenue": 125,
        "Gross Profit": 125,
        "Operating Income": 125,
        "EBIT": 126,
        "Net Income": 24
    },
    "2015-09-30": {
        "Diluted EPS": 0.32,
        "Total Revenue": 115,
        "Gross Profit": 34,
        "Operating Income": 15,
        "EBIT": 15,
        "Net Income": 14
    },
    "2015-06-30": {
        "Diluted EPS": 0.0,
        "Total Revenue": NaN,
        "Gross Profit": NaN,
        "Operating Income": NaN,
        "EBIT": NaN,
        "Net Income": NaN
    },
    "2015-03-31": {
        "Diluted EPS": 0.01,
        "Total Revenue": 86,
        "Gross Profit": 24,
        "Operating Income": 10,
        "EBIT": 11,
        "Net Income": 6
    },
    "2014-12-31": {
        "Diluted EPS": 1.2,
        "Total Revenue": 73,
        "Gross Profit": 16,
        "Operating Income": 4,
        "EBIT": 5,
        "Net Income": 3
    },
    "2014-09-30": {
        "Diluted EPS": 0.0,
        "Total Revenue": 67,
        "Gross Profit": 14,
        "Operating Income": 2,
        "EBIT": 1,
        "Net Income": NaN
    },
    "2014-06-30": {
        "Diluted EPS": -1.08,
        "Total Revenue": 45,
        "Gross Profit": 45,
        "Operating Income": 45,
        "EBIT": 45,
        "Net Income": -3
    },
    "2014-03-31": {
        "Diluted EPS": -1.87,
        "Total Revenue": 31,
        "Gross Profit": 6,
        "Operating Income": -5,
        "EBIT": -3,
        "Net Income": -5
    },
    "2013-06-30": {
        "Diluted EPS": 0.0,
        "Total Revenue": NaN,
        "Gross Profit": NaN,
        "Operating Income": NaN,
        "EBIT": NaN,
        "Net Income": NaN
    },
    "2023-09-30": {
        "Tax Effect Of Unusual Items": 0.0,
        "Tax Rate For Calcs": 0.21,
        "Normalized EBITDA": -1432000.0,
        "Total Unusual Items": 0.0,
        "Total Unusual Items Excluding Goodwill": 0.0,
        "Net Income From Continuing Operation Net Minority Interest": -61176000.0,
        "Reconciled Depreciation": 15294000.0,
        "Reconciled Cost Of Revenue": 582488000.0,
        "EBITDA": -1432000.0,
        "EBIT": -16726000.0,
        "Net Interest Income": -7901000.0,
        "Normalized Income": -61176000.0,
        "Net Income From Continuing And Discontinued Operation": -61176000.0,
        "Total Expenses": 742031000.0,
        "Total Operating Income As Reported": -16726000.0,
        "Diluted Average Shares": 56671504.0,
        "Basic Average Shares": 56671504.0,
        "Diluted EPS": -1.08,
        "Basic EPS": -1.08,
        "Diluted NI Availto Com Stockholders": -61176000.0,
        "Average Dilution Earnings": 0.0,
        "Net Income Common Stockholders": -61176000.0,
        "Net Income": -61176000.0,
        "Net Income Including Noncontrolling Interests": -61176000.0,
        "Net Income Continuous Operations": -61176000.0,
        "Earnings From Equity Interest Net Of Tax": 0.0,
        "Tax Provision": 36065000.0,
        "Pretax Income": -25111000.0,
        "Other Income Expense": -484000.0,
        "Other Non Operating Income Expenses": -484000.0,
        "Special Income Charges": 0.0,
        "Gain On Sale Of Ppe": 0.0,
        "Other Special Charges": NaN,
        "Impairment Of Capital Assets": 0.0,
        "Net Non Operating Interest Income Expense": -7901000.0,
        "Total Other Finance Cost": 7901000.0,
        "Operating Income": -16726000.0,
        "Operating Expense": 159543000.0,
        "Other Operating Expenses": NaN,
        "Research And Development": 80082000.0,
        "Selling General And Administration": 79461000.0,
        "Selling And Marketing Expense": 40351000.0,
        "General And Administrative Expense": 39110000.0,
        "Other Gand A": 39110000.0,
        "Gross Profit": 142817000.0,
        "Cost Of Revenue": 582488000.0,
        "Total Revenue": 725305000.0,
        "Operating Revenue": 701144000.0
    },
    "2023-12-31": {
        "Tax Effect Of Unusual Items": -1539937.556624,
        "Tax Rate For Calcs": 0.247181,
        "Normalized EBITDA": -169647000.0,
        "Total Unusual Items": -6230000.0,
        "Total Unusual Items Excluding Goodwill": -6230000.0,
        "Net Income From Continuing Operation Net Minority Interest": -162383000.0,
        "Reconciled Depreciation": 15177000.0,
        "Reconciled Cost Of Revenue": 372469000.0,
        "EBITDA": -175877000.0,
        "EBIT": -191054000.0,
        "Net Interest Income": -4463000.0,
        "Normalized Income": -157692937.556624,
        "Net Income From Continuing And Discontinued Operation": -162383000.0,
        "Total Expenses": 520877000.0,
        "Total Operating Income As Reported": -237581000.0,
        "Diluted Average Shares": 56976491.0,
        "Basic Average Shares": 56976491.0,
        "Diluted EPS": -2.85,
        "Basic EPS": -2.85,
        "Diluted NI Availto Com Stockholders": -163991000.0,
        "Average Dilution Earnings": -1608000.0,
        "Net Income Common Stockholders": -162383000.0,
        "Net Income": -162383000.0,
        "Net Income Including Noncontrolling Interests": -162383000.0,
        "Net Income Continuous Operations": -162383000.0,
        "Earnings From Equity Interest Net Of Tax": NaN,
        "Tax Provision": -53202000.0,
        "Pretax Income": -215235000.0,
        "Other Income Expense": -5939000.0,
        "Other Non Operating Income Expenses": 291000.0,
        "Special Income Charges": -32748000.0,
        "Gain On Sale Of Ppe": -172000.0,
        "Other Special Charges": NaN,
        "Impairment Of Capital Assets": 30790000.0,
        "Net Non Operating Interest Income Expense": -4463000.0,
        "Total Other Finance Cost": 33426000.0,
        "Operating Income": -204833000.0,
        "Operating Expense": 148408000.0,
        "Other Operating Expenses": NaN,
        "Research And Development": 75001000.0,
        "Selling General And Administration": 73407000.0,
        "Selling And Marketing Expense": 38779000.0,
        "General And Administrative Expense": 34628000.0,
        "Other Gand A": 34628000.0,
        "Gross Profit": -56425000.0,
        "Cost Of Revenue": 372469000.0,
        "Total Revenue": 316044000.0,
        "Operating Revenue": 444253000.0
    },
    "2024-03-31": {
        "Tax Effect Of Unusual Items": -313221.0,
        "Tax Rate For Calcs": 0.131,
        "Normalized EBITDA": -153935000.0,
        "Total Unusual Items": -2391000.0,
        "Total Unusual Items Excluding Goodwill": -2391000.0,
        "Net Income From Continuing Operation Net Minority Interest": -157311000.0,
        "Reconciled Depreciation": 14988000.0,
        "Reconciled Cost Of Revenue": 230586000.0,
        "EBITDA": -156326000.0,
        "EBIT": -171314000.0,
        "Net Interest Income": -7064000.0,
        "Normalized Income": -155233221.0,
        "Net Income From Continuing And Discontinued Operation": -157311000.0,
        "Total Expenses": 375713000.0,
        "Total Operating Income As Reported": -173705000.0,
        "Diluted Average Shares": 57140126.0,
        "Basic Average Shares": 57140126.0,
        "Diluted EPS": -2.75,
        "Basic EPS": -2.75,
        "Diluted NI Availto Com Stockholders": -157311000.0,
        "Average Dilution Earnings": 0.0,
        "Net Income Common Stockholders": -157311000.0,
        "Net Income": -157311000.0,
        "Net Income Including Noncontrolling Interests": -157311000.0,
        "Net Income Continuous Operations": -157311000.0,
        "Earnings From Equity Interest Net Of Tax": -296000.0,
        "Tax Provision": -23754000.0,
        "Pretax Income": -180769000.0,
        "Other Income Expense": -2391000.0,
        "Other Non Operating Income Expenses": NaN,
        "Special Income Charges": -2391000.0,
        "Gain On Sale Of Ppe": -1058000.0,
        "Other Special Charges": -399000.0,
        "Impairment Of Capital Assets": 1732000.0,
        "Net Non Operating Interest Income Expense": -7064000.0,
        "Total Other Finance Cost": 7064000.0,
        "Operating Income": -171314000.0,
        "Operating Expense": 145127000.0,
        "Other Operating Expenses": NaN,
        "Research And Development": 75351000.0,
        "Selling General And Administration": 69776000.0,
        "Selling And Marketing Expense": 38911000.0,
        "General And Administrative Expense": 30865000.0,
        "Other Gand A": 30865000.0,
        "Gross Profit": -26187000.0,
        "Cost Of Revenue": 230586000.0,
        "Total Revenue": 204399000.0,
        "Operating Revenue": 200718000.0
    },
    "2024-06-30": {
        "Tax Effect Of Unusual Items": -122464.0,
        "Tax Rate For Calcs": 0.086,
        "Normalized EBITDA": -141892000.0,
        "Total Unusual Items": -1424000.0,
        "Total Unusual Items Excluding Goodwill": -1424000.0,
        "Net Income From Continuing Operation Net Minority Interest": -130818000.0,
        "Reconciled Depreciation": 15442000.0,
        "Reconciled Cost Of Revenue": 276374000.0,
        "EBITDA": -143316000.0,
        "EBIT": -158758000.0,
        "Net Interest Income": -865000.0,
        "Normalized Income": -129516464.0,
        "Net Income From Continuing And Discontinued Operation": -130818000.0,
        "Total Expenses": 424163000.0,
        "Total Operating Income As Reported": -160182000.0,
        "Diluted Average Shares": 56687006.0,
        "Basic Average Shares": 56687006.0,
        "Diluted EPS": -2.31,
        "Basic EPS": -2.31,
        "Diluted NI Availto Com Stockholders": -130818000.0,
        "Average Dilution Earnings": 0.0,
        "Net Income Common Stockholders": -130818000.0,
        "Net Income": -130818000.0,
        "Net Income Including Noncontrolling Interests": -130818000.0,
        "Net Income Continuous Operations": -130818000.0,
        "Earnings From Equity Interest Net Of Tax": -567000.0,
        "Tax Provision": -12245000.0,
        "Pretax Income": -142496000.0,
        "Other Income Expense": 17127000.0,
        "Other Non Operating Income Expenses": 18551000.0,
        "Special Income Charges": -1424000.0,
        "Gain On Sale Of Ppe": -1424000.0,
        "Other Special Charges": NaN,
        "Impairment Of Capital Assets": 0.0,
        "Net Non Operating Interest Income Expense": -865000.0,
        "Total Other Finance Cost": 865000.0,
        "Operating Income": -158758000.0,
        "Operating Expense": 147789000.0,
        "Other Operating Expenses": -473000.0,
        "Research And Development": 69276000.0,
        "Selling General And Administration": 78986000.0,
        "Selling And Marketing Expense": 39978000.0,
        "General And Administrative Expense": 39008000.0,
        "Other Gand A": 39008000.0,
        "Gross Profit": -10969000.0,
        "Cost Of Revenue": 276374000.0,
        "Total Revenue": 265405000.0,
        "Operating Revenue": 262687000.0
    },
    "2024-09-30": {
        "Tax Effect Of Unusual Items": -48083490.0,
        "Tax Rate For Calcs": 0.21,
        "Normalized EBITDA": -610543000.0,
        "Total Unusual Items": -228969000.0,
        "Total Unusual Items Excluding Goodwill": -228969000.0,
        "Net Income From Continuing Operation Net Minority Interest": -1205321000.0,
        "Reconciled Depreciation": 16785000.0,
        "Reconciled Cost Of Revenue": 963229000.0,
        "EBITDA": -839512000.0,
        "EBIT": -856297000.0,
        "Net Interest Income": 5558000.0,
        "Normalized Income": -1024435490.0,
        "Net Income From Continuing And Discontinued Operation": -1205321000.0,
        "Total Expenses": 1117200000.0,
        "Total Operating Income As Reported": -1085266000.0,
        "Diluted Average Shares": 57029983.0,
        "Basic Average Shares": 57029983.0,
        "Diluted EPS": -21.13,
        "Basic EPS": -21.13,
        "Diluted NI Availto Com Stockholders": -1205321000.0,
        "Average Dilution Earnings": 0.0,
        "Net Income Common Stockholders": -1205321000.0,
        "Net Income": -1205321000.0,
        "Net Income Including Noncontrolling Interests": -1205321000.0,
        "Net Income Continuous Operations": -1205321000.0,
        "Earnings From Equity Interest Net Of Tax": -577000.0,
        "Tax Provision": 121108000.0,
        "Pretax Income": -1083636000.0,
        "Other Income Expense": -232897000.0,
        "Other Non Operating Income Expenses": -3928000.0,
        "Special Income Charges": -228969000.0,
        "Gain On Sale Of Ppe": 644000.0,
        "Other Special Charges": NaN,
        "Impairment Of Capital Assets": 229613000.0,
        "Net Non Operating Interest Income Expense": 5558000.0,
        "Total Other Finance Cost": -5558000.0,
        "Operating Income": -856297000.0,
        "Operating Expense": 153971000.0,
        "Other Operating Expenses": 4960000.0,
        "Research And Development": 70372000.0,
        "Selling General And Administration": 78639000.0,
        "Selling And Marketing Expense": 37427000.0,
        "General And Administrative Expense": 41212000.0,
        "Other Gand A": 41212000.0,
        "Gross Profit": -702326000.0,
        "Cost Of Revenue": 963229000.0,
        "Total Revenue": 260903000.0,
        "Operating Revenue": 258416000.0
    }
}