{
    "2023-03-31": {
        "Tax Effect Of Unusual Items": 0.0,
        "Tax Rate For Calcs": 0.234965,
        "Normalized EBITDA": 212438000.0,
        "Total Unusual Items": NaN,
        "Total Unusual Items Excluding Goodwill": NaN,
        "Net Income From Continuing Operation Net Minority Interest": 70805000.0,
        "Reconciled Depreciation": 52425000.0,
        "Reconciled Cost Of Revenue": 1418819000.0,
        "EBITDA": 212438000.0,
        "EBIT": 160013000.0,
        "Net Interest Income": -48571000.0,
        "Interest Expense": 48571000.0,
        "Interest Income": NaN,
        "Normalized Income": 70805000.0,
        "Net Income From Continuing And Discontinued Operation": 70805000.0,
        "Total Expenses": 1513523000.0,
        "Total Operating Income As Reported": 151457000.0,
        "Diluted Average Shares": 122553000.0,
        "Basic Average Shares": 122553000.0,
        "Diluted EPS": 0.56,
        "Basic EPS": 0.56,
        "Diluted NI Availto Com Stockholders": 70805000.0,
        "Net Income Common Stockholders": 70805000.0,
        "Otherunder Preferred Stock Dividend": 2573000.0,
        "Net Income": 70805000.0,
        "Minority Interests": -14452000.0,
        "Net Income Including Noncontrolling Interests": 85257000.0,
        "Net Income Continuous Operations": 85257000.0,
        "Tax Provision": 26185000.0,
        "Pretax Income": 111442000.0,
        "Other Income Expense": 8556000.0,
        "Special Income Charges": NaN,
        "Gain On Sale Of Business": NaN,
        "Earnings From Equity Interest": 8556000.0,
        "Net Non Operating Interest Income Expense": -48571000.0,
        "Interest Expense Non Operating": 48571000.0,
        "Interest Income Non Operating": NaN,
        "Operating Income": 151457000.0,
        "Operating Expense": 94704000.0,
        "Other Operating Expenses": NaN,
        "Depreciation Amortization Depletion Income Statement": 52425000.0,
        "Depreciation And Amortization In Income Statement": 52425000.0,
        "Selling General And Administration": 42279000.0,
        "General And Administrative Expense": 42279000.0,
        "Other Gand A": 42279000.0,
        "Gross Profit": 246161000.0,
        "Cost Of Revenue": 1418819000.0,
        "Total Revenue": 1664980000.0,
        "Operating Revenue": 1664980000.0
    },
    "2022-12-31": {
        "Tax Effect Of Unusual Items": 0.0,
        "Tax Rate For Calcs": 0.185169,
        "Normalized EBITDA": 145869000.0,
        "Total Unusual Items": 0.0,
        "Total Unusual Items Excluding Goodwill": 0.0,
        "Net Income From Continuing Operation Net Minority Interest": 27504000.0,
        "Reconciled Depreciation": 52246000.0,
        "Reconciled Cost Of Revenue": 1408784000.0,
        "EBITDA": 145869000.0,
        "EBIT": 93623000.0,
        "Net Interest Income": -47341000.0,
        "Interest Expense": 47341000.0,
        "Interest Income": 0.0,
        "Normalized Income": 27504000.0,
        "Net Income From Continuing And Discontinued Operation": 27504000.0,
        "Total Expenses": 1494592000.0,
        "Total Operating Income As Reported": 86864000.0,
        "Diluted Average Shares": 153385000.0,
        "Basic Average Shares": 153385000.0,
        "Diluted EPS": 0.22,
        "Basic EPS": 0.22,
        "Diluted NI Availto Com Stockholders": 26502000.0,
        "Net Income Common Stockholders": 26502000.0,
        "Otherunder Preferred Stock Dividend": 1002000.0,
        "Net Income": 27504000.0,
        "Minority Interests": -10208000.0,
        "Net Income Including Noncontrolling Interests": 37712000.0,
        "Net Income Continuous Operations": 37712000.0,
        "Tax Provision": 8570000.0,
        "Pretax Income": 46282000.0,
        "Other Income Expense": 6759000.0,
        "Special Income Charges": 0.0,
        "Gain On Sale Of Business": 0.0,
        "Earnings From Equity Interest": 6759000.0,
        "Net Non Operating Interest Income Expense": -47341000.0,
        "Interest Expense Non Operating": 47341000.0,
        "Interest Income Non Operating": 0.0,
        "Operating Income": 86864000.0,
        "Operating Expense": 85808000.0,
        "Other Operating Expenses": -5201000.0,
        "Depreciation Amortization Depletion Income Statement": 52246000.0,
        "Depreciation And Amortization In Income Statement": 52246000.0,
        "Selling General And Administration": 38763000.0,
        "General And Administrative Expense": 38763000.0,
        "Other Gand A": 38763000.0,
        "Gross Profit": 172672000.0,
        "Cost Of Revenue": 1408784000.0,
        "Total Revenue": 1581456000.0,
        "Operating Revenue": 1581456000.0
    },
    "2022-09-30": {
        "Tax Effect Of Unusual Items": 0.0,
        "Tax Rate For Calcs": 0.298,
        "Normalized EBITDA": 151010000.0,
        "Total Unusual Items": NaN,
        "Total Unusual Items Excluding Goodwill": NaN,
        "Net Income From Continuing Operation Net Minority Interest": 27166000.0,
        "Reconciled Depreciation": 51459000.0,
        "Reconciled Cost Of Revenue": 1393817000.0,
        "EBITDA": 151010000.0,
        "EBIT": 99551000.0,
        "Net Interest Income": -45204000.0,
        "Interest Expense": 45204000.0,
        "Interest Income": 0.0,
        "Normalized Income": 27166000.0,
        "Net Income From Continuing And Discontinued Operation": 27166000.0,
        "Total Expenses": 1476327000.0,
        "Total Operating Income As Reported": 91467000.0,
        "Diluted Average Shares": 122193000.0,
        "Basic Average Shares": 122193000.0,
        "Diluted EPS": 0.21,
        "Basic EPS": 0.21,
        "Diluted NI Availto Com Stockholders": 26174000.0,
        "Net Income Common Stockholders": 26174000.0,
        "Otherunder Preferred Stock Dividend": 992000.0,
        "Net Income": 27166000.0,
        "Minority Interests": -10960000.0,
        "Net Income Including Noncontrolling Interests": 38126000.0,
        "Net Income Continuous Operations": 38126000.0,
        "Tax Provision": 16221000.0,
        "Pretax Income": 54347000.0,
        "Other Income Expense": 8084000.0,
        "Special Income Charges": NaN,
        "Gain On Sale Of Business": NaN,
        "Earnings From Equity Interest": 8084000.0,
        "Net Non Operating Interest Income Expense": -45204000.0,
        "Interest Expense Non Operating": 45204000.0,
        "Interest Income Non Operating": 0.0,
        "Operating Income": 91467000.0,
        "Operating Expense": 82510000.0,
        "Other Operating Expenses": -8440000.0,
        "Depreciation Amortization Depletion Income Statement": 51459000.0,
        "Depreciation And Amortization In Income Statement": 51459000.0,
        "Selling General And Administration": 39491000.0,
        "General And Administrative Expense": 39491000.0,
        "Other Gand A": 39491000.0,
        "Gross Profit": 173977000.0,
        "Cost Of Revenue": 1393817000.0,
        "Total Revenue": 1567794000.0,
        "Operating Revenue": 1450260000.0
    },
    "2022-06-30": {
        "Tax Effect Of Unusual Items": 0.0,
        "Tax Rate For Calcs": 0.251,
        "Normalized EBITDA": 178215000.0,
        "Total Unusual Items": NaN,
        "Total Unusual Items Excluding Goodwill": NaN,
        "Net Income From Continuing Operation Net Minority Interest": 55207000.0,
        "Reconciled Depreciation": 51081000.0,
        "Reconciled Cost Of Revenue": 1390550000.0,
        "EBITDA": 178215000.0,
        "EBIT": 127134000.0,
        "Net Interest Income": -41052000.0,
        "Interest Expense": 41052000.0,
        "Interest Income": 0.0,
        "Normalized Income": 55207000.0,
        "Net Income From Continuing And Discontinued Operation": 55207000.0,
        "Total Expenses": 1463774000.0,
        "Total Operating Income As Reported": 120967000.0,
        "Diluted Average Shares": 124897000.0,
        "Basic Average Shares": 124897000.0,
        "Diluted EPS": 0.43,
        "Basic EPS": 0.43,
        "Diluted NI Availto Com Stockholders": 53287000.0,
        "Net Income Common Stockholders": 53287000.0,
        "Otherunder Preferred Stock Dividend": 1920000.0,
        "Net Income": 55207000.0,
        "Minority Interests": -11055000.0,
        "Net Income Including Noncontrolling Interests": 66262000.0,
        "Net Income Continuous Operations": 66262000.0,
        "Tax Provision": 19820000.0,
        "Pretax Income": 86082000.0,
        "Other Income Expense": 6167000.0,
        "Special Income Charges": NaN,
        "Gain On Sale Of Business": NaN,
        "Earnings From Equity Interest": 6167000.0,
        "Net Non Operating Interest Income Expense": -41052000.0,
        "Interest Expense Non Operating": 41052000.0,
        "Interest Income Non Operating": 0.0,
        "Operating Income": 120967000.0,
        "Operating Expense": 73224000.0,
        "Other Operating Expenses": -15125000.0,
        "Depreciation Amortization Depletion Income Statement": 51081000.0,
        "Depreciation And Amortization In Income Statement": 51081000.0,
        "Selling General And Administration": 37268000.0,
        "General And Administrative Expense": 37268000.0,
        "Other Gand A": 37268000.0,
        "Gross Profit": 194191000.0,
        "Cost Of Revenue": 1390550000.0,
        "Total Revenue": 1584741000.0,
        "Operating Revenue": 1470193000.0
    },
    "2023-06-30": {
        "Tax Effect Of Unusual Items": 0.0,
        "Tax Rate For Calcs": 0.23899,
        "Normalized EBITDA": 219644000.0,
        "Total Unusual Items": NaN,
        "Total Unusual Items Excluding Goodwill": NaN,
        "Net Income From Continuing Operation Net Minority Interest": 78237000.0,
        "Reconciled Depreciation": 49939000.0,
        "Reconciled Cost Of Revenue": 1423603000.0,
        "EBITDA": 219644000.0,
        "EBIT": 169705000.0,
        "Net Interest Income": -48997000.0,
        "Interest Expense": 48997000.0,
        "Interest Income": NaN,
        "Normalized Income": 78237000.0,
        "Net Income From Continuing And Discontinued Operation": 78237000.0,
        "Total Expenses": 1515324000.0,
        "Total Operating Income As Reported": 159204000.0,
        "Diluted Average Shares": 122634000.0,
        "Basic Average Shares": 122634000.0,
        "Diluted EPS": 0.61,
        "Basic EPS": 0.61,
        "Diluted NI Availto Com Stockholders": 75360000.0,
        "Net Income Common Stockholders": 75360000.0,
        "Otherunder Preferred Stock Dividend": 2877000.0,
        "Net Income": 78237000.0,
        "Minority Interests": -13623000.0,
        "Net Income Including Noncontrolling Interests": 91860000.0,
        "Net Income Continuous Operations": 91860000.0,
        "Tax Provision": 28848000.0,
        "Pretax Income": 120708000.0,
        "Other Income Expense": 10501000.0,
        "Special Income Charges": NaN,
        "Gain On Sale Of Business": NaN,
        "Earnings From Equity Interest": 10501000.0,
        "Net Non Operating Interest Income Expense": -48997000.0,
        "Interest Expense Non Operating": 48997000.0,
        "Interest Income Non Operating": NaN,
        "Operating Income": 159204000.0,
        "Operating Expense": 91721000.0,
        "Other Operating Expenses": -726000.0,
        "Depreciation Amortization Depletion Income Statement": 49939000.0,
        "Depreciation And Amortization In Income Statement": 49939000.0,
        "Selling General And Administration": 42508000.0,
        "General And Administrative Expense": 42508000.0,
        "Other Gand A": 42508000.0,
        "Gross Profit": 250925000.0,
        "Cost Of Revenue": 1423603000.0,
        "Total Revenue": 1674528000.0,
        "Operating Revenue": 1551637000.0
    },
    "2022-03-31": {
        "Diluted EPS": 0.37,
        "Total Revenue": NaN,
        "Gross Profit": 193,
        "Operating Income": 104,
        "EBIT": 156,
        "Net Income": 49
    },
    "2021-12-31": {
        "Diluted EPS": 0.37,
        "Total Revenue": NaN,
        "Gross Profit": 157,
        "Operating Income": 78,
        "EBIT": 130,
        "Net Income": 50
    },
    "2021-09-30": {
        "Diluted EPS": 0.57,
        "Total Revenue": NaN,
        "Gross Profit": 237,
        "Operating Income": 150,
        "EBIT": 201,
        "Net Income": 77
    },
    "2021-06-30": {
        "Diluted EPS": 1.22,
        "Total Revenue": NaN,
        "Gross Profit": 273,
        "Operating Income": 284,
        "EBIT": 335,
        "Net Income": 165
    },
    "2021-03-31": {
        "Diluted EPS": 0.82,
        "Total Revenue": NaN,
        "Gross Profit": 253,
        "Operating Income": 202,
        "EBIT": 252,
        "Net Income": 111
    },
    "2020-12-31": {
        "Diluted EPS": 0.57,
        "Total Revenue": NaN,
        "Gross Profit": 214,
        "Operating Income": 163,
        "EBIT": 215,
        "Net Income": 79
    },
    "2020-09-30": {
        "Diluted EPS": 0.57,
        "Total Revenue": NaN,
        "Gross Profit": 243,
        "Operating Income": 156,
        "EBIT": 207,
        "Net Income": 77
    },
    "2020-06-30": {
        "Diluted EPS": 0.39,
        "Total Revenue": NaN,
        "Gross Profit": 150,
        "Operating Income": 120,
        "EBIT": 172,
        "Net Income": 50
    },
    "2020-03-31": {
        "Diluted EPS": 0.4,
        "Total Revenue": NaN,
        "Gross Profit": 214,
        "Operating Income": 129,
        "EBIT": 181,
        "Net Income": 53
    },
    "2019-12-31": {
        "Diluted EPS": 0.24,
        "Total Revenue": NaN,
        "Gross Profit": 199,
        "Operating Income": 112,
        "EBIT": 167,
        "Net Income": 33
    },
    "2019-09-30": {
        "Diluted EPS": 0.23,
        "Total Revenue": NaN,
        "Gross Profit": 210,
        "Operating Income": 123,
        "EBIT": 179,
        "Net Income": 30
    },
    "2019-06-30": {
        "Diluted EPS": 0.33,
        "Total Revenue": NaN,
        "Gross Profit": 211,
        "Operating Income": 125,
        "EBIT": 183,
        "Net Income": 45
    },
    "2019-03-31": {
        "Diluted EPS": 0.3,
        "Total Revenue": NaN,
        "Gross Profit": 193,
        "Operating Income": 112,
        "EBIT": 167,
        "Net Income": 41
    },
    "2018-12-31": {
        "Diluted EPS": 0.18,
        "Total Revenue": NaN,
        "Gross Profit": 171,
        "Operating Income": 88,
        "EBIT": 144,
        "Net Income": 25
    },
    "2018-09-30": {
        "Diluted EPS": 0.24,
        "Total Revenue": NaN,
        "Gross Profit": 180,
        "Operating Income": 100,
        "EBIT": 154,
        "Net Income": 33
    },
    "2018-06-30": {
        "Diluted EPS": 0.35,
        "Total Revenue": NaN,
        "Gross Profit": 201,
        "Operating Income": 121,
        "EBIT": 176,
        "Net Income": 47
    },
    "2018-03-31": {
        "Diluted EPS": 0.25,
        "Total Revenue": NaN,
        "Gross Profit": 187,
        "Operating Income": 109,
        "EBIT": 159,
        "Net Income": 34
    },
    "2017-12-31": {
        "Diluted EPS": 0.75,
        "Total Revenue": NaN,
        "Gross Profit": 147,
        "Operating Income": 76,
        "EBIT": 119,
        "Net Income": 101
    },
    "2017-09-30": {
        "Diluted EPS": 0.14,
        "Total Revenue": NaN,
        "Gross Profit": 138,
        "Operating Income": 72,
        "EBIT": 113,
        "Net Income": 18
    },
    "2017-06-30": {
        "Diluted EPS": 0.32,
        "Total Revenue": NaN,
        "Gross Profit": 182,
        "Operating Income": 116,
        "EBIT": 157,
        "Net Income": 42
    },
    "2017-03-31": {
        "Diluted EPS": 0.12,
        "Total Revenue": NaN,
        "Gross Profit": 162,
        "Operating Income": 92,
        "EBIT": 138,
        "Net Income": 16
    },
    "2016-12-31": {
        "Diluted EPS": 0.14,
        "Total Revenue": 978,
        "Gross Profit": 67,
        "Operating Income": 56,
        "EBIT": 97,
        "Net Income": 20
    },
    "2016-09-30": {
        "Diluted EPS": 0.05,
        "Total Revenue": NaN,
        "Gross Profit": 138,
        "Operating Income": 56,
        "EBIT": 98,
        "Net Income": 6
    },
    "2016-06-30": {
        "Diluted EPS": 0.26,
        "Total Revenue": NaN,
        "Gross Profit": 181,
        "Operating Income": 101,
        "EBIT": 141,
        "Net Income": 34
    },
    "2016-03-31": {
        "Diluted EPS": 0.42,
        "Total Revenue": NaN,
        "Gross Profit": 166,
        "Operating Income": 87,
        "EBIT": 125,
        "Net Income": 55
    },
    "2015-12-31": {
        "Diluted EPS": 0.22,
        "Total Revenue": NaN,
        "Gross Profit": 137,
        "Operating Income": 62,
        "EBIT": 99,
        "Net Income": 30
    },
    "2015-09-30": {
        "Diluted EPS": 0.22,
        "Total Revenue": NaN,
        "Gross Profit": 120,
        "Operating Income": 48,
        "EBIT": 82,
        "Net Income": 29
    },
    "2015-06-30": {
        "Diluted EPS": 0.28,
        "Total Revenue": 887,
        "Gross Profit": 143,
        "Operating Income": 85,
        "EBIT": 109,
        "Net Income": 37
    },
    "2015-03-31": {
        "Diluted EPS": 0.27,
        "Total Revenue": 795,
        "Gross Profit": 131,
        "Operating Income": 79,
        "EBIT": 99,
        "Net Income": 34
    },
    "2014-12-31": {
        "Diluted EPS": 0.2,
        "Total Revenue": 772,
        "Gross Profit": 115,
        "Operating Income": 58,
        "EBIT": 77,
        "Net Income": 27
    },
    "2014-09-30": {
        "Diluted EPS": 0.2,
        "Total Revenue": 758,
        "Gross Profit": 114,
        "Operating Income": 66,
        "EBIT": 85,
        "Net Income": 27
    },
    "2014-06-30": {
        "Diluted EPS": 0.27,
        "Total Revenue": 773,
        "Gross Profit": 130,
        "Operating Income": 82,
        "EBIT": 101,
        "Net Income": 34
    },
    "2014-03-31": {
        "Diluted EPS": 0.24,
        "Total Revenue": 763,
        "Gross Profit": 124,
        "Operating Income": 78,
        "EBIT": 97,
        "Net Income": 32
    },
    "2013-12-31": {
        "Diluted EPS": 0.21,
        "Total Revenue": 746,
        "Gross Profit": 119,
        "Operating Income": 68,
        "EBIT": 87,
        "Net Income": 28
    },
    "2013-09-30": {
        "Diluted EPS": 0.17,
        "Total Revenue": 723,
        "Gross Profit": 106,
        "Operating Income": 62,
        "EBIT": 80,
        "Net Income": 23
    },
    "2013-06-30": {
        "Diluted EPS": 0.2,
        "Total Revenue": 757,
        "Gross Profit": 131,
        "Operating Income": 88,
        "EBIT": 106,
        "Net Income": 27
    },
    "2013-03-31": {
        "Diluted EPS": 0.24,
        "Total Revenue": 750,
        "Gross Profit": 125,
        "Operating Income": 83,
        "EBIT": 101,
        "Net Income": 34
    },
    "2012-12-31": {
        "Diluted EPS": 0.28,
        "Total Revenue": 741,
        "Gross Profit": 121,
        "Operating Income": 81,
        "EBIT": 99,
        "Net Income": 39
    },
    "2012-09-30": {
        "Diluted EPS": 0.17,
        "Total Revenue": 714,
        "Gross Profit": 115,
        "Operating Income": 71,
        "EBIT": 88,
        "Net Income": 24
    },
    "2012-06-30": {
        "Diluted EPS": 0.31,
        "Total Revenue": 750,
        "Gross Profit": 138,
        "Operating Income": 94,
        "EBIT": 111,
        "Net Income": 42
    },
    "2012-03-31": {
        "Diluted EPS": 0.29,
        "Total Revenue": 744,
        "Gross Profit": 132,
        "Operating Income": 92,
        "EBIT": 110,
        "Net Income": 41
    },
    "2011-12-31": {
        "Diluted EPS": 0.24,
        "Total Revenue": 718,
        "Gross Profit": 119,
        "Operating Income": 74,
        "EBIT": 99,
        "Net Income": 36
    },
    "2011-09-30": {
        "Diluted EPS": 0.17,
        "Total Revenue": 694,
        "Gross Profit": 112,
        "Operating Income": 68,
        "EBIT": 86,
        "Net Income": 25
    },
    "2011-06-30": {
        "Diluted EPS": 0.08,
        "Total Revenue": 699,
        "Gross Profit": 129,
        "Operating Income": 81,
        "EBIT": 99,
        "Net Income": 12
    },
    "2011-03-31": {
        "Diluted EPS": 0.22,
        "Total Revenue": 693,
        "Gross Profit": 136,
        "Operating Income": 88,
        "EBIT": 105,
        "Net Income": 33
    },
    "2010-12-31": {
        "Diluted EPS": 0.13,
        "Total Revenue": 637,
        "Gross Profit": 96,
        "Operating Income": 49,
        "EBIT": 74,
        "Net Income": 21
    },
    "2010-09-30": {
        "Diluted EPS": 0.05,
        "Total Revenue": 588,
        "Gross Profit": 90,
        "Operating Income": 42,
        "EBIT": 59,
        "Net Income": 8
    },
    "2010-06-30": {
        "Diluted EPS": 0.15,
        "Total Revenue": 580,
        "Gross Profit": 110,
        "Operating Income": 73,
        "EBIT": 90,
        "Net Income": 24
    },
    "2010-03-31": {
        "Diluted EPS": 0.15,
        "Total Revenue": 585,
        "Gross Profit": 112,
        "Operating Income": 73,
        "EBIT": 91,
        "Net Income": 24
    },
    "2009-12-31": {
        "Diluted EPS": 0.24,
        "Total Revenue": 574,
        "Gross Profit": 107,
        "Operating Income": 70,
        "EBIT": 88,
        "Net Income": 29
    },
    "2009-09-30": {
        "Diluted EPS": -0.09,
        "Total Revenue": 546,
        "Gross Profit": 97,
        "Operating Income": 33,
        "EBIT": 51,
        "Net Income": -6
    },
    "2009-06-30": {
        "Diluted EPS": 0.19,
        "Total Revenue": 560,
        "Gross Profit": 107,
        "Operating Income": 65,
        "EBIT": 84,
        "Net Income": 13
    },
    "2009-03-31": {
        "Diluted EPS": 0.27,
        "Total Revenue": 561,
        "Gross Profit": 110,
        "Operating Income": 68,
        "EBIT": 86,
        "Net Income": 17
    }
}