{
    "2023-03-31": {
        "Tax Effect Of Unusual Items": NaN,
        "Tax Rate For Calcs": NaN,
        "Normalized EBITDA": NaN,
        "Total Unusual Items": NaN,
        "Total Unusual Items Excluding Goodwill": NaN,
        "Net Income From Continuing Operation Net Minority Interest": NaN,
        "Reconciled Depreciation": NaN,
        "Reconciled Cost Of Revenue": NaN,
        "EBITDA": NaN,
        "EBIT": NaN,
        "Net Interest Income": 2189000.0,
        "Interest Income": 2189000.0,
        "Normalized Income": NaN,
        "Net Income From Continuing And Discontinued Operation": NaN,
        "Total Expenses": NaN,
        "Total Operating Income As Reported": NaN,
        "Diluted Average Shares": NaN,
        "Basic Average Shares": NaN,
        "Diluted EPS": NaN,
        "Basic EPS": NaN,
        "Diluted NI Availto Com Stockholders": NaN,
        "Net Income Common Stockholders": NaN,
        "Net Income": NaN,
        "Minority Interests": 0.0,
        "Net Income Including Noncontrolling Interests": NaN,
        "Net Income Continuous Operations": NaN,
        "Tax Provision": NaN,
        "Pretax Income": NaN,
        "Other Income Expense": NaN,
        "Other Non Operating Income Expenses": NaN,
        "Special Income Charges": NaN,
        "Restructuring And Mergern Acquisition": NaN,
        "Gain On Sale Of Security": -638000.0,
        "Net Non Operating Interest Income Expense": 2189000.0,
        "Interest Income Non Operating": 2189000.0,
        "Operating Income": NaN,
        "Operating Expense": NaN,
        "Research And Development": NaN,
        "Selling General And Administration": NaN,
        "Selling And Marketing Expense": NaN,
        "General And Administrative Expense": NaN,
        "Other Gand A": NaN,
        "Salaries And Wages": NaN,
        "Gross Profit": NaN,
        "Cost Of Revenue": NaN,
        "Total Revenue": NaN,
        "Operating Revenue": NaN
    },
    "2022-12-31": {
        "Tax Effect Of Unusual Items": NaN,
        "Tax Rate For Calcs": NaN,
        "Normalized EBITDA": NaN,
        "Total Unusual Items": NaN,
        "Total Unusual Items Excluding Goodwill": NaN,
        "Net Income From Continuing Operation Net Minority Interest": NaN,
        "Reconciled Depreciation": NaN,
        "Reconciled Cost Of Revenue": NaN,
        "EBITDA": NaN,
        "EBIT": NaN,
        "Net Interest Income": NaN,
        "Interest Income": NaN,
        "Normalized Income": NaN,
        "Net Income From Continuing And Discontinued Operation": NaN,
        "Total Expenses": NaN,
        "Total Operating Income As Reported": NaN,
        "Diluted Average Shares": 141531000.0,
        "Basic Average Shares": 141531000.0,
        "Diluted EPS": -0.1,
        "Basic EPS": -0.1,
        "Diluted NI Availto Com Stockholders": NaN,
        "Net Income Common Stockholders": NaN,
        "Net Income": NaN,
        "Minority Interests": NaN,
        "Net Income Including Noncontrolling Interests": NaN,
        "Net Income Continuous Operations": NaN,
        "Tax Provision": NaN,
        "Pretax Income": NaN,
        "Other Income Expense": NaN,
        "Other Non Operating Income Expenses": NaN,
        "Special Income Charges": NaN,
        "Restructuring And Mergern Acquisition": NaN,
        "Gain On Sale Of Security": -1096000.0,
        "Net Non Operating Interest Income Expense": NaN,
        "Interest Income Non Operating": NaN,
        "Operating Income": NaN,
        "Operating Expense": NaN,
        "Research And Development": NaN,
        "Selling General And Administration": NaN,
        "Selling And Marketing Expense": NaN,
        "General And Administrative Expense": NaN,
        "Other Gand A": NaN,
        "Salaries And Wages": NaN,
        "Gross Profit": NaN,
        "Cost Of Revenue": NaN,
        "Total Revenue": NaN,
        "Operating Revenue": NaN
    },
    "2022-09-30": {
        "Tax Effect Of Unusual Items": NaN,
        "Tax Rate For Calcs": NaN,
        "Normalized EBITDA": NaN,
        "Total Unusual Items": NaN,
        "Total Unusual Items Excluding Goodwill": NaN,
        "Net Income From Continuing Operation Net Minority Interest": NaN,
        "Reconciled Depreciation": NaN,
        "Reconciled Cost Of Revenue": NaN,
        "EBITDA": NaN,
        "EBIT": NaN,
        "Net Interest Income": NaN,
        "Interest Income": NaN,
        "Normalized Income": NaN,
        "Net Income From Continuing And Discontinued Operation": NaN,
        "Total Expenses": NaN,
        "Total Operating Income As Reported": NaN,
        "Diluted Average Shares": NaN,
        "Basic Average Shares": NaN,
        "Diluted EPS": NaN,
        "Basic EPS": NaN,
        "Diluted NI Availto Com Stockholders": NaN,
        "Net Income Common Stockholders": NaN,
        "Net Income": NaN,
        "Minority Interests": NaN,
        "Net Income Including Noncontrolling Interests": NaN,
        "Net Income Continuous Operations": NaN,
        "Tax Provision": NaN,
        "Pretax Income": NaN,
        "Other Income Expense": NaN,
        "Other Non Operating Income Expenses": NaN,
        "Special Income Charges": NaN,
        "Restructuring And Mergern Acquisition": NaN,
        "Gain On Sale Of Security": NaN,
        "Net Non Operating Interest Income Expense": NaN,
        "Interest Income Non Operating": NaN,
        "Operating Income": NaN,
        "Operating Expense": NaN,
        "Research And Development": NaN,
        "Selling General And Administration": NaN,
        "Selling And Marketing Expense": NaN,
        "General And Administrative Expense": NaN,
        "Other Gand A": NaN,
        "Salaries And Wages": 1631000.0,
        "Gross Profit": NaN,
        "Cost Of Revenue": NaN,
        "Total Revenue": NaN,
        "Operating Revenue": NaN
    },
    "2022-06-30": {
        "Tax Effect Of Unusual Items": -1394000.0,
        "Tax Rate For Calcs": 0.4,
        "Normalized EBITDA": 1480000.0,
        "Total Unusual Items": -3485000.0,
        "Total Unusual Items Excluding Goodwill": -3485000.0,
        "Net Income From Continuing Operation Net Minority Interest": -8284000.0,
        "Reconciled Depreciation": 2766000.0,
        "Reconciled Cost Of Revenue": 12598000.0,
        "EBITDA": -2005000.0,
        "EBIT": -4771000.0,
        "Normalized Income": -6193000.0,
        "Net Income From Continuing And Discontinued Operation": -8284000.0,
        "Total Expenses": 67381000.0,
        "Total Operating Income As Reported": -8256000.0,
        "Diluted Average Shares": 141042000.0,
        "Basic Average Shares": 141042000.0,
        "Diluted EPS": -0.06,
        "Basic EPS": -0.06,
        "Diluted NI Availto Com Stockholders": -8284000.0,
        "Net Income Common Stockholders": -8284000.0,
        "Net Income": -8284000.0,
        "Net Income Including Noncontrolling Interests": -8284000.0,
        "Net Income Continuous Operations": -8284000.0,
        "Tax Provision": 739000.0,
        "Pretax Income": -7545000.0,
        "Other Income Expense": -2774000.0,
        "Other Non Operating Income Expenses": 711000.0,
        "Special Income Charges": -3485000.0,
        "Restructuring And Mergern Acquisition": 3485000.0,
        "Gain On Sale Of Security": -138000.0,
        "Operating Income": -4771000.0,
        "Operating Expense": 54783000.0,
        "Research And Development": 9671000.0,
        "Selling General And Administration": 45112000.0,
        "Selling And Marketing Expense": 30894000.0,
        "General And Administrative Expense": 14218000.0,
        "Other Gand A": 14218000.0,
        "Gross Profit": 50012000.0,
        "Cost Of Revenue": 12598000.0,
        "Total Revenue": 62610000.0,
        "Operating Revenue": 62610000.0
    },
    "2022-03-31": {
        "Diluted EPS": -0.02,
        "Total Revenue": 57,
        "Gross Profit": 46,
        "Operating Income": -3,
        "EBIT": 1,
        "Net Income": -3
    },
    "2021-12-31": {
        "Diluted EPS": -0.03,
        "Total Revenue": 54,
        "Gross Profit": 42,
        "Operating Income": -4,
        "EBIT": -1,
        "Net Income": -4
    },
    "2021-09-30": {
        "Diluted EPS": -0.01,
        "Total Revenue": 49,
        "Gross Profit": 38,
        "Operating Income": 0,
        "EBIT": 2,
        "Net Income": -1
    },
    "2021-06-30": {
        "Diluted EPS": -0.0,
        "Total Revenue": 45,
        "Gross Profit": 35,
        "Operating Income": 0,
        "EBIT": 3,
        "Net Income": 0
    },
    "2021-03-31": {
        "Diluted EPS": 0.01,
        "Total Revenue": 40,
        "Gross Profit": 31,
        "Operating Income": 2,
        "EBIT": 3,
        "Net Income": 1
    },
    "2020-12-31": {
        "Diluted EPS": -0.02,
        "Total Revenue": 36,
        "Gross Profit": 28,
        "Operating Income": -2,
        "EBIT": 0,
        "Net Income": -2
    },
    "2020-09-30": {
        "Diluted EPS": -0.01,
        "Total Revenue": 32,
        "Gross Profit": 24,
        "Operating Income": -1,
        "EBIT": 1,
        "Net Income": -1
    },
    "2020-06-30": {
        "Diluted EPS": -0.02,
        "Total Revenue": 28,
        "Gross Profit": 21,
        "Operating Income": -2,
        "EBIT": 0,
        "Net Income": -2
    },
    "2020-03-31": {
        "Diluted EPS": -0.02,
        "Total Revenue": 28,
        "Gross Profit": 21,
        "Operating Income": -2,
        "EBIT": -1,
        "Net Income": -2
    },
    "2019-12-31": {
        "Diluted EPS": 0.0,
        "Total Revenue": NaN,
        "Gross Profit": NaN,
        "Operating Income": NaN,
        "EBIT": NaN,
        "Net Income": NaN
    },
    "2023-06-30": {
        "Tax Effect Of Unusual Items": -64890.0,
        "Tax Rate For Calcs": 0.21,
        "Normalized EBITDA": -63000.0,
        "Total Unusual Items": -309000.0,
        "Total Unusual Items Excluding Goodwill": -309000.0,
        "Net Income From Continuing Operation Net Minority Interest": -279000.0,
        "Reconciled Depreciation": 1648000.0,
        "Reconciled Cost Of Revenue": 12972000.0,
        "EBITDA": -372000.0,
        "EBIT": -2020000.0,
        "Net Interest Income": 2243000.0,
        "Interest Income": 2243000.0,
        "Normalized Income": -34890.0,
        "Net Income From Continuing And Discontinued Operation": -279000.0,
        "Total Expenses": 76713000.0,
        "Total Operating Income As Reported": -2329000.0,
        "Diluted Average Shares": 142239140.0,
        "Basic Average Shares": 142239140.0,
        "Diluted EPS": -0.001961,
        "Basic EPS": -0.001961,
        "Diluted NI Availto Com Stockholders": -279000.0,
        "Net Income Common Stockholders": -279000.0,
        "Net Income": -279000.0,
        "Minority Interests": 0.0,
        "Net Income Including Noncontrolling Interests": -279000.0,
        "Net Income Continuous Operations": -279000.0,
        "Tax Provision": 869000.0,
        "Pretax Income": 590000.0,
        "Other Income Expense": 367000.0,
        "Other Non Operating Income Expenses": 676000.0,
        "Special Income Charges": -309000.0,
        "Restructuring And Mergern Acquisition": 309000.0,
        "Gain On Sale Of Security": NaN,
        "Net Non Operating Interest Income Expense": 2243000.0,
        "Interest Income Non Operating": 2243000.0,
        "Operating Income": -2020000.0,
        "Operating Expense": 63741000.0,
        "Research And Development": 14116000.0,
        "Selling General And Administration": 49625000.0,
        "Selling And Marketing Expense": 30237000.0,
        "General And Administrative Expense": 19388000.0,
        "Other Gand A": 19388000.0,
        "Salaries And Wages": NaN,
        "Gross Profit": 61721000.0,
        "Cost Of Revenue": 12972000.0,
        "Total Revenue": 74693000.0,
        "Operating Revenue": 74693000.0
    },
    "2023-09-30": {
        "Tax Effect Of Unusual Items": -38204.245672,
        "Tax Rate For Calcs": 0.131286,
        "Normalized EBITDA": 4711000.0,
        "Total Unusual Items": -291000.0,
        "Total Unusual Items Excluding Goodwill": -291000.0,
        "Net Income From Continuing Operation Net Minority Interest": 4215000.0,
        "Reconciled Depreciation": 1672000.0,
        "Reconciled Cost Of Revenue": 13032000.0,
        "EBITDA": 4420000.0,
        "EBIT": 2748000.0,
        "Net Interest Income": NaN,
        "Interest Income": NaN,
        "Normalized Income": 4467795.754328,
        "Net Income From Continuing And Discontinued Operation": 4215000.0,
        "Total Expenses": 75970000.0,
        "Total Operating Income As Reported": 2748000.0,
        "Diluted Average Shares": 146270628.0,
        "Basic Average Shares": 142837120.0,
        "Diluted EPS": 0.03,
        "Basic EPS": 0.03,
        "Diluted NI Availto Com Stockholders": 4215000.0,
        "Net Income Common Stockholders": 4215000.0,
        "Net Income": 4215000.0,
        "Minority Interests": NaN,
        "Net Income Including Noncontrolling Interests": 4215000.0,
        "Net Income Continuous Operations": 4215000.0,
        "Tax Provision": 637000.0,
        "Pretax Income": 4852000.0,
        "Other Income Expense": 2104000.0,
        "Other Non Operating Income Expenses": 2395000.0,
        "Special Income Charges": 0.0,
        "Restructuring And Mergern Acquisition": 0.0,
        "Gain On Sale Of Security": -291000.0,
        "Net Non Operating Interest Income Expense": NaN,
        "Interest Income Non Operating": NaN,
        "Operating Income": 2748000.0,
        "Operating Expense": 62938000.0,
        "Research And Development": 14075000.0,
        "Selling General And Administration": 48863000.0,
        "Selling And Marketing Expense": 30094000.0,
        "General And Administrative Expense": 18769000.0,
        "Other Gand A": 18769000.0,
        "Salaries And Wages": 3591000.0,
        "Gross Profit": 65686000.0,
        "Cost Of Revenue": 13032000.0,
        "Total Revenue": 78718000.0,
        "Operating Revenue": 78718000.0
    },
    "2023-12-31": {
        "Tax Effect Of Unusual Items": 567006.77392,
        "Tax Rate For Calcs": 0.168501,
        "Normalized EBITDA": 1300000.0,
        "Total Unusual Items": 3365000.0,
        "Total Unusual Items Excluding Goodwill": 3365000.0,
        "Net Income From Continuing Operation Net Minority Interest": 6874000.0,
        "Reconciled Depreciation": 1983000.0,
        "Reconciled Cost Of Revenue": 13684000.0,
        "EBITDA": 4665000.0,
        "EBIT": 2682000.0,
        "Net Interest Income": NaN,
        "Interest Income": NaN,
        "Normalized Income": 4076006.77392,
        "Net Income From Continuing And Discontinued Operation": 6874000.0,
        "Total Expenses": 80712000.0,
        "Total Operating Income As Reported": 2682000.0,
        "Diluted Average Shares": 146889000.0,
        "Basic Average Shares": 143620000.0,
        "Diluted EPS": 0.05,
        "Basic EPS": 0.05,
        "Diluted NI Availto Com Stockholders": 6874000.0,
        "Net Income Common Stockholders": 6874000.0,
        "Net Income": 6874000.0,
        "Minority Interests": NaN,
        "Net Income Including Noncontrolling Interests": 6874000.0,
        "Net Income Continuous Operations": 6874000.0,
        "Tax Provision": 1393000.0,
        "Pretax Income": 8267000.0,
        "Other Income Expense": -3863000.0,
        "Other Non Operating Income Expenses": -7228000.0,
        "Special Income Charges": 0.0,
        "Restructuring And Mergern Acquisition": 0.0,
        "Gain On Sale Of Security": 3365000.0,
        "Net Non Operating Interest Income Expense": NaN,
        "Interest Income Non Operating": NaN,
        "Operating Income": 2682000.0,
        "Operating Expense": 67028000.0,
        "Research And Development": 15371000.0,
        "Selling General And Administration": 51657000.0,
        "Selling And Marketing Expense": 31044000.0,
        "General And Administrative Expense": 20613000.0,
        "Other Gand A": 20613000.0,
        "Salaries And Wages": NaN,
        "Gross Profit": 69710000.0,
        "Cost Of Revenue": 13684000.0,
        "Total Revenue": 83394000.0,
        "Operating Revenue": 83394000.0
    },
    "2024-03-31": {
        "Tax Effect Of Unusual Items": 93450.0,
        "Tax Rate For Calcs": 0.21,
        "Normalized EBITDA": 3206000.0,
        "Total Unusual Items": 445000.0,
        "Total Unusual Items Excluding Goodwill": 445000.0,
        "Net Income From Continuing Operation Net Minority Interest": 2138000.0,
        "Reconciled Depreciation": 2183000.0,
        "Reconciled Cost Of Revenue": 14645000.0,
        "EBITDA": 3651000.0,
        "EBIT": 1468000.0,
        "Net Interest Income": 2732000.0,
        "Interest Income": 2732000.0,
        "Normalized Income": 1786450.0,
        "Net Income From Continuing And Discontinued Operation": 2138000.0,
        "Total Expenses": 84344000.0,
        "Total Operating Income As Reported": 1468000.0,
        "Diluted Average Shares": 147697501.0,
        "Basic Average Shares": 144565578.0,
        "Diluted EPS": 0.01,
        "Basic EPS": 0.01,
        "Diluted NI Availto Com Stockholders": 2138000.0,
        "Net Income Common Stockholders": 2138000.0,
        "Net Income": 2138000.0,
        "Minority Interests": 135000.0,
        "Net Income Including Noncontrolling Interests": 2003000.0,
        "Net Income Continuous Operations": 2003000.0,
        "Tax Provision": 3104000.0,
        "Pretax Income": 5107000.0,
        "Other Income Expense": 907000.0,
        "Other Non Operating Income Expenses": 462000.0,
        "Special Income Charges": 0.0,
        "Restructuring And Mergern Acquisition": 0.0,
        "Gain On Sale Of Security": 445000.0,
        "Net Non Operating Interest Income Expense": 2732000.0,
        "Interest Income Non Operating": 2732000.0,
        "Operating Income": 1468000.0,
        "Operating Expense": 69699000.0,
        "Research And Development": 17304000.0,
        "Selling General And Administration": 52395000.0,
        "Selling And Marketing Expense": 33921000.0,
        "General And Administrative Expense": 18474000.0,
        "Other Gand A": 18474000.0,
        "Salaries And Wages": NaN,
        "Gross Profit": 71167000.0,
        "Cost Of Revenue": 14645000.0,
        "Total Revenue": 85812000.0,
        "Operating Revenue": 85812000.0
    },
    "2024-06-30": {
        "Tax Effect Of Unusual Items": 26880.0,
        "Tax Rate For Calcs": 0.21,
        "Normalized EBITDA": 5352000.0,
        "Total Unusual Items": 128000.0,
        "Total Unusual Items Excluding Goodwill": 128000.0,
        "Net Income From Continuing Operation Net Minority Interest": 1659000.0,
        "Reconciled Depreciation": 2086000.0,
        "Reconciled Cost Of Revenue": 14957000.0,
        "EBITDA": 5480000.0,
        "EBIT": 3394000.0,
        "Net Interest Income": 2554000.0,
        "Interest Income": 2554000.0,
        "Normalized Income": 1557880.0,
        "Net Income From Continuing And Discontinued Operation": 1659000.0,
        "Total Expenses": 87557000.0,
        "Total Operating Income As Reported": 3394000.0,
        "Diluted Average Shares": 148825311.0,
        "Basic Average Shares": 145678323.0,
        "Diluted EPS": 0.01,
        "Basic EPS": 0.01,
        "Diluted NI Availto Com Stockholders": 1659000.0,
        "Net Income Common Stockholders": 1659000.0,
        "Net Income": 1659000.0,
        "Minority Interests": 298000.0,
        "Net Income Including Noncontrolling Interests": 1361000.0,
        "Net Income Continuous Operations": 1361000.0,
        "Tax Provision": 4649000.0,
        "Pretax Income": 6010000.0,
        "Other Income Expense": 62000.0,
        "Other Non Operating Income Expenses": -66000.0,
        "Special Income Charges": 0.0,
        "Restructuring And Mergern Acquisition": 0.0,
        "Gain On Sale Of Security": 128000.0,
        "Net Non Operating Interest Income Expense": 2554000.0,
        "Interest Income Non Operating": 2554000.0,
        "Operating Income": 3394000.0,
        "Operating Expense": 72600000.0,
        "Research And Development": 19288000.0,
        "Selling General And Administration": 53312000.0,
        "Selling And Marketing Expense": 35000000.0,
        "General And Administrative Expense": 18312000.0,
        "Other Gand A": 18312000.0,
        "Salaries And Wages": NaN,
        "Gross Profit": 75994000.0,
        "Cost Of Revenue": 14957000.0,
        "Total Revenue": 90951000.0,
        "Operating Revenue": 90951000.0
    }
}