{
    "2023-03-31": {
        "Tax Effect Of Unusual Items": NaN,
        "Tax Rate For Calcs": NaN,
        "Normalized EBITDA": NaN,
        "Total Unusual Items": NaN,
        "Total Unusual Items Excluding Goodwill": NaN,
        "Net Income From Continuing Operation Net Minority Interest": NaN,
        "Reconciled Depreciation": NaN,
        "Reconciled Cost Of Revenue": NaN,
        "EBITDA": NaN,
        "EBIT": NaN,
        "Net Interest Income": NaN,
        "Interest Expense": NaN,
        "Normalized Income": NaN,
        "Net Income From Continuing And Discontinued Operation": NaN,
        "Total Expenses": NaN,
        "Total Operating Income As Reported": NaN,
        "Diluted Average Shares": NaN,
        "Basic Average Shares": NaN,
        "Diluted EPS": NaN,
        "Basic EPS": NaN,
        "Diluted NI Availto Com Stockholders": NaN,
        "Average Dilution Earnings": NaN,
        "Net Income Common Stockholders": NaN,
        "Otherunder Preferred Stock Dividend": NaN,
        "Preferred Stock Dividends": NaN,
        "Net Income": NaN,
        "Net Income Including Noncontrolling Interests": NaN,
        "Net Income Continuous Operations": NaN,
        "Tax Provision": NaN,
        "Pretax Income": NaN,
        "Other Income Expense": NaN,
        "Other Non Operating Income Expenses": NaN,
        "Special Income Charges": NaN,
        "Restructuring And Mergern Acquisition": NaN,
        "Earnings From Equity Interest": 0.0,
        "Net Non Operating Interest Income Expense": NaN,
        "Interest Expense Non Operating": NaN,
        "Operating Income": NaN,
        "Operating Expense": NaN,
        "Other Operating Expenses": NaN,
        "Selling General And Administration": NaN,
        "Gross Profit": NaN,
        "Cost Of Revenue": NaN,
        "Total Revenue": NaN,
        "Operating Revenue": NaN
    },
    "2022-12-31": {
        "Tax Effect Of Unusual Items": NaN,
        "Tax Rate For Calcs": NaN,
        "Normalized EBITDA": NaN,
        "Total Unusual Items": NaN,
        "Total Unusual Items Excluding Goodwill": NaN,
        "Net Income From Continuing Operation Net Minority Interest": NaN,
        "Reconciled Depreciation": NaN,
        "Reconciled Cost Of Revenue": NaN,
        "EBITDA": NaN,
        "EBIT": NaN,
        "Net Interest Income": NaN,
        "Interest Expense": NaN,
        "Normalized Income": NaN,
        "Net Income From Continuing And Discontinued Operation": NaN,
        "Total Expenses": NaN,
        "Total Operating Income As Reported": NaN,
        "Diluted Average Shares": 7655000.0,
        "Basic Average Shares": 7582000.0,
        "Diluted EPS": 2.74,
        "Basic EPS": 2.77,
        "Diluted NI Availto Com Stockholders": NaN,
        "Average Dilution Earnings": NaN,
        "Net Income Common Stockholders": NaN,
        "Otherunder Preferred Stock Dividend": NaN,
        "Preferred Stock Dividends": NaN,
        "Net Income": NaN,
        "Net Income Including Noncontrolling Interests": NaN,
        "Net Income Continuous Operations": NaN,
        "Tax Provision": NaN,
        "Pretax Income": NaN,
        "Other Income Expense": NaN,
        "Other Non Operating Income Expenses": NaN,
        "Special Income Charges": NaN,
        "Restructuring And Mergern Acquisition": NaN,
        "Earnings From Equity Interest": 0.0,
        "Net Non Operating Interest Income Expense": NaN,
        "Interest Expense Non Operating": NaN,
        "Operating Income": NaN,
        "Operating Expense": NaN,
        "Other Operating Expenses": NaN,
        "Selling General And Administration": NaN,
        "Gross Profit": NaN,
        "Cost Of Revenue": NaN,
        "Total Revenue": NaN,
        "Operating Revenue": NaN
    },
    "2022-09-30": {
        "Tax Effect Of Unusual Items": NaN,
        "Tax Rate For Calcs": NaN,
        "Normalized EBITDA": NaN,
        "Total Unusual Items": NaN,
        "Total Unusual Items Excluding Goodwill": NaN,
        "Net Income From Continuing Operation Net Minority Interest": NaN,
        "Reconciled Depreciation": NaN,
        "Reconciled Cost Of Revenue": NaN,
        "EBITDA": NaN,
        "EBIT": NaN,
        "Net Interest Income": NaN,
        "Interest Expense": NaN,
        "Normalized Income": NaN,
        "Net Income From Continuing And Discontinued Operation": NaN,
        "Total Expenses": NaN,
        "Total Operating Income As Reported": NaN,
        "Diluted Average Shares": 7906000.0,
        "Basic Average Shares": 7836000.0,
        "Diluted EPS": 2.03,
        "Basic EPS": 2.05,
        "Diluted NI Availto Com Stockholders": NaN,
        "Average Dilution Earnings": NaN,
        "Net Income Common Stockholders": NaN,
        "Otherunder Preferred Stock Dividend": NaN,
        "Preferred Stock Dividends": NaN,
        "Net Income": NaN,
        "Net Income Including Noncontrolling Interests": NaN,
        "Net Income Continuous Operations": NaN,
        "Tax Provision": NaN,
        "Pretax Income": NaN,
        "Other Income Expense": NaN,
        "Other Non Operating Income Expenses": NaN,
        "Special Income Charges": NaN,
        "Restructuring And Mergern Acquisition": NaN,
        "Earnings From Equity Interest": 0.0,
        "Net Non Operating Interest Income Expense": NaN,
        "Interest Expense Non Operating": NaN,
        "Operating Income": NaN,
        "Operating Expense": NaN,
        "Other Operating Expenses": NaN,
        "Selling General And Administration": NaN,
        "Gross Profit": NaN,
        "Cost Of Revenue": NaN,
        "Total Revenue": NaN,
        "Operating Revenue": NaN
    },
    "2022-06-30": {
        "Tax Effect Of Unusual Items": 0.0,
        "Tax Rate For Calcs": 0.242,
        "Normalized EBITDA": 17910000.0,
        "Total Unusual Items": NaN,
        "Total Unusual Items Excluding Goodwill": NaN,
        "Net Income From Continuing Operation Net Minority Interest": 5103000.0,
        "Reconciled Depreciation": 9788000.0,
        "Reconciled Cost Of Revenue": 242350000.0,
        "EBITDA": 17910000.0,
        "EBIT": 8122000.0,
        "Net Interest Income": -1390000.0,
        "Interest Expense": 1390000.0,
        "Normalized Income": 5103000.0,
        "Net Income From Continuing And Discontinued Operation": 5103000.0,
        "Total Expenses": 258597000.0,
        "Total Operating Income As Reported": 6596000.0,
        "Diluted Average Shares": 8227000.0,
        "Basic Average Shares": 8155000.0,
        "Diluted EPS": 0.62,
        "Basic EPS": 0.62,
        "Diluted NI Availto Com Stockholders": 5082000.0,
        "Average Dilution Earnings": 5000.0,
        "Net Income Common Stockholders": 5077000.0,
        "Otherunder Preferred Stock Dividend": 20000.0,
        "Preferred Stock Dividends": 6000.0,
        "Net Income": 5103000.0,
        "Net Income Including Noncontrolling Interests": 5103000.0,
        "Net Income Continuous Operations": 5103000.0,
        "Tax Provision": 1629000.0,
        "Pretax Income": 6732000.0,
        "Other Income Expense": 1526000.0,
        "Other Non Operating Income Expenses": 1526000.0,
        "Special Income Charges": NaN,
        "Restructuring And Mergern Acquisition": NaN,
        "Earnings From Equity Interest": 0.0,
        "Net Non Operating Interest Income Expense": -1390000.0,
        "Interest Expense Non Operating": 1390000.0,
        "Operating Income": 6596000.0,
        "Operating Expense": 16247000.0,
        "Other Operating Expenses": -1995000.0,
        "Selling General And Administration": 18242000.0,
        "Gross Profit": 22843000.0,
        "Cost Of Revenue": 242350000.0,
        "Total Revenue": 265193000.0,
        "Operating Revenue": 265193000.0
    },
    "2022-03-31": {
        "Diluted EPS": 0.24,
        "Total Revenue": 332,
        "Gross Profit": 20,
        "Operating Income": 1,
        "EBIT": 10,
        "Net Income": 2
    },
    "2021-12-31": {
        "Diluted EPS": 2.14,
        "Total Revenue": 446,
        "Gross Profit": 45,
        "Operating Income": 24,
        "EBIT": 33,
        "Net Income": 19
    },
    "2021-09-30": {
        "Diluted EPS": 1.31,
        "Total Revenue": 372,
        "Gross Profit": 43,
        "Operating Income": 22,
        "EBIT": 31,
        "Net Income": 12
    },
    "2021-06-30": {
        "Diluted EPS": 1.55,
        "Total Revenue": 235,
        "Gross Profit": 34,
        "Operating Income": 18,
        "EBIT": 26,
        "Net Income": 14
    },
    "2021-03-31": {
        "Diluted EPS": 1.61,
        "Total Revenue": 305,
        "Gross Profit": 57,
        "Operating Income": 33,
        "EBIT": 41,
        "Net Income": 15
    },
    "2020-12-31": {
        "Diluted EPS": 7.9,
        "Total Revenue": 484,
        "Gross Profit": 78,
        "Operating Income": 91,
        "EBIT": 99,
        "Net Income": 72
    },
    "2020-09-30": {
        "Diluted EPS": 1.97,
        "Total Revenue": 390,
        "Gross Profit": 49,
        "Operating Income": 28,
        "EBIT": 36,
        "Net Income": 18
    },
    "2020-06-30": {
        "Diluted EPS": 2.24,
        "Total Revenue": 288,
        "Gross Profit": 49,
        "Operating Income": 30,
        "EBIT": 38,
        "Net Income": 21
    },
    "2020-03-31": {
        "Diluted EPS": 2.24,
        "Total Revenue": 308,
        "Gross Profit": 46,
        "Operating Income": 27,
        "EBIT": 35,
        "Net Income": 21
    },
    "2019-12-31": {
        "Diluted EPS": 2.73,
        "Total Revenue": 393,
        "Gross Profit": 52,
        "Operating Income": 33,
        "EBIT": 41,
        "Net Income": 25
    },
    "2019-09-30": {
        "Diluted EPS": 0.49,
        "Total Revenue": 370,
        "Gross Profit": 24,
        "Operating Income": 7,
        "EBIT": 15,
        "Net Income": 5
    },
    "2019-06-30": {
        "Diluted EPS": 0.12,
        "Total Revenue": 265,
        "Gross Profit": 19,
        "Operating Income": 3,
        "EBIT": 10,
        "Net Income": 1
    },
    "2019-03-31": {
        "Diluted EPS": -0.86,
        "Total Revenue": 263,
        "Gross Profit": 14,
        "Operating Income": -10,
        "EBIT": -2,
        "Net Income": -9
    },
    "2018-12-31": {
        "Diluted EPS": 1.43,
        "Total Revenue": 372,
        "Gross Profit": -2,
        "Operating Income": -24,
        "EBIT": -16,
        "Net Income": 14
    },
    "2018-09-30": {
        "Diluted EPS": 0.92,
        "Total Revenue": 321,
        "Gross Profit": 11,
        "Operating Income": -5,
        "EBIT": 3,
        "Net Income": 9
    },
    "2018-06-30": {
        "Diluted EPS": -0.9,
        "Total Revenue": 244,
        "Gross Profit": 17,
        "Operating Income": 0,
        "EBIT": 8,
        "Net Income": -9
    },
    "2018-03-31": {
        "Diluted EPS": -1.45,
        "Total Revenue": 200,
        "Gross Profit": 16,
        "Operating Income": 2,
        "EBIT": 11,
        "Net Income": -14
    },
    "2017-12-31": {
        "Diluted EPS": 0.78,
        "Total Revenue": 355,
        "Gross Profit": 29,
        "Operating Income": 9,
        "EBIT": 17,
        "Net Income": 8
    },
    "2017-09-30": {
        "Diluted EPS": -0.11,
        "Total Revenue": 328,
        "Gross Profit": 22,
        "Operating Income": 4,
        "EBIT": 11,
        "Net Income": -1
    },
    "2017-06-30": {
        "Diluted EPS": -0.09,
        "Total Revenue": 281,
        "Gross Profit": 14,
        "Operating Income": -1,
        "EBIT": 7,
        "Net Income": -1
    },
    "2017-03-31": {
        "Diluted EPS": 0.14,
        "Total Revenue": 300,
        "Gross Profit": 23,
        "Operating Income": 7,
        "EBIT": 13,
        "Net Income": 1
    },
    "2016-12-31": {
        "Diluted EPS": 0.78,
        "Total Revenue": 357,
        "Gross Profit": 38,
        "Operating Income": 14,
        "EBIT": 21,
        "Net Income": 8
    },
    "2016-09-30": {
        "Diluted EPS": 0.69,
        "Total Revenue": 353,
        "Gross Profit": 31,
        "Operating Income": 12,
        "EBIT": 18,
        "Net Income": 7
    },
    "2016-06-30": {
        "Diluted EPS": -0.01,
        "Total Revenue": 253,
        "Gross Profit": 20,
        "Operating Income": 2,
        "EBIT": 8,
        "Net Income": 0
    },
    "2016-03-31": {
        "Diluted EPS": 1.57,
        "Total Revenue": 308,
        "Gross Profit": 47,
        "Operating Income": 25,
        "EBIT": 31,
        "Net Income": 16
    },
    "2015-12-31": {
        "Diluted EPS": 3.1,
        "Total Revenue": 432,
        "Gross Profit": 53,
        "Operating Income": 48,
        "EBIT": 54,
        "Net Income": 31
    },
    "2015-09-30": {
        "Diluted EPS": 0.65,
        "Total Revenue": 313,
        "Gross Profit": 29,
        "Operating Income": 12,
        "EBIT": 17,
        "Net Income": 6
    },
    "2015-06-30": {
        "Diluted EPS": 0.29,
        "Total Revenue": 226,
        "Gross Profit": 21,
        "Operating Income": 6,
        "EBIT": 12,
        "Net Income": 3
    },
    "2015-03-31": {
        "Diluted EPS": 0.25,
        "Total Revenue": 278,
        "Gross Profit": 24,
        "Operating Income": 7,
        "EBIT": 13,
        "Net Income": 3
    },
    "2014-12-31": {
        "Diluted EPS": 0.71,
        "Total Revenue": 456,
        "Gross Profit": 26,
        "Operating Income": 11,
        "EBIT": 17,
        "Net Income": 8
    },
    "2014-09-30": {
        "Diluted EPS": -0.05,
        "Total Revenue": 312,
        "Gross Profit": 17,
        "Operating Income": 1,
        "EBIT": 6,
        "Net Income": -1
    },
    "2014-06-30": {
        "Diluted EPS": -0.01,
        "Total Revenue": 240,
        "Gross Profit": 17,
        "Operating Income": 1,
        "EBIT": 7,
        "Net Income": 0
    },
    "2014-03-31": {
        "Diluted EPS": -0.09,
        "Total Revenue": 294,
        "Gross Profit": 19,
        "Operating Income": 4,
        "EBIT": 10,
        "Net Income": -1
    },
    "2013-12-31": {
        "Diluted EPS": 0.61,
        "Total Revenue": 478,
        "Gross Profit": 31,
        "Operating Income": 11,
        "EBIT": 16,
        "Net Income": 7
    },
    "2013-09-30": {
        "Diluted EPS": 0.59,
        "Total Revenue": 337,
        "Gross Profit": 22,
        "Operating Income": 7,
        "EBIT": 13,
        "Net Income": 6
    },
    "2013-06-30": {
        "Diluted EPS": 0.12,
        "Total Revenue": 232,
        "Gross Profit": 20,
        "Operating Income": 4,
        "EBIT": 10,
        "Net Income": 1
    },
    "2013-03-31": {
        "Diluted EPS": 0.36,
        "Total Revenue": 275,
        "Gross Profit": 26,
        "Operating Income": 8,
        "EBIT": 14,
        "Net Income": 4
    },
    "2012-12-31": {
        "Diluted EPS": 1.32,
        "Total Revenue": 453,
        "Gross Profit": 45,
        "Operating Income": 24,
        "EBIT": 30,
        "Net Income": 14
    },
    "2012-09-30": {
        "Diluted EPS": 1.22,
        "Total Revenue": 318,
        "Gross Profit": 41,
        "Operating Income": 25,
        "EBIT": 31,
        "Net Income": 14
    },
    "2012-06-30": {
        "Diluted EPS": 0.67,
        "Total Revenue": 231,
        "Gross Profit": 29,
        "Operating Income": 14,
        "EBIT": 20,
        "Net Income": 8
    },
    "2012-03-31": {
        "Diluted EPS": -0.18,
        "Total Revenue": 270,
        "Gross Profit": 16,
        "Operating Income": -2,
        "EBIT": 4,
        "Net Income": -2
    },
    "2011-12-31": {
        "Diluted EPS": 1.52,
        "Total Revenue": 447,
        "Gross Profit": 50,
        "Operating Income": 32,
        "EBIT": 37,
        "Net Income": 18
    },
    "2011-09-30": {
        "Diluted EPS": 0.24,
        "Total Revenue": 283,
        "Gross Profit": 21,
        "Operating Income": 6,
        "EBIT": 12,
        "Net Income": 3
    },
    "2011-06-30": {
        "Diluted EPS": -0.66,
        "Total Revenue": 258,
        "Gross Profit": 6,
        "Operating Income": -10,
        "EBIT": -5,
        "Net Income": -8
    },
    "2011-03-31": {
        "Diluted EPS": -0.15,
        "Total Revenue": 248,
        "Gross Profit": 14,
        "Operating Income": -1,
        "EBIT": 5,
        "Net Income": -2
    },
    "2010-12-31": {
        "Diluted EPS": 0.94,
        "Total Revenue": 446,
        "Gross Profit": 35,
        "Operating Income": 19,
        "EBIT": 25,
        "Net Income": 11
    },
    "2010-09-30": {
        "Diluted EPS": 0.23,
        "Total Revenue": 275,
        "Gross Profit": 19,
        "Operating Income": 4,
        "EBIT": 10,
        "Net Income": 3
    },
    "2010-06-30": {
        "Diluted EPS": 0.43,
        "Total Revenue": 220,
        "Gross Profit": 25,
        "Operating Income": 10,
        "EBIT": 16,
        "Net Income": 5
    },
    "2010-03-31": {
        "Diluted EPS": 0.51,
        "Total Revenue": 279,
        "Gross Profit": 27,
        "Operating Income": 11,
        "EBIT": 17,
        "Net Income": 5
    },
    "2009-12-31": {
        "Diluted EPS": 1.52,
        "Total Revenue": 447,
        "Gross Profit": 49,
        "Operating Income": 32,
        "EBIT": 38,
        "Net Income": 16
    },
    "2009-09-30": {
        "Diluted EPS": 1.02,
        "Total Revenue": 323,
        "Gross Profit": 39,
        "Operating Income": 22,
        "EBIT": 28,
        "Net Income": 11
    },
    "2009-06-30": {
        "Diluted EPS": 0.91,
        "Total Revenue": 231,
        "Gross Profit": 36,
        "Operating Income": 19,
        "EBIT": 25,
        "Net Income": 7
    },
    "2009-03-31": {
        "Diluted EPS": 0.21,
        "Total Revenue": 285,
        "Gross Profit": 26,
        "Operating Income": 9,
        "EBIT": 15,
        "Net Income": 2
    },
    "2023-06-30": {
        "Tax Effect Of Unusual Items": NaN,
        "Tax Rate For Calcs": NaN,
        "Normalized EBITDA": NaN,
        "Total Unusual Items": NaN,
        "Total Unusual Items Excluding Goodwill": NaN,
        "Net Income From Continuing Operation Net Minority Interest": NaN,
        "Reconciled Depreciation": NaN,
        "Reconciled Cost Of Revenue": NaN,
        "EBITDA": NaN,
        "EBIT": NaN,
        "Net Interest Income": NaN,
        "Interest Expense": NaN,
        "Normalized Income": NaN,
        "Net Income From Continuing And Discontinued Operation": NaN,
        "Total Expenses": NaN,
        "Total Operating Income As Reported": NaN,
        "Diluted Average Shares": 7663000.0,
        "Basic Average Shares": 7596000.0,
        "Diluted EPS": 3.01,
        "Basic EPS": 3.04,
        "Diluted NI Availto Com Stockholders": NaN,
        "Average Dilution Earnings": NaN,
        "Net Income Common Stockholders": NaN,
        "Otherunder Preferred Stock Dividend": NaN,
        "Preferred Stock Dividends": 6000.0,
        "Net Income": NaN,
        "Net Income Including Noncontrolling Interests": NaN,
        "Net Income Continuous Operations": NaN,
        "Tax Provision": NaN,
        "Pretax Income": NaN,
        "Other Income Expense": NaN,
        "Other Non Operating Income Expenses": NaN,
        "Special Income Charges": NaN,
        "Restructuring And Mergern Acquisition": NaN,
        "Net Non Operating Interest Income Expense": NaN,
        "Interest Expense Non Operating": NaN,
        "Operating Income": NaN,
        "Operating Expense": NaN,
        "Other Operating Expenses": NaN,
        "Selling General And Administration": NaN,
        "Gross Profit": NaN,
        "Cost Of Revenue": NaN,
        "Total Revenue": NaN,
        "Operating Revenue": NaN
    },
    "2023-09-30": {
        "Tax Effect Of Unusual Items": NaN,
        "Tax Rate For Calcs": NaN,
        "Normalized EBITDA": NaN,
        "Total Unusual Items": NaN,
        "Total Unusual Items Excluding Goodwill": NaN,
        "Net Income From Continuing Operation Net Minority Interest": NaN,
        "Reconciled Depreciation": NaN,
        "Reconciled Cost Of Revenue": NaN,
        "EBITDA": NaN,
        "EBIT": NaN,
        "Net Interest Income": NaN,
        "Interest Expense": NaN,
        "Normalized Income": NaN,
        "Net Income From Continuing And Discontinued Operation": NaN,
        "Total Expenses": NaN,
        "Total Operating Income As Reported": NaN,
        "Diluted Average Shares": 7512000.0,
        "Basic Average Shares": 7445000.0,
        "Diluted EPS": 3.29,
        "Basic EPS": 3.32,
        "Diluted NI Availto Com Stockholders": NaN,
        "Average Dilution Earnings": NaN,
        "Net Income Common Stockholders": NaN,
        "Otherunder Preferred Stock Dividend": NaN,
        "Preferred Stock Dividends": 6000.0,
        "Net Income": NaN,
        "Net Income Including Noncontrolling Interests": NaN,
        "Net Income Continuous Operations": NaN,
        "Tax Provision": NaN,
        "Pretax Income": NaN,
        "Other Income Expense": NaN,
        "Other Non Operating Income Expenses": NaN,
        "Special Income Charges": NaN,
        "Restructuring And Mergern Acquisition": NaN,
        "Net Non Operating Interest Income Expense": NaN,
        "Interest Expense Non Operating": NaN,
        "Operating Income": NaN,
        "Operating Expense": NaN,
        "Other Operating Expenses": NaN,
        "Selling General And Administration": NaN,
        "Gross Profit": NaN,
        "Cost Of Revenue": NaN,
        "Total Revenue": NaN,
        "Operating Revenue": NaN
    },
    "2023-12-31": {
        "Tax Effect Of Unusual Items": 10000.775896,
        "Tax Rate For Calcs": 0.238114,
        "Normalized EBITDA": 43500000.0,
        "Total Unusual Items": 42000.0,
        "Total Unusual Items Excluding Goodwill": 42000.0,
        "Net Income From Continuing Operation Net Minority Interest": 17675000.0,
        "Reconciled Depreciation": 10955000.0,
        "Reconciled Cost Of Revenue": 390448000.0,
        "EBITDA": 43542000.0,
        "EBIT": 32587000.0,
        "Net Interest Income": -9388000.0,
        "Interest Expense": 9388000.0,
        "Normalized Income": 17643000.775896,
        "Net Income From Continuing And Discontinued Operation": 17675000.0,
        "Total Expenses": 413761000.0,
        "Total Operating Income As Reported": 30762000.0,
        "Diluted Average Shares": 7198000.0,
        "Basic Average Shares": 7131000.0,
        "Diluted EPS": 2.45,
        "Basic EPS": 2.47,
        "Diluted NI Availto Com Stockholders": 17653000.0,
        "Average Dilution Earnings": 5000.0,
        "Net Income Common Stockholders": 17648000.0,
        "Otherunder Preferred Stock Dividend": 21000.0,
        "Preferred Stock Dividends": 6000.0,
        "Net Income": 17675000.0,
        "Net Income Including Noncontrolling Interests": 17675000.0,
        "Net Income Continuous Operations": 17675000.0,
        "Tax Provision": 5524000.0,
        "Pretax Income": 23199000.0,
        "Other Income Expense": 1867000.0,
        "Other Non Operating Income Expenses": 1825000.0,
        "Special Income Charges": 42000.0,
        "Restructuring And Mergern Acquisition": -42000.0,
        "Net Non Operating Interest Income Expense": -9388000.0,
        "Interest Expense Non Operating": 9388000.0,
        "Operating Income": 30720000.0,
        "Operating Expense": 23313000.0,
        "Other Operating Expenses": 392000.0,
        "Selling General And Administration": 22921000.0,
        "Gross Profit": 54033000.0,
        "Cost Of Revenue": 390448000.0,
        "Total Revenue": 444481000.0,
        "Operating Revenue": 444481000.0
    },
    "2024-03-31": {
        "Tax Effect Of Unusual Items": -82797.235023,
        "Tax Rate For Calcs": 0.260369,
        "Normalized EBITDA": 14261000.0,
        "Total Unusual Items": -318000.0,
        "Total Unusual Items Excluding Goodwill": -318000.0,
        "Net Income From Continuing Operation Net Minority Interest": -2247000.0,
        "Reconciled Depreciation": 5408000.0,
        "Reconciled Cost Of Revenue": 287205000.0,
        "EBITDA": 13943000.0,
        "EBIT": 8535000.0,
        "Net Interest Income": -10874000.0,
        "Interest Expense": 11573000.0,
        "Normalized Income": -2011797.235023,
        "Net Income From Continuing And Discontinued Operation": -2247000.0,
        "Total Expenses": 305117000.0,
        "Total Operating Income As Reported": 2548000.0,
        "Diluted Average Shares": NaN,
        "Basic Average Shares": NaN,
        "Diluted EPS": NaN,
        "Basic EPS": NaN,
        "Diluted NI Availto Com Stockholders": -2247000.0,
        "Average Dilution Earnings": 5000.0,
        "Net Income Common Stockholders": -2252000.0,
        "Otherunder Preferred Stock Dividend": -1000.0,
        "Preferred Stock Dividends": 6000.0,
        "Net Income": -2247000.0,
        "Net Income Including Noncontrolling Interests": -2247000.0,
        "Net Income Continuous Operations": -2247000.0,
        "Tax Provision": -791000.0,
        "Pretax Income": -3038000.0,
        "Other Income Expense": 4970000.0,
        "Other Non Operating Income Expenses": 5288000.0,
        "Special Income Charges": -318000.0,
        "Restructuring And Mergern Acquisition": 318000.0,
        "Net Non Operating Interest Income Expense": -10874000.0,
        "Interest Expense Non Operating": 11573000.0,
        "Operating Income": 2866000.0,
        "Operating Expense": 17912000.0,
        "Other Operating Expenses": 504000.0,
        "Selling General And Administration": 17408000.0,
        "Gross Profit": 20778000.0,
        "Cost Of Revenue": 287205000.0,
        "Total Revenue": 307983000.0,
        "Operating Revenue": 307983000.0
    },
    "2024-06-30": {
        "Tax Effect Of Unusual Items": -45668.0,
        "Tax Rate For Calcs": 0.233,
        "Normalized EBITDA": 37861000.0,
        "Total Unusual Items": -196000.0,
        "Total Unusual Items Excluding Goodwill": -196000.0,
        "Net Income From Continuing Operation Net Minority Interest": 12661000.0,
        "Reconciled Depreciation": 10819000.0,
        "Reconciled Cost Of Revenue": 262036000.0,
        "EBITDA": 37665000.0,
        "EBIT": 26846000.0,
        "Net Interest Income": -10345000.0,
        "Interest Expense": 10345000.0,
        "Normalized Income": 12811332.0,
        "Net Income From Continuing And Discontinued Operation": 12661000.0,
        "Total Expenses": 279088000.0,
        "Total Operating Income As Reported": 25443000.0,
        "Diluted Average Shares": 7029000.0,
        "Basic Average Shares": 6962000.0,
        "Diluted EPS": 1.8,
        "Basic EPS": 1.82,
        "Diluted NI Availto Com Stockholders": 12645000.0,
        "Average Dilution Earnings": 5000.0,
        "Net Income Common Stockholders": 12640000.0,
        "Otherunder Preferred Stock Dividend": 15000.0,
        "Preferred Stock Dividends": 6000.0,
        "Net Income": 12661000.0,
        "Net Income Including Noncontrolling Interests": 12661000.0,
        "Net Income Continuous Operations": 12661000.0,
        "Tax Provision": 3840000.0,
        "Pretax Income": 16501000.0,
        "Other Income Expense": 1207000.0,
        "Other Non Operating Income Expenses": 1403000.0,
        "Special Income Charges": -196000.0,
        "Restructuring And Mergern Acquisition": 196000.0,
        "Net Non Operating Interest Income Expense": -10345000.0,
        "Interest Expense Non Operating": 10345000.0,
        "Operating Income": 25639000.0,
        "Operating Expense": 17052000.0,
        "Other Operating Expenses": -428000.0,
        "Selling General And Administration": 17480000.0,
        "Gross Profit": 42691000.0,
        "Cost Of Revenue": 262036000.0,
        "Total Revenue": 304727000.0,
        "Operating Revenue": 304727000.0
    },
    "2024-09-30": {
        "Tax Effect Of Unusual Items": -39705.882353,
        "Tax Rate For Calcs": 0.220588,
        "Normalized EBITDA": 37472000.0,
        "Total Unusual Items": -180000.0,
        "Total Unusual Items Excluding Goodwill": -180000.0,
        "Net Income From Continuing Operation Net Minority Interest": 13303000.0,
        "Reconciled Depreciation": 11211000.0,
        "Reconciled Cost Of Revenue": 382594000.0,
        "EBITDA": 37292000.0,
        "EBIT": 26081000.0,
        "Net Interest Income": -9013000.0,
        "Interest Expense": 9013000.0,
        "Normalized Income": 13443294.117647,
        "Net Income From Continuing And Discontinued Operation": 13303000.0,
        "Total Expenses": 400606000.0,
        "Total Operating Income As Reported": 24679000.0,
        "Diluted Average Shares": 6982000.0,
        "Basic Average Shares": 6915000.0,
        "Diluted EPS": 1.9,
        "Basic EPS": 1.92,
        "Diluted NI Availto Com Stockholders": 13292000.0,
        "Average Dilution Earnings": 5000.0,
        "Net Income Common Stockholders": 13287000.0,
        "Otherunder Preferred Stock Dividend": 16000.0,
        "Preferred Stock Dividends": NaN,
        "Net Income": 13303000.0,
        "Net Income Including Noncontrolling Interests": 13303000.0,
        "Net Income Continuous Operations": 13303000.0,
        "Tax Provision": 3765000.0,
        "Pretax Income": 17068000.0,
        "Other Income Expense": 1222000.0,
        "Other Non Operating Income Expenses": 1402000.0,
        "Special Income Charges": -180000.0,
        "Restructuring And Mergern Acquisition": 180000.0,
        "Net Non Operating Interest Income Expense": -9013000.0,
        "Interest Expense Non Operating": 9013000.0,
        "Operating Income": 24859000.0,
        "Operating Expense": 18012000.0,
        "Other Operating Expenses": -56000.0,
        "Selling General And Administration": 18068000.0,
        "Gross Profit": 42871000.0,
        "Cost Of Revenue": 382594000.0,
        "Total Revenue": 425465000.0,
        "Operating Revenue": 425465000.0
    },
    "2024-12-31": {
        "Tax Effect Of Unusual Items": 13813.985942,
        "Tax Rate For Calcs": 0.242351,
        "Normalized EBITDA": 38658000.0,
        "Total Unusual Items": 57000.0,
        "Total Unusual Items Excluding Goodwill": 57000.0,
        "Net Income From Continuing Operation Net Minority Interest": 14659000.0,
        "Reconciled Depreciation": 11526000.0,
        "Reconciled Cost Of Revenue": 453746000.0,
        "EBITDA": 38715000.0,
        "EBIT": 27189000.0,
        "Net Interest Income": -7841000.0,
        "Interest Expense": 7841000.0,
        "Normalized Income": 14615813.985942,
        "Net Income From Continuing And Discontinued Operation": 14659000.0,
        "Total Expenses": 477253000.0,
        "Total Operating Income As Reported": 25660000.0,
        "Diluted Average Shares": 6954000.0,
        "Basic Average Shares": 6887000.0,
        "Diluted EPS": 2.1,
        "Basic EPS": 2.12,
        "Diluted NI Availto Com Stockholders": 14636000.0,
        "Average Dilution Earnings": 5000.0,
        "Net Income Common Stockholders": 14631000.0,
        "Otherunder Preferred Stock Dividend": 17000.0,
        "Preferred Stock Dividends": 11000.0,
        "Net Income": 14659000.0,
        "Net Income Including Noncontrolling Interests": 14659000.0,
        "Net Income Continuous Operations": 14659000.0,
        "Tax Provision": 4689000.0,
        "Pretax Income": 19348000.0,
        "Other Income Expense": 1586000.0,
        "Other Non Operating Income Expenses": 1529000.0,
        "Special Income Charges": 57000.0,
        "Restructuring And Mergern Acquisition": -57000.0,
        "Net Non Operating Interest Income Expense": -7841000.0,
        "Interest Expense Non Operating": 7841000.0,
        "Operating Income": 25603000.0,
        "Operating Expense": 23507000.0,
        "Other Operating Expenses": 841000.0,
        "Selling General And Administration": 22666000.0,
        "Gross Profit": 49110000.0,
        "Cost Of Revenue": 453746000.0,
        "Total Revenue": 502856000.0,
        "Operating Revenue": 502856000.0
    }
}