{
    "2023-06-30": {
        "Tax Effect Of Unusual Items": 0.0,
        "Tax Rate For Calcs": 0.1738,
        "Net Income From Continuing Operation Net Minority Interest": 53468000.0,
        "Reconciled Depreciation": 1071000.0,
        "Net Interest Income": 101251000.0,
        "Interest Expense": 88405000.0,
        "Interest Income": 189656000.0,
        "Normalized Income": 53468000.0,
        "Net Income From Continuing And Discontinued Operation": 53468000.0,
        "Diluted Average Shares": 54527551.0,
        "Basic Average Shares": 54527551.0,
        "Diluted EPS": 0.98,
        "Basic EPS": 0.98,
        "Diluted NI Availto Com Stockholders": 53437000.0,
        "Net Income Common Stockholders": 53437000.0,
        "Preferred Stock Dividends": 31000.0,
        "Net Income": 53468000.0,
        "Net Income Including Noncontrolling Interests": 53468000.0,
        "Net Income Continuous Operations": 53468000.0,
        "Tax Provision": 11245000.0,
        "Pretax Income": 64713000.0,
        "Gain On Sale Of Security": 0.0,
        "Selling General And Administration": 21037000.0,
        "General And Administrative Expense": 21037000.0,
        "Insurance And Claims": 2242000.0,
        "Salaries And Wages": 18795000.0,
        "Total Revenue": 109833000.0,
        "Operating Revenue": 109833000.0
    },
    "2023-03-31": {
        "Tax Effect Of Unusual Items": 0.0,
        "Tax Rate For Calcs": 0.1807,
        "Net Income From Continuing Operation Net Minority Interest": 57971000.0,
        "Reconciled Depreciation": 1071000.0,
        "Net Interest Income": 108301000.0,
        "Interest Expense": 73021000.0,
        "Interest Income": 181322000.0,
        "Normalized Income": 57971000.0,
        "Net Income From Continuing And Discontinued Operation": 57971000.0,
        "Diluted Average Shares": 54534482.0,
        "Basic Average Shares": 54178505.0,
        "Diluted EPS": 1.06,
        "Basic EPS": 1.07,
        "Diluted NI Availto Com Stockholders": 57971000.0,
        "Net Income Common Stockholders": 57971000.0,
        "Preferred Stock Dividends": NaN,
        "Net Income": 57971000.0,
        "Net Income Including Noncontrolling Interests": 57971000.0,
        "Net Income Continuous Operations": 57971000.0,
        "Tax Provision": 12790000.0,
        "Pretax Income": 70761000.0,
        "Gain On Sale Of Security": 0.0,
        "Selling General And Administration": 20583000.0,
        "General And Administrative Expense": 20583000.0,
        "Insurance And Claims": 1517000.0,
        "Salaries And Wages": 19066000.0,
        "Total Revenue": 114622000.0,
        "Operating Revenue": 114622000.0
    },
    "2022-12-31": {
        "Tax Effect Of Unusual Items": 0.0,
        "Tax Rate For Calcs": 0.1949,
        "Net Income From Continuing Operation Net Minority Interest": 67724000.0,
        "Reconciled Depreciation": 945000.0,
        "Net Interest Income": 122384000.0,
        "Interest Expense": 47889000.0,
        "Interest Income": 170273000.0,
        "Normalized Income": 67724000.0,
        "Net Income From Continuing And Discontinued Operation": 67724000.0,
        "Diluted Average Shares": 54537685.0,
        "Basic Average Shares": 54154400.0,
        "Diluted EPS": 1.24,
        "Basic EPS": 1.25,
        "Diluted NI Availto Com Stockholders": 67693000.0,
        "Net Income Common Stockholders": 67693000.0,
        "Preferred Stock Dividends": 31000.0,
        "Net Income": 67724000.0,
        "Net Income Including Noncontrolling Interests": 67724000.0,
        "Net Income Continuous Operations": 67724000.0,
        "Tax Provision": 16399000.0,
        "Pretax Income": 84123000.0,
        "Gain On Sale Of Security": 0.0,
        "Selling General And Administration": 20541000.0,
        "General And Administrative Expense": 20541000.0,
        "Insurance And Claims": 1311000.0,
        "Salaries And Wages": 19230000.0,
        "Total Revenue": 129350000.0,
        "Operating Revenue": 129350000.0
    },
    "2022-09-30": {
        "Tax Effect Of Unusual Items": 0.0,
        "Tax Rate For Calcs": 0.1692,
        "Net Income From Continuing Operation Net Minority Interest": 64031000.0,
        "Reconciled Depreciation": 1057000.0,
        "Net Interest Income": 126418000.0,
        "Interest Expense": 22881000.0,
        "Interest Income": 149299000.0,
        "Normalized Income": 64031000.0,
        "Net Income From Continuing And Discontinued Operation": 64031000.0,
        "Diluted Average Shares": 54546682.0,
        "Basic Average Shares": 54315671.0,
        "Diluted EPS": 1.17,
        "Basic EPS": 1.18,
        "Diluted NI Availto Com Stockholders": 64031000.0,
        "Net Income Common Stockholders": 64031000.0,
        "Preferred Stock Dividends": NaN,
        "Net Income": 64031000.0,
        "Net Income Including Noncontrolling Interests": 64031000.0,
        "Net Income Continuous Operations": 64031000.0,
        "Tax Provision": 13038000.0,
        "Pretax Income": 77069000.0,
        "Gain On Sale Of Security": 0.0,
        "Selling General And Administration": 20662000.0,
        "General And Administrative Expense": 20662000.0,
        "Other Gand A": 7213000.0,
        "Insurance And Claims": 975000.0,
        "Salaries And Wages": 19687000.0,
        "Total Revenue": 135357000.0,
        "Operating Revenue": 135357000.0
    },
    "2022-06-30": {
        "Tax Effect Of Unusual Items": 0.0,
        "Tax Rate For Calcs": 0.1883,
        "Net Income From Continuing Operation Net Minority Interest": 62136000.0,
        "Reconciled Depreciation": 1040000.0,
        "Net Interest Income": 116368000.0,
        "Interest Expense": 10187000.0,
        "Interest Income": 126555000.0,
        "Normalized Income": 62136000.0,
        "Net Income From Continuing And Discontinued Operation": 62136000.0,
        "Diluted Average Shares": 54532385.0,
        "Basic Average Shares": 54295789.0,
        "Diluted EPS": 1.14,
        "Basic EPS": 1.14,
        "Diluted NI Availto Com Stockholders": 62105000.0,
        "Net Income Common Stockholders": 62105000.0,
        "Preferred Stock Dividends": 31000.0,
        "Net Income": 62136000.0,
        "Net Income Including Noncontrolling Interests": 62136000.0,
        "Net Income Continuous Operations": 62136000.0,
        "Tax Provision": 14410000.0,
        "Pretax Income": 76546000.0,
        "Gain On Sale Of Security": -2833000.0,
        "Selling General And Administration": 21881000.0,
        "General And Administrative Expense": 21881000.0,
        "Other Gand A": 6345000.0,
        "Insurance And Claims": 1147000.0,
        "Salaries And Wages": 20734000.0,
        "Total Revenue": 125874000.0,
        "Operating Revenue": 125874000.0
    },
    "2022-03-31": {
        "Diluted EPS": 1.06,
        "Total Revenue": 121,
        "Gross Profit": 114,
        "Operating Income": 71,
        "EBIT": NaN,
        "Net Income": 58
    },
    "2021-12-31": {
        "Diluted EPS": 0.99,
        "Total Revenue": 116,
        "Gross Profit": 109,
        "Operating Income": 62,
        "EBIT": NaN,
        "Net Income": 54
    },
    "2021-09-30": {
        "Diluted EPS": 0.96,
        "Total Revenue": 112,
        "Gross Profit": 104,
        "Operating Income": 64,
        "EBIT": NaN,
        "Net Income": 52
    },
    "2021-06-30": {
        "Diluted EPS": 0.92,
        "Total Revenue": 112,
        "Gross Profit": 104,
        "Operating Income": 63,
        "EBIT": NaN,
        "Net Income": 50
    },
    "2021-03-31": {
        "Diluted EPS": 0.95,
        "Total Revenue": 109,
        "Gross Profit": 101,
        "Operating Income": 64,
        "EBIT": NaN,
        "Net Income": 51
    },
    "2020-12-31": {
        "Diluted EPS": 0.94,
        "Total Revenue": 109,
        "Gross Profit": 100,
        "Operating Income": 66,
        "EBIT": NaN,
        "Net Income": 51
    },
    "2020-09-30": {
        "Diluted EPS": 0.8,
        "Total Revenue": 104,
        "Gross Profit": 93,
        "Operating Income": 54,
        "EBIT": NaN,
        "Net Income": 43
    },
    "2020-06-30": {
        "Diluted EPS": 0.75,
        "Total Revenue": 102,
        "Gross Profit": 90,
        "Operating Income": 51,
        "EBIT": NaN,
        "Net Income": 40
    },
    "2020-03-31": {
        "Diluted EPS": 0.64,
        "Total Revenue": 103,
        "Gross Profit": 84,
        "Operating Income": 43,
        "EBIT": NaN,
        "Net Income": 35
    },
    "2019-12-31": {
        "Diluted EPS": 0.76,
        "Total Revenue": 105,
        "Gross Profit": 83,
        "Operating Income": 51,
        "EBIT": NaN,
        "Net Income": 41
    },
    "2019-09-30": {
        "Diluted EPS": 0.69,
        "Total Revenue": 107,
        "Gross Profit": 79,
        "Operating Income": 47,
        "EBIT": NaN,
        "Net Income": 38
    },
    "2019-06-30": {
        "Diluted EPS": 0.66,
        "Total Revenue": 104,
        "Gross Profit": 76,
        "Operating Income": 45,
        "EBIT": NaN,
        "Net Income": 36
    },
    "2019-03-31": {
        "Diluted EPS": 0.65,
        "Total Revenue": 99,
        "Gross Profit": 74,
        "Operating Income": 44,
        "EBIT": NaN,
        "Net Income": 35
    },
    "2018-12-31": {
        "Diluted EPS": 0.67,
        "Total Revenue": 95,
        "Gross Profit": 74,
        "Operating Income": 45,
        "EBIT": NaN,
        "Net Income": 36
    },
    "2018-09-30": {
        "Diluted EPS": 0.64,
        "Total Revenue": 89,
        "Gross Profit": 72,
        "Operating Income": 43,
        "EBIT": NaN,
        "Net Income": 35
    },
    "2018-06-30": {
        "Diluted EPS": 0.62,
        "Total Revenue": 83,
        "Gross Profit": 69,
        "Operating Income": 42,
        "EBIT": NaN,
        "Net Income": 34
    },
    "2018-03-31": {
        "Diluted EPS": 0.6,
        "Total Revenue": 78,
        "Gross Profit": 67,
        "Operating Income": 40,
        "EBIT": NaN,
        "Net Income": 33
    },
    "2017-12-31": {
        "Diluted EPS": 0.38,
        "Total Revenue": 75,
        "Gross Profit": 65,
        "Operating Income": 36,
        "EBIT": NaN,
        "Net Income": 21
    },
    "2017-09-30": {
        "Diluted EPS": 0.47,
        "Total Revenue": 72,
        "Gross Profit": 63,
        "Operating Income": 37,
        "EBIT": NaN,
        "Net Income": 25
    },
    "2017-06-30": {
        "Diluted EPS": 0.45,
        "Total Revenue": 68,
        "Gross Profit": 60,
        "Operating Income": 34,
        "EBIT": NaN,
        "Net Income": 24
    },
    "2017-03-31": {
        "Diluted EPS": 0.42,
        "Total Revenue": 64,
        "Gross Profit": 57,
        "Operating Income": 30,
        "EBIT": NaN,
        "Net Income": 23
    },
    "2016-12-31": {
        "Diluted EPS": 0.39,
        "Total Revenue": 61,
        "Gross Profit": 54,
        "Operating Income": 29,
        "EBIT": NaN,
        "Net Income": 22
    },
    "2016-09-30": {
        "Diluted EPS": 0.39,
        "Total Revenue": 59,
        "Gross Profit": 53,
        "Operating Income": 29,
        "EBIT": NaN,
        "Net Income": 21
    },
    "2016-06-30": {
        "Diluted EPS": 0.36,
        "Total Revenue": 56,
        "Gross Profit": 50,
        "Operating Income": 26,
        "EBIT": NaN,
        "Net Income": 19
    },
    "2016-03-31": {
        "Diluted EPS": 0.38,
        "Total Revenue": 53,
        "Gross Profit": 48,
        "Operating Income": 26,
        "EBIT": NaN,
        "Net Income": 20
    },
    "2015-12-31": {
        "Diluted EPS": 0.38,
        "Total Revenue": 52,
        "Gross Profit": 46,
        "Operating Income": 24,
        "EBIT": NaN,
        "Net Income": 20
    },
    "2015-09-30": {
        "Diluted EPS": 0.31,
        "Total Revenue": 50,
        "Gross Profit": 46,
        "Operating Income": 24,
        "EBIT": NaN,
        "Net Income": 16
    },
    "2015-06-30": {
        "Diluted EPS": 0.27,
        "Total Revenue": 48,
        "Gross Profit": 44,
        "Operating Income": 21,
        "EBIT": NaN,
        "Net Income": 14
    },
    "2015-03-31": {
        "Diluted EPS": 0.25,
        "Total Revenue": 44,
        "Gross Profit": 40,
        "Operating Income": 21,
        "EBIT": NaN,
        "Net Income": 13
    },
    "2014-12-31": {
        "Diluted EPS": 0.3,
        "Total Revenue": 41,
        "Gross Profit": 37,
        "Operating Income": 22,
        "EBIT": NaN,
        "Net Income": 15
    },
    "2014-09-30": {
        "Diluted EPS": 0.27,
        "Total Revenue": 40,
        "Gross Profit": 36,
        "Operating Income": 18,
        "EBIT": NaN,
        "Net Income": 14
    },
    "2014-06-30": {
        "Diluted EPS": 0.23,
        "Total Revenue": 38,
        "Gross Profit": 35,
        "Operating Income": 17,
        "EBIT": NaN,
        "Net Income": 11
    },
    "2014-03-31": {
        "Diluted EPS": 0.26,
        "Total Revenue": 36,
        "Gross Profit": 33,
        "Operating Income": 17,
        "EBIT": NaN,
        "Net Income": 12
    },
    "2013-12-31": {
        "Diluted EPS": 0.27,
        "Total Revenue": 36,
        "Gross Profit": 32,
        "Operating Income": 18,
        "EBIT": NaN,
        "Net Income": 12
    },
    "2013-09-30": {
        "Diluted EPS": 0.25,
        "Total Revenue": 35,
        "Gross Profit": 31,
        "Operating Income": 16,
        "EBIT": NaN,
        "Net Income": 11
    },
    "2013-06-30": {
        "Diluted EPS": 0.22,
        "Total Revenue": 33,
        "Gross Profit": 30,
        "Operating Income": 14,
        "EBIT": NaN,
        "Net Income": 10
    },
    "2013-03-31": {
        "Diluted EPS": 0.22,
        "Total Revenue": 32,
        "Gross Profit": 29,
        "Operating Income": 14,
        "EBIT": NaN,
        "Net Income": 9
    },
    "2012-12-31": {
        "Diluted EPS": 0.2,
        "Total Revenue": 32,
        "Gross Profit": 28,
        "Operating Income": 13,
        "EBIT": NaN,
        "Net Income": 8
    },
    "2012-09-30": {
        "Diluted EPS": 0.23,
        "Total Revenue": 30,
        "Gross Profit": 26,
        "Operating Income": 14,
        "EBIT": NaN,
        "Net Income": 9
    },
    "2012-06-30": {
        "Diluted EPS": 0.2,
        "Total Revenue": 29,
        "Gross Profit": 25,
        "Operating Income": 12,
        "EBIT": NaN,
        "Net Income": 8
    },
    "2012-03-31": {
        "Diluted EPS": 0.2,
        "Total Revenue": 28,
        "Gross Profit": 24,
        "Operating Income": 13,
        "EBIT": NaN,
        "Net Income": 8
    },
    "2011-12-31": {
        "Diluted EPS": 0.16,
        "Total Revenue": 27,
        "Gross Profit": 23,
        "Operating Income": 10,
        "EBIT": NaN,
        "Net Income": 6
    },
    "2011-09-30": {
        "Diluted EPS": 0.15,
        "Total Revenue": 25,
        "Gross Profit": 21,
        "Operating Income": 9,
        "EBIT": NaN,
        "Net Income": 6
    },
    "2011-06-30": {
        "Diluted EPS": 0.15,
        "Total Revenue": 24,
        "Gross Profit": 20,
        "Operating Income": 9,
        "EBIT": NaN,
        "Net Income": 6
    },
    "2011-03-31": {
        "Diluted EPS": 0.13,
        "Total Revenue": 22,
        "Gross Profit": 18,
        "Operating Income": 7,
        "EBIT": NaN,
        "Net Income": 5
    },
    "2010-12-31": {
        "Diluted EPS": 0.12,
        "Total Revenue": 22,
        "Gross Profit": 18,
        "Operating Income": 7,
        "EBIT": NaN,
        "Net Income": 5
    },
    "2010-09-30": {
        "Diluted EPS": 0.13,
        "Total Revenue": 21,
        "Gross Profit": 17,
        "Operating Income": 7,
        "EBIT": NaN,
        "Net Income": 5
    },
    "2010-06-30": {
        "Diluted EPS": 0.11,
        "Total Revenue": 20,
        "Gross Profit": 16,
        "Operating Income": 6,
        "EBIT": NaN,
        "Net Income": 4
    },
    "2010-03-31": {
        "Diluted EPS": 0.11,
        "Total Revenue": 20,
        "Gross Profit": 16,
        "Operating Income": 6,
        "EBIT": NaN,
        "Net Income": 4
    },
    "2009-12-31": {
        "Diluted EPS": 0.06,
        "Total Revenue": 18,
        "Gross Profit": 14,
        "Operating Income": 9,
        "EBIT": NaN,
        "Net Income": 2
    },
    "2009-09-30": {
        "Diluted EPS": 0.05,
        "Total Revenue": 17,
        "Gross Profit": 12,
        "Operating Income": 2,
        "EBIT": NaN,
        "Net Income": 2
    },
    "2009-06-30": {
        "Diluted EPS": 0.05,
        "Total Revenue": 16,
        "Gross Profit": 12,
        "Operating Income": 2,
        "EBIT": NaN,
        "Net Income": 2
    },
    "2009-03-31": {
        "Diluted EPS": 0.02,
        "Total Revenue": 15,
        "Gross Profit": 10,
        "Operating Income": 1,
        "EBIT": NaN,
        "Net Income": 1
    },
    "2023-09-30": {
        "Tax Effect Of Unusual Items": 0.0,
        "Tax Rate For Calcs": 0.1381,
        "Net Income From Continuing Operation Net Minority Interest": 53340000.0,
        "Reconciled Depreciation": NaN,
        "Net Interest Income": 99698000.0,
        "Interest Expense": 113508000.0,
        "Interest Income": 213206000.0,
        "Normalized Income": 53340000.0,
        "Net Income From Continuing And Discontinued Operation": 53340000.0,
        "Diluted Average Shares": 54530635.0,
        "Basic Average Shares": 54428571.0,
        "Diluted EPS": 0.98,
        "Basic EPS": 0.98,
        "Diluted NI Availto Com Stockholders": 53340000.0,
        "Net Income Common Stockholders": 53340000.0,
        "Preferred Stock Dividends": NaN,
        "Net Income": 53340000.0,
        "Net Income Including Noncontrolling Interests": 53340000.0,
        "Net Income Continuous Operations": 53340000.0,
        "Tax Provision": 8548000.0,
        "Pretax Income": 61888000.0,
        "Gain On Sale Of Security": 0.0,
        "Selling General And Administration": 22426000.0,
        "General And Administrative Expense": 22426000.0,
        "Insurance And Claims": 2346000.0,
        "Salaries And Wages": 20080000.0,
        "Total Revenue": 107833000.0,
        "Operating Revenue": 107833000.0
    }
}