{
    "2023-03-31": {
        "Tax Effect Of Unusual Items": NaN,
        "Tax Rate For Calcs": NaN,
        "Normalized EBITDA": NaN,
        "Total Unusual Items": NaN,
        "Total Unusual Items Excluding Goodwill": NaN,
        "Net Income From Continuing Operation Net Minority Interest": NaN,
        "Reconciled Depreciation": 51041000.0,
        "Reconciled Cost Of Revenue": NaN,
        "EBITDA": NaN,
        "EBIT": NaN,
        "Net Interest Income": NaN,
        "Interest Expense": NaN,
        "Interest Income": NaN,
        "Normalized Income": NaN,
        "Net Income From Continuing And Discontinued Operation": NaN,
        "Total Expenses": NaN,
        "Total Operating Income As Reported": NaN,
        "Diluted Average Shares": 127012000.0,
        "Basic Average Shares": 126796000.0,
        "Diluted EPS": 0.05,
        "Basic EPS": 0.05,
        "Diluted NI Availto Com Stockholders": NaN,
        "Average Dilution Earnings": NaN,
        "Net Income Common Stockholders": NaN,
        "Net Income": NaN,
        "Net Income Including Noncontrolling Interests": NaN,
        "Net Income Continuous Operations": NaN,
        "Tax Provision": 0.0,
        "Pretax Income": NaN,
        "Other Income Expense": NaN,
        "Other Non Operating Income Expenses": -1813000.0,
        "Special Income Charges": NaN,
        "Gain On Sale Of Ppe": NaN,
        "Other Special Charges": NaN,
        "Impairment Of Capital Assets": NaN,
        "Earnings From Equity Interest": NaN,
        "Gain On Sale Of Security": NaN,
        "Net Non Operating Interest Income Expense": NaN,
        "Total Other Finance Cost": 1343000.0,
        "Interest Expense Non Operating": NaN,
        "Interest Income Non Operating": NaN,
        "Operating Income": NaN,
        "Operating Expense": NaN,
        "Provision For Doubtful Accounts": -259000.0,
        "Selling General And Administration": NaN,
        "General And Administrative Expense": NaN,
        "Other Gand A": NaN,
        "Gross Profit": NaN,
        "Cost Of Revenue": NaN,
        "Total Revenue": NaN,
        "Operating Revenue": NaN
    },
    "2022-12-31": {
        "Tax Effect Of Unusual Items": NaN,
        "Tax Rate For Calcs": NaN,
        "Normalized EBITDA": NaN,
        "Total Unusual Items": NaN,
        "Total Unusual Items Excluding Goodwill": NaN,
        "Net Income From Continuing Operation Net Minority Interest": NaN,
        "Reconciled Depreciation": NaN,
        "Reconciled Cost Of Revenue": NaN,
        "EBITDA": NaN,
        "EBIT": NaN,
        "Net Interest Income": NaN,
        "Interest Expense": NaN,
        "Interest Income": NaN,
        "Normalized Income": NaN,
        "Net Income From Continuing And Discontinued Operation": NaN,
        "Total Expenses": NaN,
        "Total Operating Income As Reported": NaN,
        "Diluted Average Shares": 126796331.0,
        "Basic Average Shares": 126796331.0,
        "Diluted EPS": 0.38,
        "Basic EPS": 0.38,
        "Diluted NI Availto Com Stockholders": NaN,
        "Average Dilution Earnings": 1877000.0,
        "Net Income Common Stockholders": NaN,
        "Net Income": NaN,
        "Net Income Including Noncontrolling Interests": NaN,
        "Net Income Continuous Operations": NaN,
        "Tax Provision": NaN,
        "Pretax Income": NaN,
        "Other Income Expense": NaN,
        "Other Non Operating Income Expenses": NaN,
        "Special Income Charges": NaN,
        "Gain On Sale Of Ppe": NaN,
        "Other Special Charges": NaN,
        "Impairment Of Capital Assets": NaN,
        "Earnings From Equity Interest": NaN,
        "Gain On Sale Of Security": NaN,
        "Net Non Operating Interest Income Expense": NaN,
        "Total Other Finance Cost": NaN,
        "Interest Expense Non Operating": NaN,
        "Interest Income Non Operating": NaN,
        "Operating Income": NaN,
        "Operating Expense": NaN,
        "Provision For Doubtful Accounts": -409000.0,
        "Selling General And Administration": NaN,
        "General And Administrative Expense": NaN,
        "Other Gand A": NaN,
        "Gross Profit": NaN,
        "Cost Of Revenue": NaN,
        "Total Revenue": NaN,
        "Operating Revenue": NaN
    },
    "2022-09-30": {
        "Tax Effect Of Unusual Items": NaN,
        "Tax Rate For Calcs": NaN,
        "Normalized EBITDA": NaN,
        "Total Unusual Items": NaN,
        "Total Unusual Items Excluding Goodwill": NaN,
        "Net Income From Continuing Operation Net Minority Interest": NaN,
        "Reconciled Depreciation": 50333000.0,
        "Reconciled Cost Of Revenue": NaN,
        "EBITDA": NaN,
        "EBIT": NaN,
        "Net Interest Income": NaN,
        "Interest Expense": NaN,
        "Interest Income": NaN,
        "Normalized Income": NaN,
        "Net Income From Continuing And Discontinued Operation": NaN,
        "Total Expenses": NaN,
        "Total Operating Income As Reported": NaN,
        "Diluted Average Shares": NaN,
        "Basic Average Shares": NaN,
        "Diluted EPS": NaN,
        "Basic EPS": NaN,
        "Diluted NI Availto Com Stockholders": NaN,
        "Average Dilution Earnings": NaN,
        "Net Income Common Stockholders": NaN,
        "Net Income": NaN,
        "Net Income Including Noncontrolling Interests": NaN,
        "Net Income Continuous Operations": NaN,
        "Tax Provision": 0.0,
        "Pretax Income": NaN,
        "Other Income Expense": NaN,
        "Other Non Operating Income Expenses": -2272000.0,
        "Special Income Charges": NaN,
        "Gain On Sale Of Ppe": NaN,
        "Other Special Charges": NaN,
        "Impairment Of Capital Assets": NaN,
        "Earnings From Equity Interest": NaN,
        "Gain On Sale Of Security": NaN,
        "Net Non Operating Interest Income Expense": NaN,
        "Total Other Finance Cost": 747000.0,
        "Interest Expense Non Operating": NaN,
        "Interest Income Non Operating": NaN,
        "Operating Income": NaN,
        "Operating Expense": NaN,
        "Provision For Doubtful Accounts": 469000.0,
        "Selling General And Administration": NaN,
        "General And Administrative Expense": NaN,
        "Other Gand A": NaN,
        "Gross Profit": NaN,
        "Cost Of Revenue": NaN,
        "Total Revenue": NaN,
        "Operating Revenue": NaN
    },
    "2022-06-30": {
        "Tax Effect Of Unusual Items": 0.0,
        "Tax Rate For Calcs": 0.0,
        "Normalized EBITDA": 117523000.0,
        "Total Unusual Items": 14390000.0,
        "Total Unusual Items Excluding Goodwill": 14390000.0,
        "Net Income From Continuing Operation Net Minority Interest": 57408000.0,
        "Reconciled Depreciation": 49632000.0,
        "Reconciled Cost Of Revenue": 86442000.0,
        "EBITDA": 131913000.0,
        "EBIT": 82281000.0,
        "Net Interest Income": -19344000.0,
        "Interest Expense": 24873000.0,
        "Interest Income": 5529000.0,
        "Normalized Income": 43018000.0,
        "Net Income From Continuing And Discontinued Operation": 57408000.0,
        "Total Expenses": 90219000.0,
        "Total Operating Income As Reported": 76306000.0,
        "Diluted Average Shares": 126785545.0,
        "Basic Average Shares": 126785545.0,
        "Diluted EPS": 0.45,
        "Basic EPS": 0.45,
        "Diluted NI Availto Com Stockholders": 57408000.0,
        "Average Dilution Earnings": NaN,
        "Net Income Common Stockholders": 57408000.0,
        "Net Income": 57408000.0,
        "Net Income Including Noncontrolling Interests": 57408000.0,
        "Net Income Continuous Operations": 57408000.0,
        "Tax Provision": 0.0,
        "Pretax Income": 57408000.0,
        "Other Income Expense": 13674000.0,
        "Other Non Operating Income Expenses": -1422000.0,
        "Special Income Charges": 13228000.0,
        "Gain On Sale Of Ppe": 13228000.0,
        "Impairment Of Capital Assets": 0.0,
        "Earnings From Equity Interest": 706000.0,
        "Gain On Sale Of Security": 1162000.0,
        "Net Non Operating Interest Income Expense": -19344000.0,
        "Total Other Finance Cost": 799000.0,
        "Interest Expense Non Operating": 24873000.0,
        "Interest Income Non Operating": 5529000.0,
        "Operating Income": 63078000.0,
        "Operating Expense": 3777000.0,
        "Provision For Doubtful Accounts": NaN,
        "Selling General And Administration": 3777000.0,
        "General And Administrative Expense": 3777000.0,
        "Other Gand A": 3777000.0,
        "Gross Profit": 66855000.0,
        "Cost Of Revenue": 86442000.0,
        "Total Revenue": 153297000.0,
        "Operating Revenue": 153297000.0
    },
    "2022-03-31": {
        "Diluted EPS": 0.36,
        "Total Revenue": 152,
        "Gross Profit": 109,
        "Operating Income": 59,
        "EBIT": 59,
        "Net Income": 47
    },
    "2021-12-31": {
        "Diluted EPS": 0.62,
        "Total Revenue": 152,
        "Gross Profit": 109,
        "Operating Income": 103,
        "EBIT": 103,
        "Net Income": 80
    },
    "2021-09-30": {
        "Diluted EPS": 0.26,
        "Total Revenue": 135,
        "Gross Profit": 93,
        "Operating Income": 55,
        "EBIT": 55,
        "Net Income": 33
    },
    "2021-06-30": {
        "Diluted EPS": 0.16,
        "Total Revenue": 117,
        "Gross Profit": 81,
        "Operating Income": 43,
        "EBIT": 43,
        "Net Income": 20
    },
    "2021-03-31": {
        "Diluted EPS": 0.26,
        "Total Revenue": 109,
        "Gross Profit": 73,
        "Operating Income": 42,
        "EBIT": 42,
        "Net Income": 31
    },
    "2020-09-30": {
        "Diluted EPS": 0.15,
        "Total Revenue": 116,
        "Gross Profit": 77,
        "Operating Income": 46,
        "EBIT": 46,
        "Net Income": 16
    },
    "2020-06-30": {
        "Diluted EPS": 0.11,
        "Total Revenue": 118,
        "Gross Profit": 80,
        "Operating Income": 49,
        "EBIT": 49,
        "Net Income": 12
    },
    "2019-09-30": {
        "Diluted EPS": 0.0,
        "Total Revenue": NaN,
        "Gross Profit": NaN,
        "Operating Income": NaN,
        "EBIT": NaN,
        "Net Income": NaN
    },
    "2019-06-30": {
        "Diluted EPS": 0.26,
        "Total Revenue": 111,
        "Gross Profit": 78,
        "Operating Income": 46,
        "EBIT": 46,
        "Net Income": 28
    },
    "2019-03-31": {
        "Diluted EPS": 0.31,
        "Total Revenue": 117,
        "Gross Profit": 84,
        "Operating Income": 51,
        "EBIT": 83,
        "Net Income": 34
    },
    "2018-12-31": {
        "Diluted EPS": 0.02,
        "Total Revenue": 119,
        "Gross Profit": 85,
        "Operating Income": 22,
        "EBIT": 56,
        "Net Income": 3
    },
    "2018-09-30": {
        "Diluted EPS": 0.28,
        "Total Revenue": 111,
        "Gross Profit": 78,
        "Operating Income": 43,
        "EBIT": 72,
        "Net Income": 30
    },
    "2018-06-30": {
        "Diluted EPS": 0.15,
        "Total Revenue": 97,
        "Gross Profit": 66,
        "Operating Income": 17,
        "EBIT": 44,
        "Net Income": 16
    },
    "2018-03-31": {
        "Diluted EPS": 0.24,
        "Total Revenue": 92,
        "Gross Profit": 62,
        "Operating Income": 35,
        "EBIT": 59,
        "Net Income": 25
    },
    "2017-12-31": {
        "Diluted EPS": 0.15,
        "Total Revenue": 96,
        "Gross Profit": 63,
        "Operating Income": 39,
        "EBIT": 63,
        "Net Income": 20
    },
    "2017-09-30": {
        "Diluted EPS": 0.31,
        "Total Revenue": 94,
        "Gross Profit": 61,
        "Operating Income": 38,
        "EBIT": 62,
        "Net Income": 29
    },
    "2017-06-30": {
        "Diluted EPS": 0.22,
        "Total Revenue": 94,
        "Gross Profit": 62,
        "Operating Income": 39,
        "EBIT": 64,
        "Net Income": 20
    },
    "2017-03-31": {
        "Diluted EPS": 0.35,
        "Total Revenue": 97,
        "Gross Profit": 63,
        "Operating Income": 40,
        "EBIT": 62,
        "Net Income": 32
    },
    "2016-12-31": {
        "Diluted EPS": 0.23,
        "Total Revenue": 98,
        "Gross Profit": 65,
        "Operating Income": 34,
        "EBIT": 60,
        "Net Income": 29
    },
    "2016-09-30": {
        "Diluted EPS": 0.35,
        "Total Revenue": 94,
        "Gross Profit": 59,
        "Operating Income": 33,
        "EBIT": 59,
        "Net Income": 32
    },
    "2016-06-30": {
        "Diluted EPS": 0.42,
        "Total Revenue": 104,
        "Gross Profit": 70,
        "Operating Income": 44,
        "EBIT": 71,
        "Net Income": 39
    },
    "2016-03-31": {
        "Diluted EPS": 0.5,
        "Total Revenue": 118,
        "Gross Profit": 83,
        "Operating Income": 57,
        "EBIT": 82,
        "Net Income": 47
    },
    "2015-12-31": {
        "Diluted EPS": 0.34,
        "Total Revenue": 114,
        "Gross Profit": 81,
        "Operating Income": 49,
        "EBIT": 73,
        "Net Income": 54
    },
    "2015-09-30": {
        "Diluted EPS": 0.49,
        "Total Revenue": 111,
        "Gross Profit": 76,
        "Operating Income": 59,
        "EBIT": 81,
        "Net Income": 45
    },
    "2015-06-30": {
        "Diluted EPS": 0.73,
        "Total Revenue": 92,
        "Gross Profit": 66,
        "Operating Income": 17,
        "EBIT": 37,
        "Net Income": 68
    },
    "2015-03-31": {
        "Diluted EPS": 0.32,
        "Total Revenue": 90,
        "Gross Profit": 63,
        "Operating Income": 42,
        "EBIT": 63,
        "Net Income": 33
    },
    "2014-12-31": {
        "Diluted EPS": 0.23,
        "Total Revenue": 89,
        "Gross Profit": 58,
        "Operating Income": 29,
        "EBIT": 50,
        "Net Income": 25
    },
    "2014-09-30": {
        "Diluted EPS": 0.37,
        "Total Revenue": 83,
        "Gross Profit": 53,
        "Operating Income": 38,
        "EBIT": 58,
        "Net Income": 35
    },
    "2014-06-30": {
        "Diluted EPS": 0.24,
        "Total Revenue": 73,
        "Gross Profit": 44,
        "Operating Income": 31,
        "EBIT": 50,
        "Net Income": 22
    },
    "2014-03-31": {
        "Diluted EPS": 0.4,
        "Total Revenue": 83,
        "Gross Profit": 54,
        "Operating Income": 47,
        "EBIT": 64,
        "Net Income": 41
    },
    "2013-12-31": {
        "Diluted EPS": 0.23,
        "Total Revenue": 72,
        "Gross Profit": 41,
        "Operating Income": 23,
        "EBIT": 42,
        "Net Income": 18
    },
    "2013-09-30": {
        "Diluted EPS": 0.14,
        "Total Revenue": 68,
        "Gross Profit": 41,
        "Operating Income": 24,
        "EBIT": 41,
        "Net Income": 13
    },
    "2013-06-30": {
        "Diluted EPS": 0.29,
        "Total Revenue": 66,
        "Gross Profit": 42,
        "Operating Income": 26,
        "EBIT": 42,
        "Net Income": 25
    },
    "2013-03-31": {
        "Diluted EPS": 0.33,
        "Total Revenue": 65,
        "Gross Profit": 42,
        "Operating Income": 44,
        "EBIT": 60,
        "Net Income": 32
    },
    "2012-12-31": {
        "Diluted EPS": 0.53,
        "Total Revenue": 78,
        "Gross Profit": 4,
        "Operating Income": 58,
        "EBIT": 73,
        "Net Income": 51
    },
    "2012-09-30": {
        "Diluted EPS": 0.44,
        "Total Revenue": 74,
        "Gross Profit": 74,
        "Operating Income": 35,
        "EBIT": 50,
        "Net Income": 35
    },
    "2012-06-30": {
        "Diluted EPS": 0.77,
        "Total Revenue": 84,
        "Gross Profit": 84,
        "Operating Income": 66,
        "EBIT": 81,
        "Net Income": 61
    },
    "2012-03-31": {
        "Diluted EPS": 0.48,
        "Total Revenue": 84,
        "Gross Profit": 62,
        "Operating Income": 48,
        "EBIT": 63,
        "Net Income": 39
    },
    "2011-12-31": {
        "Diluted EPS": 0.38,
        "Total Revenue": 76,
        "Gross Profit": 76,
        "Operating Income": 42,
        "EBIT": 20,
        "Net Income": 30
    },
    "2011-09-30": {
        "Diluted EPS": 0.35,
        "Total Revenue": 73,
        "Gross Profit": 73,
        "Operating Income": 38,
        "EBIT": 52,
        "Net Income": 27
    },
    "2011-06-30": {
        "Diluted EPS": 0.52,
        "Total Revenue": 74,
        "Gross Profit": 74,
        "Operating Income": 45,
        "EBIT": 58,
        "Net Income": 41
    },
    "2011-03-31": {
        "Diluted EPS": 0.41,
        "Total Revenue": 72,
        "Gross Profit": 52,
        "Operating Income": 38,
        "EBIT": 49,
        "Net Income": 32
    },
    "2010-12-31": {
        "Diluted EPS": 0.39,
        "Total Revenue": 71,
        "Gross Profit": 51,
        "Operating Income": 67,
        "EBIT": 78,
        "Net Income": 31
    },
    "2010-09-30": {
        "Diluted EPS": 0.44,
        "Total Revenue": 74,
        "Gross Profit": 54,
        "Operating Income": 44,
        "EBIT": 53,
        "Net Income": 35
    },
    "2010-06-30": {
        "Diluted EPS": 0.55,
        "Total Revenue": 80,
        "Gross Profit": 60,
        "Operating Income": 50,
        "EBIT": 58,
        "Net Income": 44
    },
    "2010-03-31": {
        "Diluted EPS": 0.72,
        "Total Revenue": 83,
        "Gross Profit": 62,
        "Operating Income": 51,
        "EBIT": 60,
        "Net Income": 57
    },
    "2009-12-31": {
        "Diluted EPS": 0.8,
        "Total Revenue": 80,
        "Gross Profit": 58,
        "Operating Income": 46,
        "EBIT": 55,
        "Net Income": 62
    },
    "2009-09-30": {
        "Diluted EPS": 0.44,
        "Total Revenue": 80,
        "Gross Profit": 58,
        "Operating Income": 46,
        "EBIT": 55,
        "Net Income": 34
    },
    "2009-06-30": {
        "Diluted EPS": 0.72,
        "Total Revenue": 88,
        "Gross Profit": 65,
        "Operating Income": 55,
        "EBIT": 62,
        "Net Income": 54
    },
    "2009-03-31": {
        "Diluted EPS": 0.59,
        "Total Revenue": 97,
        "Gross Profit": 73,
        "Operating Income": 63,
        "EBIT": 71,
        "Net Income": 43
    },
    "2023-06-30": {
        "Tax Effect Of Unusual Items": 846720.0,
        "Tax Rate For Calcs": 0.21,
        "Normalized EBITDA": 49254000.0,
        "Total Unusual Items": 4032000.0,
        "Total Unusual Items Excluding Goodwill": 4032000.0,
        "Net Income From Continuing Operation Net Minority Interest": 16932000.0,
        "Reconciled Depreciation": 52564000.0,
        "Reconciled Cost Of Revenue": 115675000.0,
        "EBITDA": 53286000.0,
        "EBIT": 53286000.0,
        "Net Interest Income": -35503000.0,
        "Interest Expense": 36354000.0,
        "Interest Income": 6223000.0,
        "Normalized Income": 13746720.0,
        "Net Income From Continuing And Discontinued Operation": 16932000.0,
        "Total Expenses": 118725000.0,
        "Total Operating Income As Reported": 51854000.0,
        "Diluted Average Shares": NaN,
        "Basic Average Shares": NaN,
        "Diluted EPS": NaN,
        "Basic EPS": NaN,
        "Diluted NI Availto Com Stockholders": 16932000.0,
        "Average Dilution Earnings": NaN,
        "Net Income Common Stockholders": 16932000.0,
        "Net Income": 16932000.0,
        "Net Income Including Noncontrolling Interests": 16932000.0,
        "Net Income Continuous Operations": 16932000.0,
        "Tax Provision": NaN,
        "Pretax Income": 16932000.0,
        "Other Income Expense": 6599000.0,
        "Other Non Operating Income Expenses": -1805000.0,
        "Special Income Charges": 5880000.0,
        "Gain On Sale Of Ppe": 6420000.0,
        "Other Special Charges": NaN,
        "Impairment Of Capital Assets": 0.0,
        "Earnings From Equity Interest": 754000.0,
        "Gain On Sale Of Security": -1848000.0,
        "Net Non Operating Interest Income Expense": -35503000.0,
        "Total Other Finance Cost": NaN,
        "Interest Expense Non Operating": 36354000.0,
        "Interest Income Non Operating": 6223000.0,
        "Operating Income": 45836000.0,
        "Operating Expense": 3050000.0,
        "Provision For Doubtful Accounts": NaN,
        "Selling General And Administration": 3452000.0,
        "General And Administrative Expense": 3452000.0,
        "Other Gand A": 3452000.0,
        "Gross Profit": 48886000.0,
        "Cost Of Revenue": 115675000.0,
        "Total Revenue": 164561000.0,
        "Operating Revenue": 160374000.0
    },
    "2023-09-30": {
        "Tax Effect Of Unusual Items": 1303680.0,
        "Tax Rate For Calcs": 0.21,
        "Normalized EBITDA": 67175000.0,
        "Total Unusual Items": 6208000.0,
        "Total Unusual Items Excluding Goodwill": 6208000.0,
        "Net Income From Continuing Operation Net Minority Interest": 29305000.0,
        "Reconciled Depreciation": 57231000.0,
        "Reconciled Cost Of Revenue": 138371000.0,
        "EBITDA": 73383000.0,
        "EBIT": 73383000.0,
        "Net Interest Income": -37318000.0,
        "Interest Expense": 41789000.0,
        "Interest Income": 4786000.0,
        "Normalized Income": 24400680.0,
        "Net Income From Continuing And Discontinued Operation": 29305000.0,
        "Total Expenses": 141370000.0,
        "Total Operating Income As Reported": 65384000.0,
        "Diluted Average Shares": NaN,
        "Basic Average Shares": NaN,
        "Diluted EPS": NaN,
        "Basic EPS": NaN,
        "Diluted NI Availto Com Stockholders": 30929000.0,
        "Average Dilution Earnings": NaN,
        "Net Income Common Stockholders": 29305000.0,
        "Net Income": 29305000.0,
        "Net Income Including Noncontrolling Interests": 29305000.0,
        "Net Income Continuous Operations": 29305000.0,
        "Tax Provision": 2289000.0,
        "Pretax Income": 31594000.0,
        "Other Income Expense": 5396000.0,
        "Other Non Operating Income Expenses": NaN,
        "Special Income Charges": 2194000.0,
        "Gain On Sale Of Ppe": 2194000.0,
        "Other Special Charges": 0.0,
        "Impairment Of Capital Assets": 0.0,
        "Earnings From Equity Interest": 704000.0,
        "Gain On Sale Of Security": 4014000.0,
        "Net Non Operating Interest Income Expense": -37318000.0,
        "Total Other Finance Cost": 315000.0,
        "Interest Expense Non Operating": 41789000.0,
        "Interest Income Non Operating": 4786000.0,
        "Operating Income": 63516000.0,
        "Operating Expense": 2999000.0,
        "Provision For Doubtful Accounts": -326000.0,
        "Selling General And Administration": 3325000.0,
        "General And Administrative Expense": 3325000.0,
        "Other Gand A": 3325000.0,
        "Gross Profit": 66515000.0,
        "Cost Of Revenue": 138371000.0,
        "Total Revenue": 204886000.0,
        "Operating Revenue": 203219000.0
    },
    "2023-12-31": {
        "Tax Effect Of Unusual Items": -162876.859453,
        "Tax Rate For Calcs": 0.031912,
        "Normalized EBITDA": 79411000.0,
        "Total Unusual Items": -5104000.0,
        "Total Unusual Items Excluding Goodwill": -5104000.0,
        "Net Income From Continuing Operation Net Minority Interest": 31368000.0,
        "Reconciled Depreciation": NaN,
        "Reconciled Cost Of Revenue": 132771000.0,
        "EBITDA": 74307000.0,
        "EBIT": 74307000.0,
        "Net Interest Income": -37442000.0,
        "Interest Expense": 41905000.0,
        "Interest Income": 5049000.0,
        "Normalized Income": 36309123.140547,
        "Net Income From Continuing And Discontinued Operation": 31368000.0,
        "Total Expenses": 136834000.0,
        "Total Operating Income As Reported": 73009000.0,
        "Diluted Average Shares": 125701236.0,
        "Basic Average Shares": 125701236.0,
        "Diluted EPS": 0.25,
        "Basic EPS": 0.25,
        "Diluted NI Availto Com Stockholders": 29744000.0,
        "Average Dilution Earnings": -1624000.0,
        "Net Income Common Stockholders": 31368000.0,
        "Net Income": 31368000.0,
        "Net Income Including Noncontrolling Interests": 31368000.0,
        "Net Income Continuous Operations": 31368000.0,
        "Tax Provision": 1034000.0,
        "Pretax Income": 32402000.0,
        "Other Income Expense": -2895000.0,
        "Other Non Operating Income Expenses": NaN,
        "Special Income Charges": 0.0,
        "Gain On Sale Of Ppe": 0.0,
        "Other Special Charges": 0.0,
        "Impairment Of Capital Assets": 0.0,
        "Earnings From Equity Interest": 693000.0,
        "Gain On Sale Of Security": -5104000.0,
        "Net Non Operating Interest Income Expense": -37442000.0,
        "Total Other Finance Cost": 586000.0,
        "Interest Expense Non Operating": 41905000.0,
        "Interest Income Non Operating": 5049000.0,
        "Operating Income": 72739000.0,
        "Operating Expense": 4063000.0,
        "Provision For Doubtful Accounts": 270000.0,
        "Selling General And Administration": 3793000.0,
        "General And Administrative Expense": 3793000.0,
        "Other Gand A": 3793000.0,
        "Gross Profit": 76802000.0,
        "Cost Of Revenue": 132771000.0,
        "Total Revenue": 209573000.0,
        "Operating Revenue": 207467000.0
    },
    "2024-03-31": {
        "Tax Effect Of Unusual Items": -25002.724342,
        "Tax Rate For Calcs": 0.057877,
        "Normalized EBITDA": 148274000.0,
        "Total Unusual Items": -432000.0,
        "Total Unusual Items Excluding Goodwill": -432000.0,
        "Net Income From Continuing Operation Net Minority Interest": 45302000.0,
        "Reconciled Depreciation": 56878000.0,
        "Reconciled Cost Of Revenue": 138112000.0,
        "EBITDA": 147842000.0,
        "EBIT": 90964000.0,
        "Net Interest Income": -37693000.0,
        "Interest Expense": 42879000.0,
        "Interest Income": 5841000.0,
        "Normalized Income": 45708997.275658,
        "Net Income From Continuing And Discontinued Operation": 45302000.0,
        "Total Expenses": 143632000.0,
        "Total Operating Income As Reported": 85474000.0,
        "Diluted Average Shares": 126346000.0,
        "Basic Average Shares": 125763000.0,
        "Diluted EPS": 0.36,
        "Basic EPS": 0.36,
        "Diluted NI Availto Com Stockholders": 45302000.0,
        "Average Dilution Earnings": NaN,
        "Net Income Common Stockholders": 45302000.0,
        "Net Income": 45302000.0,
        "Net Income Including Noncontrolling Interests": 45302000.0,
        "Net Income Continuous Operations": 45302000.0,
        "Tax Provision": 2783000.0,
        "Pretax Income": 48085000.0,
        "Other Income Expense": 346000.0,
        "Other Non Operating Income Expenses": NaN,
        "Special Income Charges": -17000.0,
        "Gain On Sale Of Ppe": -17000.0,
        "Other Special Charges": NaN,
        "Impairment Of Capital Assets": 0.0,
        "Earnings From Equity Interest": 778000.0,
        "Gain On Sale Of Security": -415000.0,
        "Net Non Operating Interest Income Expense": -37693000.0,
        "Total Other Finance Cost": 655000.0,
        "Interest Expense Non Operating": 42879000.0,
        "Interest Income Non Operating": 5841000.0,
        "Operating Income": 85432000.0,
        "Operating Expense": 5520000.0,
        "Provision For Doubtful Accounts": 59000.0,
        "Selling General And Administration": 5461000.0,
        "General And Administrative Expense": 5461000.0,
        "Other Gand A": 5461000.0,
        "Gross Profit": 90952000.0,
        "Cost Of Revenue": 138112000.0,
        "Total Revenue": 229064000.0,
        "Operating Revenue": 226766000.0
    },
    "2024-06-30": {
        "Tax Effect Of Unusual Items": 27769.979449,
        "Tax Rate For Calcs": 0.043391,
        "Normalized EBITDA": -20611000.0,
        "Total Unusual Items": 640000.0,
        "Total Unusual Items Excluding Goodwill": 640000.0,
        "Net Income From Continuing Operation Net Minority Interest": -24670000.0,
        "Reconciled Depreciation": 3401000.0,
        "Reconciled Cost Of Revenue": -14787000.0,
        "EBITDA": -19971000.0,
        "EBIT": -23372000.0,
        "Net Interest Income": -3142000.0,
        "Interest Expense": 2417000.0,
        "Interest Income": -678000.0,
        "Normalized Income": -25282230.020551,
        "Net Income From Continuing And Discontinued Operation": -24670000.0,
        "Total Expenses": -14943000.0,
        "Total Operating Income As Reported": -23248000.0,
        "Diluted Average Shares": NaN,
        "Basic Average Shares": NaN,
        "Diluted EPS": NaN,
        "Basic EPS": NaN,
        "Diluted NI Availto Com Stockholders": -24670000.0,
        "Average Dilution Earnings": NaN,
        "Net Income Common Stockholders": -24670000.0,
        "Net Income": -24670000.0,
        "Net Income Including Noncontrolling Interests": -24670000.0,
        "Net Income Continuous Operations": -24670000.0,
        "Tax Provision": -1119000.0,
        "Pretax Income": -25789000.0,
        "Other Income Expense": 559000.0,
        "Other Non Operating Income Expenses": NaN,
        "Special Income Charges": 17000.0,
        "Gain On Sale Of Ppe": 17000.0,
        "Other Special Charges": NaN,
        "Impairment Of Capital Assets": 0.0,
        "Earnings From Equity Interest": -81000.0,
        "Gain On Sale Of Security": 623000.0,
        "Net Non Operating Interest Income Expense": -3142000.0,
        "Total Other Finance Cost": 47000.0,
        "Interest Expense Non Operating": 2417000.0,
        "Interest Income Non Operating": -678000.0,
        "Operating Income": -23206000.0,
        "Operating Expense": -156000.0,
        "Provision For Doubtful Accounts": NaN,
        "Selling General And Administration": -97000.0,
        "General And Administrative Expense": -97000.0,
        "Other Gand A": -97000.0,
        "Gross Profit": -23362000.0,
        "Cost Of Revenue": -14787000.0,
        "Total Revenue": -38149000.0,
        "Operating Revenue": -38177000.0
    }
}