{
    "2023-03-31": {
        "Tax Effect Of Unusual Items": NaN,
        "Tax Rate For Calcs": NaN,
        "Normalized EBITDA": NaN,
        "Total Unusual Items": NaN,
        "Total Unusual Items Excluding Goodwill": NaN,
        "Net Income From Continuing Operation Net Minority Interest": NaN,
        "Reconciled Depreciation": NaN,
        "Reconciled Cost Of Revenue": NaN,
        "EBITDA": NaN,
        "EBIT": NaN,
        "Net Interest Income": NaN,
        "Interest Expense": NaN,
        "Interest Income": NaN,
        "Normalized Income": NaN,
        "Net Income From Continuing And Discontinued Operation": NaN,
        "Total Expenses": NaN,
        "Total Operating Income As Reported": NaN,
        "Diluted Average Shares": NaN,
        "Basic Average Shares": NaN,
        "Diluted EPS": NaN,
        "Basic EPS": NaN,
        "Diluted NI Availto Com Stockholders": NaN,
        "Net Income Common Stockholders": NaN,
        "Net Income": NaN,
        "Net Income Including Noncontrolling Interests": NaN,
        "Net Income Continuous Operations": NaN,
        "Tax Provision": NaN,
        "Pretax Income": NaN,
        "Other Income Expense": NaN,
        "Special Income Charges": NaN,
        "Gain On Sale Of Business": NaN,
        "Other Special Charges": 28277000.0,
        "Net Non Operating Interest Income Expense": NaN,
        "Total Other Finance Cost": NaN,
        "Interest Expense Non Operating": NaN,
        "Interest Income Non Operating": NaN,
        "Operating Income": NaN,
        "Operating Expense": NaN,
        "Depreciation Amortization Depletion Income Statement": NaN,
        "Depreciation And Amortization In Income Statement": NaN,
        "Selling General And Administration": NaN,
        "Gross Profit": NaN,
        "Cost Of Revenue": NaN,
        "Total Revenue": NaN,
        "Operating Revenue": NaN
    },
    "2022-12-31": {
        "Tax Effect Of Unusual Items": NaN,
        "Tax Rate For Calcs": NaN,
        "Normalized EBITDA": NaN,
        "Total Unusual Items": NaN,
        "Total Unusual Items Excluding Goodwill": NaN,
        "Net Income From Continuing Operation Net Minority Interest": NaN,
        "Reconciled Depreciation": NaN,
        "Reconciled Cost Of Revenue": NaN,
        "EBITDA": NaN,
        "EBIT": NaN,
        "Net Interest Income": NaN,
        "Interest Expense": NaN,
        "Interest Income": NaN,
        "Normalized Income": NaN,
        "Net Income From Continuing And Discontinued Operation": NaN,
        "Total Expenses": NaN,
        "Total Operating Income As Reported": NaN,
        "Diluted Average Shares": NaN,
        "Basic Average Shares": NaN,
        "Diluted EPS": NaN,
        "Basic EPS": NaN,
        "Diluted NI Availto Com Stockholders": NaN,
        "Net Income Common Stockholders": NaN,
        "Net Income": NaN,
        "Net Income Including Noncontrolling Interests": NaN,
        "Net Income Continuous Operations": NaN,
        "Tax Provision": NaN,
        "Pretax Income": NaN,
        "Other Income Expense": NaN,
        "Special Income Charges": NaN,
        "Gain On Sale Of Business": NaN,
        "Other Special Charges": 7991000.0,
        "Net Non Operating Interest Income Expense": NaN,
        "Total Other Finance Cost": NaN,
        "Interest Expense Non Operating": NaN,
        "Interest Income Non Operating": NaN,
        "Operating Income": NaN,
        "Operating Expense": NaN,
        "Depreciation Amortization Depletion Income Statement": NaN,
        "Depreciation And Amortization In Income Statement": NaN,
        "Selling General And Administration": NaN,
        "Gross Profit": NaN,
        "Cost Of Revenue": NaN,
        "Total Revenue": NaN,
        "Operating Revenue": NaN
    },
    "2022-09-30": {
        "Tax Effect Of Unusual Items": NaN,
        "Tax Rate For Calcs": NaN,
        "Normalized EBITDA": NaN,
        "Total Unusual Items": NaN,
        "Total Unusual Items Excluding Goodwill": NaN,
        "Net Income From Continuing Operation Net Minority Interest": NaN,
        "Reconciled Depreciation": NaN,
        "Reconciled Cost Of Revenue": NaN,
        "EBITDA": NaN,
        "EBIT": NaN,
        "Net Interest Income": NaN,
        "Interest Expense": NaN,
        "Interest Income": NaN,
        "Normalized Income": NaN,
        "Net Income From Continuing And Discontinued Operation": NaN,
        "Total Expenses": NaN,
        "Total Operating Income As Reported": NaN,
        "Diluted Average Shares": NaN,
        "Basic Average Shares": NaN,
        "Diluted EPS": NaN,
        "Basic EPS": NaN,
        "Diluted NI Availto Com Stockholders": NaN,
        "Net Income Common Stockholders": NaN,
        "Net Income": NaN,
        "Net Income Including Noncontrolling Interests": NaN,
        "Net Income Continuous Operations": NaN,
        "Tax Provision": NaN,
        "Pretax Income": NaN,
        "Other Income Expense": NaN,
        "Special Income Charges": NaN,
        "Gain On Sale Of Business": NaN,
        "Other Special Charges": 2164000.0,
        "Net Non Operating Interest Income Expense": NaN,
        "Total Other Finance Cost": NaN,
        "Interest Expense Non Operating": NaN,
        "Interest Income Non Operating": NaN,
        "Operating Income": NaN,
        "Operating Expense": NaN,
        "Depreciation Amortization Depletion Income Statement": NaN,
        "Depreciation And Amortization In Income Statement": NaN,
        "Selling General And Administration": NaN,
        "Gross Profit": NaN,
        "Cost Of Revenue": NaN,
        "Total Revenue": NaN,
        "Operating Revenue": NaN
    },
    "2022-06-30": {
        "Tax Effect Of Unusual Items": -128673.0,
        "Tax Rate For Calcs": 0.261,
        "Normalized EBITDA": 148263000.0,
        "Total Unusual Items": -493000.0,
        "Total Unusual Items Excluding Goodwill": -493000.0,
        "Net Income From Continuing Operation Net Minority Interest": 61997000.0,
        "Reconciled Depreciation": 61453000.0,
        "Reconciled Cost Of Revenue": 984916000.0,
        "EBITDA": 147770000.0,
        "EBIT": 86317000.0,
        "Net Interest Income": -2658000.0,
        "Interest Expense": 2465000.0,
        "Interest Income": NaN,
        "Normalized Income": 62361327.0,
        "Net Income From Continuing And Discontinued Operation": 61997000.0,
        "Total Expenses": 1508479000.0,
        "Total Operating Income As Reported": 86510000.0,
        "Diluted Average Shares": 109619000.0,
        "Basic Average Shares": 109067000.0,
        "Diluted EPS": 0.57,
        "Basic EPS": 0.57,
        "Diluted NI Availto Com Stockholders": 61997000.0,
        "Net Income Common Stockholders": 61997000.0,
        "Net Income": 61997000.0,
        "Net Income Including Noncontrolling Interests": 61997000.0,
        "Net Income Continuous Operations": 61997000.0,
        "Tax Provision": 21855000.0,
        "Pretax Income": 83852000.0,
        "Other Income Expense": -493000.0,
        "Special Income Charges": -493000.0,
        "Other Special Charges": 493000.0,
        "Net Non Operating Interest Income Expense": -2658000.0,
        "Total Other Finance Cost": 193000.0,
        "Interest Expense Non Operating": 2465000.0,
        "Interest Income Non Operating": NaN,
        "Operating Income": 87003000.0,
        "Operating Expense": 493354000.0,
        "Depreciation Amortization Depletion Income Statement": 31244000.0,
        "Depreciation And Amortization In Income Statement": 31244000.0,
        "Selling General And Administration": 462110000.0,
        "Gross Profit": 580357000.0,
        "Cost Of Revenue": 1015125000.0,
        "Total Revenue": 1595482000.0,
        "Operating Revenue": 1595482000.0
    },
    "2023-06-30": {
        "Tax Effect Of Unusual Items": NaN,
        "Tax Rate For Calcs": NaN,
        "Normalized EBITDA": NaN,
        "Total Unusual Items": NaN,
        "Total Unusual Items Excluding Goodwill": NaN,
        "Net Income From Continuing Operation Net Minority Interest": NaN,
        "Reconciled Depreciation": NaN,
        "Reconciled Cost Of Revenue": NaN,
        "EBITDA": NaN,
        "EBIT": NaN,
        "Net Interest Income": NaN,
        "Interest Expense": NaN,
        "Interest Income": NaN,
        "Normalized Income": NaN,
        "Net Income From Continuing And Discontinued Operation": NaN,
        "Total Expenses": NaN,
        "Total Operating Income As Reported": NaN,
        "Diluted Average Shares": 103514000.0,
        "Basic Average Shares": 102824000.0,
        "Diluted EPS": 0.65,
        "Basic EPS": 0.65,
        "Diluted NI Availto Com Stockholders": NaN,
        "Net Income Common Stockholders": NaN,
        "Net Income": NaN,
        "Net Income Including Noncontrolling Interests": NaN,
        "Net Income Continuous Operations": NaN,
        "Tax Provision": NaN,
        "Pretax Income": NaN,
        "Other Income Expense": NaN,
        "Special Income Charges": NaN,
        "Gain On Sale Of Business": NaN,
        "Other Special Charges": 2427000.0,
        "Net Non Operating Interest Income Expense": NaN,
        "Total Other Finance Cost": NaN,
        "Interest Expense Non Operating": NaN,
        "Interest Income Non Operating": NaN,
        "Operating Income": NaN,
        "Operating Expense": NaN,
        "Depreciation Amortization Depletion Income Statement": NaN,
        "Depreciation And Amortization In Income Statement": NaN,
        "Selling General And Administration": NaN,
        "Gross Profit": NaN,
        "Cost Of Revenue": NaN,
        "Total Revenue": NaN,
        "Operating Revenue": NaN
    },
    "2022-03-31": {
        "Diluted EPS": 0.79,
        "Total Revenue": NaN,
        "Gross Profit": 612,
        "Operating Income": 120,
        "EBIT": 180,
        "Net Income": 88
    },
    "2021-12-31": {
        "Diluted EPS": 0.32,
        "Total Revenue": NaN,
        "Gross Profit": 533,
        "Operating Income": 51,
        "EBIT": 111,
        "Net Income": 36
    },
    "2021-09-30": {
        "Diluted EPS": 0.56,
        "Total Revenue": NaN,
        "Gross Profit": 540,
        "Operating Income": 86,
        "EBIT": 145,
        "Net Income": 64
    },
    "2021-06-30": {
        "Diluted EPS": 0.52,
        "Total Revenue": NaN,
        "Gross Profit": 550,
        "Operating Income": 84,
        "EBIT": 142,
        "Net Income": 61
    },
    "2021-03-31": {
        "Diluted EPS": 0.7,
        "Total Revenue": NaN,
        "Gross Profit": 586,
        "Operating Income": 113,
        "EBIT": 171,
        "Net Income": 83
    },
    "2020-12-31": {
        "Diluted EPS": 0.57,
        "Total Revenue": NaN,
        "Gross Profit": 588,
        "Operating Income": 93,
        "EBIT": 152,
        "Net Income": 68
    },
    "2020-09-30": {
        "Diluted EPS": 0.51,
        "Total Revenue": NaN,
        "Gross Profit": 585,
        "Operating Income": 78,
        "EBIT": 135,
        "Net Income": 60
    },
    "2020-06-30": {
        "Diluted EPS": 0.57,
        "Total Revenue": NaN,
        "Gross Profit": 613,
        "Operating Income": 93,
        "EBIT": 148,
        "Net Income": 67
    },
    "2020-03-31": {
        "Diluted EPS": 0.78,
        "Total Revenue": NaN,
        "Gross Profit": 594,
        "Operating Income": 128,
        "EBIT": 182,
        "Net Income": 92
    },
    "2019-12-31": {
        "Diluted EPS": 0.27,
        "Total Revenue": NaN,
        "Gross Profit": 469,
        "Operating Income": 47,
        "EBIT": 98,
        "Net Income": 32
    },
    "2019-09-30": {
        "Diluted EPS": 0.22,
        "Total Revenue": NaN,
        "Gross Profit": 477,
        "Operating Income": 40,
        "EBIT": 93,
        "Net Income": 26
    },
    "2019-06-30": {
        "Diluted EPS": 0.3,
        "Total Revenue": NaN,
        "Gross Profit": 465,
        "Operating Income": 51,
        "EBIT": 101,
        "Net Income": 35
    },
    "2019-03-31": {
        "Diluted EPS": 0.46,
        "Total Revenue": NaN,
        "Gross Profit": 484,
        "Operating Income": 80,
        "EBIT": 130,
        "Net Income": 56
    },
    "2018-12-31": {
        "Diluted EPS": 0.11,
        "Total Revenue": NaN,
        "Gross Profit": 421,
        "Operating Income": 29,
        "EBIT": 58,
        "Net Income": 13
    },
    "2018-09-30": {
        "Diluted EPS": 0.29,
        "Total Revenue": NaN,
        "Gross Profit": 443,
        "Operating Income": 53,
        "EBIT": 81,
        "Net Income": 38
    },
    "2018-06-30": {
        "Diluted EPS": 0.32,
        "Total Revenue": NaN,
        "Gross Profit": 438,
        "Operating Income": 62,
        "EBIT": 89,
        "Net Income": 42
    },
    "2018-03-31": {
        "Diluted EPS": 0.5,
        "Total Revenue": NaN,
        "Gross Profit": 445,
        "Operating Income": 80,
        "EBIT": 107,
        "Net Income": 67
    },
    "2017-12-31": {
        "Diluted EPS": 0.3,
        "Total Revenue": NaN,
        "Gross Profit": 541,
        "Operating Income": 37,
        "EBIT": 63,
        "Net Income": 40
    },
    "2017-09-30": {
        "Diluted EPS": 0.23,
        "Total Revenue": NaN,
        "Gross Profit": 346,
        "Operating Income": 53,
        "EBIT": 78,
        "Net Income": 31
    },
    "2017-06-30": {
        "Diluted EPS": 0.29,
        "Total Revenue": NaN,
        "Gross Profit": 342,
        "Operating Income": 63,
        "EBIT": 87,
        "Net Income": 41
    },
    "2017-03-31": {
        "Diluted EPS": 0.33,
        "Total Revenue": NaN,
        "Gross Profit": 337,
        "Operating Income": 73,
        "EBIT": 95,
        "Net Income": 46
    },
    "2016-12-31": {
        "Diluted EPS": 0.12,
        "Total Revenue": 986,
        "Gross Profit": 460,
        "Operating Income": 30,
        "EBIT": 51,
        "Net Income": 17
    },
    "2016-09-30": {
        "Diluted EPS": 0.16,
        "Total Revenue": NaN,
        "Gross Profit": 292,
        "Operating Income": 41,
        "EBIT": 63,
        "Net Income": 24
    },
    "2016-06-30": {
        "Diluted EPS": 0.25,
        "Total Revenue": NaN,
        "Gross Profit": 306,
        "Operating Income": 63,
        "EBIT": 84,
        "Net Income": 37
    },
    "2016-03-31": {
        "Diluted EPS": 0.3,
        "Total Revenue": 993,
        "Gross Profit": 307,
        "Operating Income": 78,
        "EBIT": 97,
        "Net Income": 46
    },
    "2015-12-31": {
        "Diluted EPS": 0.18,
        "Total Revenue": 930,
        "Gross Profit": 269,
        "Operating Income": 48,
        "EBIT": 66,
        "Net Income": 28
    },
    "2015-09-30": {
        "Diluted EPS": 0.21,
        "Total Revenue": 903,
        "Gross Profit": 261,
        "Operating Income": 54,
        "EBIT": 72,
        "Net Income": 32
    },
    "2015-06-30": {
        "Diluted EPS": 0.2,
        "Total Revenue": 902,
        "Gross Profit": 264,
        "Operating Income": 60,
        "EBIT": 77,
        "Net Income": 31
    },
    "2015-03-31": {
        "Diluted EPS": 0.24,
        "Total Revenue": 858,
        "Gross Profit": 258,
        "Operating Income": 67,
        "EBIT": 83,
        "Net Income": 37
    },
    "2014-12-31": {
        "Diluted EPS": 0.11,
        "Total Revenue": 735,
        "Gross Profit": 211,
        "Operating Income": 33,
        "EBIT": 53,
        "Net Income": 18
    },
    "2014-09-30": {
        "Diluted EPS": 0.17,
        "Total Revenue": 766,
        "Gross Profit": 226,
        "Operating Income": 50,
        "EBIT": 65,
        "Net Income": 26
    },
    "2014-06-30": {
        "Diluted EPS": 0.2,
        "Total Revenue": 744,
        "Gross Profit": 224,
        "Operating Income": 56,
        "EBIT": 69,
        "Net Income": 30
    },
    "2014-03-31": {
        "Diluted EPS": 0.22,
        "Total Revenue": 723,
        "Gross Profit": 224,
        "Operating Income": 62,
        "EBIT": 75,
        "Net Income": 34
    },
    "2013-12-31": {
        "Diluted EPS": 0.05,
        "Total Revenue": 608,
        "Gross Profit": 174,
        "Operating Income": 23,
        "EBIT": 35,
        "Net Income": 9
    },
    "2013-09-30": {
        "Diluted EPS": 0.08,
        "Total Revenue": 634,
        "Gross Profit": 190,
        "Operating Income": 37,
        "EBIT": 49,
        "Net Income": 11
    },
    "2013-06-30": {
        "Diluted EPS": 0.1,
        "Total Revenue": 622,
        "Gross Profit": 187,
        "Operating Income": 40,
        "EBIT": 52,
        "Net Income": 12
    },
    "2013-03-31": {
        "Diluted EPS": 0.14,
        "Total Revenue": 574,
        "Gross Profit": 174,
        "Operating Income": 40,
        "EBIT": 52,
        "Net Income": 18
    },
    "2012-12-31": {
        "Diluted EPS": 0.03,
        "Total Revenue": 479,
        "Gross Profit": 136,
        "Operating Income": 15,
        "EBIT": 26,
        "Net Income": 3
    },
    "2012-09-30": {
        "Diluted EPS": 0.01,
        "Total Revenue": 510,
        "Gross Profit": 146,
        "Operating Income": 13,
        "EBIT": 24,
        "Net Income": 1
    },
    "2012-06-30": {
        "Diluted EPS": 0.05,
        "Total Revenue": 430,
        "Gross Profit": 131,
        "Operating Income": 18,
        "EBIT": 26,
        "Net Income": 5
    },
    "2012-03-31": {
        "Diluted EPS": 0.09,
        "Total Revenue": 376,
        "Gross Profit": 117,
        "Operating Income": 24,
        "EBIT": 32,
        "Net Income": 10
    },
    "2011-12-31": {
        "Diluted EPS": 0.0,
        "Total Revenue": NaN,
        "Gross Profit": NaN,
        "Operating Income": NaN,
        "EBIT": NaN,
        "Net Income": NaN
    },
    "2010-12-31": {
        "Diluted EPS": 0.0,
        "Total Revenue": NaN,
        "Gross Profit": NaN,
        "Operating Income": NaN,
        "EBIT": NaN,
        "Net Income": NaN
    },
    "2023-09-30": {
        "Tax Effect Of Unusual Items": -762240.0,
        "Tax Rate For Calcs": 0.24,
        "Normalized EBITDA": 157740000.0,
        "Total Unusual Items": -3176000.0,
        "Total Unusual Items Excluding Goodwill": -3176000.0,
        "Net Income From Continuing Operation Net Minority Interest": 65313000.0,
        "Reconciled Depreciation": 65727000.0,
        "Reconciled Cost Of Revenue": 1053923000.0,
        "EBITDA": 154564000.0,
        "EBIT": 88837000.0,
        "Net Interest Income": -1698000.0,
        "Interest Expense": 2880000.0,
        "Interest Income": 1375000.0,
        "Normalized Income": 67726760.0,
        "Net Income From Continuing And Discontinued Operation": 65313000.0,
        "Total Expenses": 1622451000.0,
        "Total Operating Income As Reported": 87655000.0,
        "Diluted Average Shares": 102703000.0,
        "Basic Average Shares": 101881000.0,
        "Diluted EPS": 0.64,
        "Basic EPS": 0.64,
        "Diluted NI Availto Com Stockholders": 65313000.0,
        "Net Income Common Stockholders": 65313000.0,
        "Net Income": 65313000.0,
        "Net Income Including Noncontrolling Interests": 65313000.0,
        "Net Income Continuous Operations": 65313000.0,
        "Tax Provision": 20644000.0,
        "Pretax Income": 85957000.0,
        "Other Income Expense": -3176000.0,
        "Special Income Charges": -3176000.0,
        "Gain On Sale Of Business": -3176000.0,
        "Other Special Charges": 3176000.0,
        "Net Non Operating Interest Income Expense": -1698000.0,
        "Total Other Finance Cost": 193000.0,
        "Interest Expense Non Operating": 2880000.0,
        "Interest Income Non Operating": 1375000.0,
        "Operating Income": 90831000.0,
        "Operating Expense": 534603000.0,
        "Depreciation Amortization Depletion Income Statement": 31802000.0,
        "Depreciation And Amortization In Income Statement": 31802000.0,
        "Selling General And Administration": 502801000.0,
        "Gross Profit": 625434000.0,
        "Cost Of Revenue": 1087848000.0,
        "Total Revenue": 1713282000.0,
        "Operating Revenue": 1713282000.0
    },
    "2023-12-31": {
        "Tax Effect Of Unusual Items": -1483405.550322,
        "Tax Rate For Calcs": 0.274705,
        "Normalized EBITDA": 143892000.0,
        "Total Unusual Items": -5400000.0,
        "Total Unusual Items Excluding Goodwill": -5400000.0,
        "Net Income From Continuing Operation Net Minority Interest": 50049000.0,
        "Reconciled Depreciation": 66948000.0,
        "Reconciled Cost Of Revenue": 1043283000.0,
        "EBITDA": 138492000.0,
        "EBIT": 71544000.0,
        "Net Interest Income": -433000.0,
        "Interest Expense": 2539000.0,
        "Interest Income": 2299000.0,
        "Normalized Income": 53965594.449678,
        "Net Income From Continuing And Discontinued Operation": 50049000.0,
        "Total Expenses": 1623707000.0,
        "Total Operating Income As Reported": 69438000.0,
        "Diluted Average Shares": NaN,
        "Basic Average Shares": NaN,
        "Diluted EPS": NaN,
        "Basic EPS": NaN,
        "Diluted NI Availto Com Stockholders": 50049000.0,
        "Net Income Common Stockholders": 50049000.0,
        "Net Income": 50049000.0,
        "Net Income Including Noncontrolling Interests": 50049000.0,
        "Net Income Continuous Operations": 50049000.0,
        "Tax Provision": 18956000.0,
        "Pretax Income": 69005000.0,
        "Other Income Expense": -5400000.0,
        "Special Income Charges": -5400000.0,
        "Gain On Sale Of Business": -5400000.0,
        "Other Special Charges": NaN,
        "Net Non Operating Interest Income Expense": -433000.0,
        "Total Other Finance Cost": 193000.0,
        "Interest Expense Non Operating": 2539000.0,
        "Interest Income Non Operating": 2299000.0,
        "Operating Income": 74838000.0,
        "Operating Expense": 545535000.0,
        "Depreciation Amortization Depletion Income Statement": 32059000.0,
        "Depreciation And Amortization In Income Statement": 32059000.0,
        "Selling General And Administration": 513476000.0,
        "Gross Profit": 620373000.0,
        "Cost Of Revenue": 1078172000.0,
        "Total Revenue": 1698545000.0,
        "Operating Revenue": 1698545000.0
    },
    "2024-03-31": {
        "Tax Effect Of Unusual Items": -461944.0,
        "Tax Rate For Calcs": 0.226,
        "Normalized EBITDA": 218715000.0,
        "Total Unusual Items": -2044000.0,
        "Total Unusual Items Excluding Goodwill": -2044000.0,
        "Net Income From Continuing Operation Net Minority Interest": 114100000.0,
        "Reconciled Depreciation": 66825000.0,
        "Reconciled Cost Of Revenue": 1126902000.0,
        "EBITDA": 216671000.0,
        "EBIT": 149846000.0,
        "Net Interest Income": -818000.0,
        "Interest Expense": 2398000.0,
        "Interest Income": 1773000.0,
        "Normalized Income": 115682056.0,
        "Net Income From Continuing And Discontinued Operation": 114100000.0,
        "Total Expenses": 1733498000.0,
        "Total Operating Income As Reported": 148266000.0,
        "Diluted Average Shares": 102024000.0,
        "Basic Average Shares": 101071000.0,
        "Diluted EPS": 1.12,
        "Basic EPS": 1.13,
        "Diluted NI Availto Com Stockholders": 114100000.0,
        "Net Income Common Stockholders": 114100000.0,
        "Net Income": 114100000.0,
        "Net Income Including Noncontrolling Interests": 114100000.0,
        "Net Income Continuous Operations": 114100000.0,
        "Tax Provision": 33348000.0,
        "Pretax Income": 147448000.0,
        "Other Income Expense": -2044000.0,
        "Special Income Charges": -2044000.0,
        "Gain On Sale Of Business": -2044000.0,
        "Other Special Charges": NaN,
        "Net Non Operating Interest Income Expense": -818000.0,
        "Total Other Finance Cost": 193000.0,
        "Interest Expense Non Operating": 2398000.0,
        "Interest Income Non Operating": 1773000.0,
        "Operating Income": 150310000.0,
        "Operating Expense": 572003000.0,
        "Depreciation Amortization Depletion Income Statement": 32232000.0,
        "Depreciation And Amortization In Income Statement": 32232000.0,
        "Selling General And Administration": 539771000.0,
        "Gross Profit": 722313000.0,
        "Cost Of Revenue": 1161495000.0,
        "Total Revenue": 1883808000.0,
        "Operating Revenue": 1883808000.0
    },
    "2024-06-30": {
        "Tax Effect Of Unusual Items": -804384.0,
        "Tax Rate For Calcs": 0.252,
        "Normalized EBITDA": 198899000.0,
        "Total Unusual Items": -3192000.0,
        "Total Unusual Items Excluding Goodwill": -3192000.0,
        "Net Income From Continuing Operation Net Minority Interest": 95289000.0,
        "Reconciled Depreciation": 66420000.0,
        "Reconciled Cost Of Revenue": 1140223000.0,
        "EBITDA": 195707000.0,
        "EBIT": 129287000.0,
        "Net Interest Income": 139000.0,
        "Interest Expense": 1831000.0,
        "Interest Income": 2163000.0,
        "Normalized Income": 97676616.0,
        "Net Income From Continuing And Discontinued Operation": 95289000.0,
        "Total Expenses": 1763010000.0,
        "Total Operating Income As Reported": 127317000.0,
        "Diluted Average Shares": 101196000.0,
        "Basic Average Shares": 100460000.0,
        "Diluted EPS": 0.94,
        "Basic EPS": 0.95,
        "Diluted NI Availto Com Stockholders": 95289000.0,
        "Net Income Common Stockholders": 95289000.0,
        "Net Income": 95289000.0,
        "Net Income Including Noncontrolling Interests": 95289000.0,
        "Net Income Continuous Operations": 95289000.0,
        "Tax Provision": 32167000.0,
        "Pretax Income": 127456000.0,
        "Other Income Expense": -3192000.0,
        "Special Income Charges": -3192000.0,
        "Gain On Sale Of Business": -3192000.0,
        "Other Special Charges": NaN,
        "Net Non Operating Interest Income Expense": 139000.0,
        "Total Other Finance Cost": 193000.0,
        "Interest Expense Non Operating": 1831000.0,
        "Interest Income Non Operating": 2163000.0,
        "Operating Income": 130509000.0,
        "Operating Expense": 587856000.0,
        "Depreciation Amortization Depletion Income Statement": 31489000.0,
        "Depreciation And Amortization In Income Statement": 31489000.0,
        "Selling General And Administration": 556367000.0,
        "Gross Profit": 718365000.0,
        "Cost Of Revenue": 1175154000.0,
        "Total Revenue": 1893519000.0,
        "Operating Revenue": 1893519000.0
    },
    "2024-09-30": {
        "Tax Effect Of Unusual Items": -962856.0,
        "Tax Rate For Calcs": 0.258,
        "Normalized EBITDA": 197549000.0,
        "Total Unusual Items": -3732000.0,
        "Total Unusual Items Excluding Goodwill": -3732000.0,
        "Net Income From Continuing Operation Net Minority Interest": 91610000.0,
        "Reconciled Depreciation": 69914000.0,
        "Reconciled Cost Of Revenue": 1169306000.0,
        "EBITDA": 193817000.0,
        "EBIT": 123903000.0,
        "Net Interest Income": 1061000.0,
        "Interest Expense": 391000.0,
        "Interest Income": 1645000.0,
        "Normalized Income": 94379144.0,
        "Net Income From Continuing And Discontinued Operation": 91610000.0,
        "Total Expenses": 1819552000.0,
        "Total Operating Income As Reported": 122451000.0,
        "Diluted Average Shares": 101025000.0,
        "Basic Average Shares": 100148000.0,
        "Diluted EPS": 0.91,
        "Basic EPS": 0.91,
        "Diluted NI Availto Com Stockholders": 91610000.0,
        "Net Income Common Stockholders": 91610000.0,
        "Net Income": 91610000.0,
        "Net Income Including Noncontrolling Interests": 91610000.0,
        "Net Income Continuous Operations": 91610000.0,
        "Tax Provision": 31902000.0,
        "Pretax Income": 123512000.0,
        "Other Income Expense": -3732000.0,
        "Special Income Charges": -3732000.0,
        "Gain On Sale Of Business": -3732000.0,
        "Other Special Charges": NaN,
        "Net Non Operating Interest Income Expense": 1061000.0,
        "Total Other Finance Cost": 193000.0,
        "Interest Expense Non Operating": 391000.0,
        "Interest Income Non Operating": 1645000.0,
        "Operating Income": 126183000.0,
        "Operating Expense": 614740000.0,
        "Depreciation Amortization Depletion Income Statement": 34408000.0,
        "Depreciation And Amortization In Income Statement": 34408000.0,
        "Selling General And Administration": 580332000.0,
        "Gross Profit": 740923000.0,
        "Cost Of Revenue": 1204812000.0,
        "Total Revenue": 1945735000.0,
        "Operating Revenue": 1945735000.0
    }
}