{
    "2023-06-30": {
        "Tax Effect Of Unusual Items": -2814.208289,
        "Tax Rate For Calcs": 0.148116,
        "Total Unusual Items": -19000.0,
        "Total Unusual Items Excluding Goodwill": -19000.0,
        "Net Income From Continuing Operation Net Minority Interest": 58314000.0,
        "Reconciled Depreciation": 11942000.0,
        "Net Interest Income": 163230000.0,
        "Interest Expense": 133990000.0,
        "Interest Income": 297220000.0,
        "Normalized Income": 58330185.791711,
        "Net Income From Continuing And Discontinued Operation": 58314000.0,
        "Diluted Average Shares": 127380000.0,
        "Basic Average Shares": 127104000.0,
        "Diluted EPS": 0.46,
        "Basic EPS": 0.46,
        "Diluted NI Availto Com Stockholders": 58314000.0,
        "Net Income Common Stockholders": 58314000.0,
        "Net Income": 58314000.0,
        "Net Income Including Noncontrolling Interests": 58314000.0,
        "Net Income Continuous Operations": 58314000.0,
        "Tax Provision": 10139000.0,
        "Pretax Income": 68453000.0,
        "Special Income Charges": -19000.0,
        "Restructuring And Mergern Acquisition": 19000.0,
        "Gain On Sale Of Security": -391000.0,
        "Depreciation Amortization Depletion Income Statement": 4098000.0,
        "Depreciation And Amortization In Income Statement": 4098000.0,
        "Amortization": 4098000.0,
        "Amortization Of Intangibles Income Statement": 4098000.0,
        "Selling General And Administration": 85968000.0,
        "Selling And Marketing Expense": 6044000.0,
        "General And Administrative Expense": 79924000.0,
        "Insurance And Claims": 5201000.0,
        "Salaries And Wages": 74723000.0,
        "Total Revenue": 204766000.0,
        "Operating Revenue": 204766000.0
    },
    "2023-03-31": {
        "Tax Effect Of Unusual Items": -264099.384626,
        "Tax Rate For Calcs": 0.189183,
        "Total Unusual Items": -1396000.0,
        "Total Unusual Items Excluding Goodwill": -1396000.0,
        "Net Income From Continuing Operation Net Minority Interest": 45589000.0,
        "Reconciled Depreciation": 12012000.0,
        "Net Interest Income": 177835000.0,
        "Interest Expense": 101302000.0,
        "Interest Income": 279137000.0,
        "Normalized Income": 46720900.615374,
        "Net Income From Continuing And Discontinued Operation": 45589000.0,
        "Diluted Average Shares": 127516000.0,
        "Basic Average Shares": 127186000.0,
        "Diluted EPS": 0.36,
        "Basic EPS": 0.36,
        "Diluted NI Availto Com Stockholders": 45589000.0,
        "Net Income Common Stockholders": 45589000.0,
        "Net Income": 45589000.0,
        "Net Income Including Noncontrolling Interests": 45589000.0,
        "Net Income Continuous Operations": 45589000.0,
        "Tax Provision": 10637000.0,
        "Pretax Income": 56226000.0,
        "Special Income Charges": -1396000.0,
        "Restructuring And Mergern Acquisition": 1396000.0,
        "Gain On Sale Of Security": 0.0,
        "Depreciation Amortization Depletion Income Statement": 4096000.0,
        "Depreciation And Amortization In Income Statement": 4096000.0,
        "Amortization": 4096000.0,
        "Amortization Of Intangibles Income Statement": 4096000.0,
        "Selling General And Administration": 88141000.0,
        "Selling And Marketing Expense": 6210000.0,
        "General And Administrative Expense": 81931000.0,
        "Insurance And Claims": 4893000.0,
        "Salaries And Wages": 77038000.0,
        "Total Revenue": 220481000.0,
        "Operating Revenue": 220481000.0
    },
    "2022-12-31": {
        "Tax Effect Of Unusual Items": -4348.493773,
        "Tax Rate For Calcs": 0.124243,
        "Total Unusual Items": -35000.0,
        "Total Unusual Items Excluding Goodwill": -35000.0,
        "Net Income From Continuing Operation Net Minority Interest": 83260000.0,
        "Reconciled Depreciation": 12302000.0,
        "Net Interest Income": 193026000.0,
        "Interest Expense": 71558000.0,
        "Interest Income": 264584000.0,
        "Normalized Income": 83290651.506227,
        "Net Income From Continuing And Discontinued Operation": 83260000.0,
        "Diluted Average Shares": 127505996.0,
        "Basic Average Shares": 126151515.0,
        "Diluted EPS": 0.65,
        "Basic EPS": 0.66,
        "Diluted NI Availto Com Stockholders": 83260000.0,
        "Net Income Common Stockholders": 83260000.0,
        "Net Income": 83260000.0,
        "Net Income Including Noncontrolling Interests": 83260000.0,
        "Net Income Continuous Operations": 83260000.0,
        "Tax Provision": 11812000.0,
        "Pretax Income": 95072000.0,
        "Special Income Charges": -35000.0,
        "Restructuring And Mergern Acquisition": 35000.0,
        "Gain On Sale Of Security": -52000.0,
        "Depreciation Amortization Depletion Income Statement": 4108000.0,
        "Depreciation And Amortization In Income Statement": 4108000.0,
        "Amortization": 4108000.0,
        "Amortization Of Intangibles Income Statement": 4108000.0,
        "Selling General And Administration": 84012000.0,
        "Selling And Marketing Expense": 7314000.0,
        "General And Administrative Expense": 76698000.0,
        "Insurance And Claims": 3680000.0,
        "Salaries And Wages": 73018000.0,
        "Total Revenue": 234322000.0,
        "Operating Revenue": 234322000.0
    },
    "2022-09-30": {
        "Tax Effect Of Unusual Items": -247183.309075,
        "Tax Rate For Calcs": 0.173828,
        "Total Unusual Items": -1422000.0,
        "Total Unusual Items Excluding Goodwill": -1422000.0,
        "Net Income From Continuing Operation Net Minority Interest": 80603000.0,
        "Reconciled Depreciation": 12430000.0,
        "Net Interest Income": 193585000.0,
        "Interest Expense": 37033000.0,
        "Interest Income": 230618000.0,
        "Normalized Income": 81777816.690925,
        "Net Income From Continuing And Discontinued Operation": 80603000.0,
        "Diluted Average Shares": 128336000.0,
        "Basic Average Shares": 127884000.0,
        "Diluted EPS": 0.63,
        "Basic EPS": 0.63,
        "Diluted NI Availto Com Stockholders": 80603000.0,
        "Net Income Common Stockholders": 80603000.0,
        "Net Income": 80603000.0,
        "Net Income Including Noncontrolling Interests": 80603000.0,
        "Net Income Continuous Operations": 80603000.0,
        "Tax Provision": 16959000.0,
        "Pretax Income": 97562000.0,
        "Special Income Charges": -1422000.0,
        "Gain On Sale Of Business": 0.0,
        "Restructuring And Mergern Acquisition": 1422000.0,
        "Gain On Sale Of Security": -22000.0,
        "Depreciation Amortization Depletion Income Statement": 4225000.0,
        "Depreciation And Amortization In Income Statement": 4225000.0,
        "Amortization": 4225000.0,
        "Amortization Of Intangibles Income Statement": 4225000.0,
        "Selling General And Administration": 75201000.0,
        "Selling And Marketing Expense": 6662000.0,
        "General And Administrative Expense": 75201000.0,
        "Insurance And Claims": 3278000.0,
        "Salaries And Wages": 71923000.0,
        "Total Revenue": 236608000.0,
        "Operating Revenue": 236608000.0
    },
    "2022-06-30": {
        "Tax Effect Of Unusual Items": -3953766.305447,
        "Tax Rate For Calcs": 0.206646,
        "Total Unusual Items": -19133000.0,
        "Total Unusual Items Excluding Goodwill": -19133000.0,
        "Net Income From Continuing Operation Net Minority Interest": 27454000.0,
        "Reconciled Depreciation": 12593000.0,
        "Net Interest Income": 185099000.0,
        "Interest Expense": 19707000.0,
        "Interest Income": 204806000.0,
        "Normalized Income": 42633233.694553,
        "Net Income From Continuing And Discontinued Operation": 27454000.0,
        "Diluted Average Shares": 128720000.0,
        "Basic Average Shares": 128313000.0,
        "Diluted EPS": 0.21,
        "Basic EPS": 0.21,
        "Diluted NI Availto Com Stockholders": 27454000.0,
        "Net Income Common Stockholders": 27454000.0,
        "Net Income": 27454000.0,
        "Net Income Including Noncontrolling Interests": 27454000.0,
        "Net Income Continuous Operations": 27454000.0,
        "Tax Provision": 7151000.0,
        "Pretax Income": 34605000.0,
        "Special Income Charges": -19133000.0,
        "Gain On Sale Of Business": NaN,
        "Restructuring And Mergern Acquisition": 19133000.0,
        "Gain On Sale Of Security": -150000.0,
        "Depreciation Amortization Depletion Income Statement": 4096000.0,
        "Depreciation And Amortization In Income Statement": 4096000.0,
        "Amortization": 4096000.0,
        "Amortization Of Intangibles Income Statement": 4096000.0,
        "Selling General And Administration": 76947000.0,
        "Selling And Marketing Expense": 8754000.0,
        "General And Administrative Expense": 76947000.0,
        "Other Gand A": 14703000.0,
        "Insurance And Claims": 2812000.0,
        "Salaries And Wages": 74135000.0,
        "Total Revenue": 225277000.0,
        "Operating Revenue": 225277000.0
    },
    "2022-03-31": {
        "Diluted EPS": 0.58,
        "Total Revenue": 204,
        "Gross Profit": 188,
        "Operating Income": 81,
        "EBIT": NaN,
        "Net Income": 65
    },
    "2021-12-31": {
        "Diluted EPS": 0.41,
        "Total Revenue": 217,
        "Gross Profit": 200,
        "Operating Income": 73,
        "EBIT": NaN,
        "Net Income": 48
    },
    "2021-09-30": {
        "Diluted EPS": 0.74,
        "Total Revenue": 212,
        "Gross Profit": 194,
        "Operating Income": 101,
        "EBIT": NaN,
        "Net Income": 81
    },
    "2021-06-30": {
        "Diluted EPS": 0.69,
        "Total Revenue": 214,
        "Gross Profit": 194,
        "Operating Income": 93,
        "EBIT": NaN,
        "Net Income": 75
    },
    "2021-03-31": {
        "Diluted EPS": 0.62,
        "Total Revenue": 219,
        "Gross Profit": 196,
        "Operating Income": 82,
        "EBIT": NaN,
        "Net Income": 67
    },
    "2020-12-31": {
        "Diluted EPS": 0.49,
        "Total Revenue": 218,
        "Gross Profit": 194,
        "Operating Income": 65,
        "EBIT": NaN,
        "Net Income": 53
    },
    "2020-09-30": {
        "Diluted EPS": 0.6,
        "Total Revenue": 249,
        "Gross Profit": 223,
        "Operating Income": 84,
        "EBIT": NaN,
        "Net Income": 66
    },
    "2020-06-30": {
        "Diluted EPS": 0.54,
        "Total Revenue": 240,
        "Gross Profit": 212,
        "Operating Income": 76,
        "EBIT": NaN,
        "Net Income": 59
    },
    "2020-03-31": {
        "Diluted EPS": 0.68,
        "Total Revenue": 292,
        "Gross Profit": 250,
        "Operating Income": 99,
        "EBIT": NaN,
        "Net Income": 77
    },
    "2019-12-31": {
        "Diluted EPS": 0.48,
        "Total Revenue": 252,
        "Gross Profit": 206,
        "Operating Income": 91,
        "EBIT": NaN,
        "Net Income": 53
    },
    "2019-09-30": {
        "Diluted EPS": 0.84,
        "Total Revenue": 281,
        "Gross Profit": 234,
        "Operating Income": 108,
        "EBIT": NaN,
        "Net Income": 82
    },
    "2019-06-30": {
        "Diluted EPS": 0.58,
        "Total Revenue": 235,
        "Gross Profit": 189,
        "Operating Income": 79,
        "EBIT": NaN,
        "Net Income": 56
    },
    "2019-03-31": {
        "Diluted EPS": 0.51,
        "Total Revenue": 213,
        "Gross Profit": 171,
        "Operating Income": 62,
        "EBIT": NaN,
        "Net Income": 48
    },
    "2018-12-31": {
        "Diluted EPS": 0.6,
        "Total Revenue": 213,
        "Gross Profit": 172,
        "Operating Income": 68,
        "EBIT": NaN,
        "Net Income": 56
    },
    "2018-09-30": {
        "Diluted EPS": 0.59,
        "Total Revenue": 213,
        "Gross Profit": 177,
        "Operating Income": 67,
        "EBIT": NaN,
        "Net Income": 55
    },
    "2018-06-30": {
        "Diluted EPS": 0.58,
        "Total Revenue": 204,
        "Gross Profit": 175,
        "Operating Income": 69,
        "EBIT": NaN,
        "Net Income": 54
    },
    "2018-03-31": {
        "Diluted EPS": 0.55,
        "Total Revenue": 195,
        "Gross Profit": 173,
        "Operating Income": 67,
        "EBIT": NaN,
        "Net Income": 51
    },
    "2017-12-31": {
        "Diluted EPS": 0.18,
        "Total Revenue": 182,
        "Gross Profit": 164,
        "Operating Income": 60,
        "EBIT": NaN,
        "Net Income": 19
    },
    "2017-09-30": {
        "Diluted EPS": 0.44,
        "Total Revenue": 124,
        "Gross Profit": 115,
        "Operating Income": 44,
        "EBIT": NaN,
        "Net Income": 29
    },
    "2017-06-30": {
        "Diluted EPS": 0.36,
        "Total Revenue": 120,
        "Gross Profit": 113,
        "Operating Income": 41,
        "EBIT": NaN,
        "Net Income": 23
    },
    "2017-03-31": {
        "Diluted EPS": 0.35,
        "Total Revenue": 108,
        "Gross Profit": 102,
        "Operating Income": 32,
        "EBIT": NaN,
        "Net Income": 22
    },
    "2016-12-31": {
        "Diluted EPS": 0.42,
        "Total Revenue": 116,
        "Gross Profit": 110,
        "Operating Income": 42,
        "EBIT": NaN,
        "Net Income": 27
    },
    "2016-09-30": {
        "Diluted EPS": 0.38,
        "Total Revenue": 110,
        "Gross Profit": 105,
        "Operating Income": 36,
        "EBIT": NaN,
        "Net Income": 23
    },
    "2016-06-30": {
        "Diluted EPS": 0.38,
        "Total Revenue": 109,
        "Gross Profit": 103,
        "Operating Income": 35,
        "EBIT": NaN,
        "Net Income": 23
    },
    "2016-03-31": {
        "Diluted EPS": 0.39,
        "Total Revenue": 105,
        "Gross Profit": 100,
        "Operating Income": 35,
        "EBIT": NaN,
        "Net Income": 23
    },
    "2015-12-31": {
        "Diluted EPS": 0.42,
        "Total Revenue": 108,
        "Gross Profit": 102,
        "Operating Income": 33,
        "EBIT": NaN,
        "Net Income": 24
    },
    "2015-09-30": {
        "Diluted EPS": 0.36,
        "Total Revenue": 108,
        "Gross Profit": 102,
        "Operating Income": 33,
        "EBIT": NaN,
        "Net Income": 22
    },
    "2015-06-30": {
        "Diluted EPS": 0.34,
        "Total Revenue": 104,
        "Gross Profit": 98,
        "Operating Income": 32,
        "EBIT": NaN,
        "Net Income": 20
    },
    "2015-03-31": {
        "Diluted EPS": 0.2,
        "Total Revenue": 76,
        "Gross Profit": 71,
        "Operating Income": 23,
        "EBIT": NaN,
        "Net Income": 9
    },
    "2014-12-31": {
        "Diluted EPS": 0.36,
        "Total Revenue": 73,
        "Gross Profit": 69,
        "Operating Income": 20,
        "EBIT": NaN,
        "Net Income": 13
    },
    "2014-09-30": {
        "Diluted EPS": 0.26,
        "Total Revenue": 61,
        "Gross Profit": 58,
        "Operating Income": 16,
        "EBIT": NaN,
        "Net Income": 9
    },
    "2014-06-30": {
        "Diluted EPS": 0.3,
        "Total Revenue": 59,
        "Gross Profit": 56,
        "Operating Income": 16,
        "EBIT": NaN,
        "Net Income": 10
    },
    "2014-03-31": {
        "Diluted EPS": 0.14,
        "Total Revenue": 54,
        "Gross Profit": 51,
        "Operating Income": 7,
        "EBIT": NaN,
        "Net Income": 4
    },
    "2013-12-31": {
        "Diluted EPS": 0.12,
        "Total Revenue": 51,
        "Gross Profit": 47,
        "Operating Income": 11,
        "EBIT": NaN,
        "Net Income": 4
    },
    "2013-09-30": {
        "Diluted EPS": 0.22,
        "Total Revenue": 45,
        "Gross Profit": 42,
        "Operating Income": 10,
        "EBIT": NaN,
        "Net Income": 7
    },
    "2013-06-30": {
        "Diluted EPS": 0.2,
        "Total Revenue": 44,
        "Gross Profit": 41,
        "Operating Income": 9,
        "EBIT": NaN,
        "Net Income": 7
    },
    "2013-03-31": {
        "Diluted EPS": 0.18,
        "Total Revenue": 45,
        "Gross Profit": 41,
        "Operating Income": 9,
        "EBIT": NaN,
        "Net Income": 6
    },
    "2012-12-31": {
        "Diluted EPS": 0.24,
        "Total Revenue": 49,
        "Gross Profit": 45,
        "Operating Income": 13,
        "EBIT": NaN,
        "Net Income": 8
    },
    "2012-09-30": {
        "Diluted EPS": 0.21,
        "Total Revenue": 44,
        "Gross Profit": 40,
        "Operating Income": 11,
        "EBIT": NaN,
        "Net Income": 7
    },
    "2012-06-30": {
        "Diluted EPS": 0.19,
        "Total Revenue": 42,
        "Gross Profit": 38,
        "Operating Income": 9,
        "EBIT": NaN,
        "Net Income": 7
    },
    "2012-03-31": {
        "Diluted EPS": 0.19,
        "Total Revenue": 43,
        "Gross Profit": 38,
        "Operating Income": 9,
        "EBIT": NaN,
        "Net Income": 6
    },
    "2011-12-31": {
        "Diluted EPS": 0.19,
        "Total Revenue": 45,
        "Gross Profit": 40,
        "Operating Income": 9,
        "EBIT": NaN,
        "Net Income": 6
    },
    "2011-09-30": {
        "Diluted EPS": 0.21,
        "Total Revenue": 46,
        "Gross Profit": 41,
        "Operating Income": 11,
        "EBIT": NaN,
        "Net Income": 7
    },
    "2011-06-30": {
        "Diluted EPS": 0.2,
        "Total Revenue": 47,
        "Gross Profit": 42,
        "Operating Income": 10,
        "EBIT": NaN,
        "Net Income": 7
    },
    "2011-03-31": {
        "Diluted EPS": 0.15,
        "Total Revenue": 45,
        "Gross Profit": 39,
        "Operating Income": 7,
        "EBIT": NaN,
        "Net Income": 5
    },
    "2010-12-31": {
        "Diluted EPS": 0.48,
        "Total Revenue": 67,
        "Gross Profit": 60,
        "Operating Income": 28,
        "EBIT": NaN,
        "Net Income": 17
    },
    "2010-09-30": {
        "Diluted EPS": 0.22,
        "Total Revenue": 47,
        "Gross Profit": 41,
        "Operating Income": 11,
        "EBIT": NaN,
        "Net Income": 8
    },
    "2010-06-30": {
        "Diluted EPS": 0.23,
        "Total Revenue": 49,
        "Gross Profit": 42,
        "Operating Income": 12,
        "EBIT": NaN,
        "Net Income": 8
    },
    "2010-03-31": {
        "Diluted EPS": 0.15,
        "Total Revenue": 44,
        "Gross Profit": 37,
        "Operating Income": 7,
        "EBIT": NaN,
        "Net Income": 5
    },
    "2009-12-31": {
        "Diluted EPS": 0.22,
        "Total Revenue": 47,
        "Gross Profit": 38,
        "Operating Income": 10,
        "EBIT": NaN,
        "Net Income": 7
    },
    "2009-09-30": {
        "Diluted EPS": 0.27,
        "Total Revenue": 49,
        "Gross Profit": 40,
        "Operating Income": 11,
        "EBIT": NaN,
        "Net Income": 8
    },
    "2009-06-30": {
        "Diluted EPS": 0.2,
        "Total Revenue": 47,
        "Gross Profit": 37,
        "Operating Income": 8,
        "EBIT": NaN,
        "Net Income": 6
    },
    "2009-03-31": {
        "Diluted EPS": 0.19,
        "Total Revenue": 46,
        "Gross Profit": 35,
        "Operating Income": 7,
        "EBIT": NaN,
        "Net Income": 5
    },
    "2023-09-30": {
        "Tax Effect Of Unusual Items": -818.1094,
        "Tax Rate For Calcs": 0.163622,
        "Total Unusual Items": -5000.0,
        "Total Unusual Items Excluding Goodwill": -5000.0,
        "Net Income From Continuing Operation Net Minority Interest": 47247000.0,
        "Reconciled Depreciation": 11979000.0,
        "Net Interest Income": 153433000.0,
        "Interest Expense": 156853000.0,
        "Interest Income": 310286000.0,
        "Normalized Income": 47251181.8906,
        "Net Income From Continuing And Discontinued Operation": 47247000.0,
        "Diluted Average Shares": 126284000.0,
        "Basic Average Shares": 125914000.0,
        "Diluted EPS": 0.37,
        "Basic EPS": 0.38,
        "Diluted NI Availto Com Stockholders": 47247000.0,
        "Net Income Common Stockholders": 47247000.0,
        "Net Income": 47247000.0,
        "Net Income Including Noncontrolling Interests": 47247000.0,
        "Net Income Continuous Operations": 47247000.0,
        "Tax Provision": 9243000.0,
        "Pretax Income": 56490000.0,
        "Special Income Charges": -5000.0,
        "Restructuring And Mergern Acquisition": 5000.0,
        "Gain On Sale Of Security": 1200000.0,
        "Depreciation Amortization Depletion Income Statement": 4097000.0,
        "Depreciation And Amortization In Income Statement": 4097000.0,
        "Amortization": 4097000.0,
        "Amortization Of Intangibles Income Statement": 4097000.0,
        "Selling General And Administration": 77833000.0,
        "Selling And Marketing Expense": 5787000.0,
        "General And Administrative Expense": 72046000.0,
        "Insurance And Claims": 4672000.0,
        "Salaries And Wages": 67374000.0,
        "Total Revenue": 194054000.0,
        "Operating Revenue": 194054000.0
    }
}