{
    "2023-06-30": {
        "Tax Effect Of Unusual Items": 0.0,
        "Tax Rate For Calcs": 0.245549,
        "Total Unusual Items": 0.0,
        "Total Unusual Items Excluding Goodwill": 0.0,
        "Net Income From Continuing Operation Net Minority Interest": 2458000.0,
        "Reconciled Depreciation": 1194000.0,
        "Net Interest Income": 18825000.0,
        "Interest Expense": 23861000.0,
        "Interest Income": 42686000.0,
        "Normalized Income": 2458000.0,
        "Net Income From Continuing And Discontinued Operation": 2458000.0,
        "Diluted NI Availto Com Stockholders": 2458000.0,
        "Net Income Common Stockholders": 2458000.0,
        "Net Income": 2458000.0,
        "Net Income Including Noncontrolling Interests": 2458000.0,
        "Net Income Continuous Operations": 2458000.0,
        "Tax Provision": 800000.0,
        "Pretax Income": 3258000.0,
        "Special Income Charges": 0.0,
        "Gain On Sale Of Security": NaN,
        "Selling General And Administration": 11519000.0,
        "Selling And Marketing Expense": 335000.0,
        "General And Administrative Expense": 11184000.0,
        "Other Gand A": NaN,
        "Insurance And Claims": 897000.0,
        "Salaries And Wages": 10287000.0,
        "Total Revenue": 21561000.0,
        "Operating Revenue": 21561000.0
    },
    "2023-03-31": {
        "Tax Effect Of Unusual Items": 0.0,
        "Tax Rate For Calcs": 0.236,
        "Total Unusual Items": NaN,
        "Total Unusual Items Excluding Goodwill": NaN,
        "Net Income From Continuing Operation Net Minority Interest": 2703000.0,
        "Reconciled Depreciation": 1203000.0,
        "Net Interest Income": 20424000.0,
        "Interest Expense": 17906000.0,
        "Interest Income": 38330000.0,
        "Normalized Income": 2703000.0,
        "Net Income From Continuing And Discontinued Operation": 2703000.0,
        "Diluted NI Availto Com Stockholders": 2703000.0,
        "Net Income Common Stockholders": 2703000.0,
        "Net Income": 2703000.0,
        "Net Income Including Noncontrolling Interests": 2703000.0,
        "Net Income Continuous Operations": 2703000.0,
        "Tax Provision": 836000.0,
        "Pretax Income": 3539000.0,
        "Special Income Charges": NaN,
        "Gain On Sale Of Security": NaN,
        "Selling General And Administration": 11411000.0,
        "Selling And Marketing Expense": 366000.0,
        "General And Administrative Expense": 11045000.0,
        "Other Gand A": NaN,
        "Insurance And Claims": 689000.0,
        "Salaries And Wages": 10356000.0,
        "Total Revenue": 22468000.0,
        "Operating Revenue": 22468000.0
    },
    "2022-12-31": {
        "Tax Effect Of Unusual Items": 0.0,
        "Tax Rate For Calcs": 0.225169,
        "Total Unusual Items": NaN,
        "Total Unusual Items Excluding Goodwill": NaN,
        "Net Income From Continuing Operation Net Minority Interest": 5492000.0,
        "Reconciled Depreciation": 1177000.0,
        "Net Interest Income": 24119000.0,
        "Interest Expense": 10906000.0,
        "Interest Income": 35025000.0,
        "Normalized Income": 5492000.0,
        "Net Income From Continuing And Discontinued Operation": 5492000.0,
        "Diluted NI Availto Com Stockholders": 5492000.0,
        "Net Income Common Stockholders": 5492000.0,
        "Net Income": 5492000.0,
        "Net Income Including Noncontrolling Interests": 5492000.0,
        "Net Income Continuous Operations": 5492000.0,
        "Tax Provision": 1596000.0,
        "Pretax Income": 7088000.0,
        "Special Income Charges": NaN,
        "Gain On Sale Of Security": NaN,
        "Selling General And Administration": 5819000.0,
        "Selling And Marketing Expense": 282000.0,
        "General And Administrative Expense": 5537000.0,
        "Other Gand A": NaN,
        "Insurance And Claims": 552000.0,
        "Salaries And Wages": 9576000.0,
        "Total Revenue": 25432000.0,
        "Operating Revenue": 25432000.0
    },
    "2022-09-30": {
        "Tax Effect Of Unusual Items": 0.0,
        "Tax Rate For Calcs": 0.245,
        "Total Unusual Items": 0.0,
        "Total Unusual Items Excluding Goodwill": 0.0,
        "Net Income From Continuing Operation Net Minority Interest": 8413000.0,
        "Reconciled Depreciation": 1180000.0,
        "Net Interest Income": 25454000.0,
        "Interest Expense": 5480000.0,
        "Interest Income": 30934000.0,
        "Normalized Income": 8413000.0,
        "Net Income From Continuing And Discontinued Operation": 8413000.0,
        "Diluted Average Shares": 8065000.0,
        "Basic Average Shares": 7972000.0,
        "Diluted EPS": 1.04,
        "Basic EPS": 1.06,
        "Diluted NI Availto Com Stockholders": 8413000.0,
        "Net Income Common Stockholders": 8413000.0,
        "Net Income": 8413000.0,
        "Net Income Including Noncontrolling Interests": 8413000.0,
        "Net Income Continuous Operations": 8413000.0,
        "Tax Provision": 2725000.0,
        "Pretax Income": 11138000.0,
        "Special Income Charges": 0.0,
        "Selling General And Administration": 12217000.0,
        "Selling And Marketing Expense": 338000.0,
        "General And Administrative Expense": 11879000.0,
        "Other Gand A": 1529000.0,
        "Insurance And Claims": 507000.0,
        "Salaries And Wages": 9843000.0,
        "Total Revenue": 28134000.0,
        "Operating Revenue": 28134000.0
    },
    "2022-06-30": {
        "Tax Effect Of Unusual Items": -96530.0,
        "Tax Rate For Calcs": 0.245,
        "Total Unusual Items": -394000.0,
        "Total Unusual Items Excluding Goodwill": -394000.0,
        "Net Income From Continuing Operation Net Minority Interest": 7240000.0,
        "Reconciled Depreciation": 758000.0,
        "Net Interest Income": 24884000.0,
        "Interest Expense": 2354000.0,
        "Interest Income": 27238000.0,
        "Normalized Income": 7537470.0,
        "Net Income From Continuing And Discontinued Operation": 7240000.0,
        "Diluted Average Shares": 8054910.0,
        "Basic Average Shares": 7957631.0,
        "Diluted EPS": 0.9,
        "Basic EPS": 0.91,
        "Diluted NI Availto Com Stockholders": 7240000.0,
        "Net Income Common Stockholders": 7240000.0,
        "Net Income": 7240000.0,
        "Net Income Including Noncontrolling Interests": 7240000.0,
        "Net Income Continuous Operations": 7240000.0,
        "Tax Provision": 2346000.0,
        "Pretax Income": 9586000.0,
        "Special Income Charges": -394000.0,
        "Other Special Charges": 394000.0,
        "Selling General And Administration": 12139000.0,
        "Selling And Marketing Expense": 329000.0,
        "General And Administrative Expense": 11810000.0,
        "Other Gand A": 1528000.0,
        "Insurance And Claims": 367000.0,
        "Salaries And Wages": 9915000.0,
        "Total Revenue": 27543000.0,
        "Operating Revenue": 27543000.0
    },
    "2022-03-31": {
        "Diluted EPS": 0.98,
        "Total Revenue": 27,
        "Gross Profit": 26,
        "Operating Income": 10,
        "EBIT": NaN,
        "Net Income": 8
    },
    "2021-12-31": {
        "Diluted EPS": 1.5,
        "Total Revenue": 27,
        "Gross Profit": 26,
        "Operating Income": 16,
        "EBIT": NaN,
        "Net Income": 12
    },
    "2021-09-30": {
        "Diluted EPS": 1.75,
        "Total Revenue": 28,
        "Gross Profit": 26,
        "Operating Income": 18,
        "EBIT": NaN,
        "Net Income": 14
    },
    "2021-06-30": {
        "Diluted EPS": 1.29,
        "Total Revenue": 26,
        "Gross Profit": 25,
        "Operating Income": 13,
        "EBIT": NaN,
        "Net Income": 10
    },
    "2021-03-31": {
        "Diluted EPS": 1.31,
        "Total Revenue": 29,
        "Gross Profit": 27,
        "Operating Income": 13,
        "EBIT": NaN,
        "Net Income": 10
    },
    "2020-12-31": {
        "Diluted EPS": 1.1,
        "Total Revenue": 30,
        "Gross Profit": 28,
        "Operating Income": 11,
        "EBIT": NaN,
        "Net Income": 9
    },
    "2020-09-30": {
        "Diluted EPS": 0.28,
        "Total Revenue": 31,
        "Gross Profit": 28,
        "Operating Income": 3,
        "EBIT": NaN,
        "Net Income": 2
    },
    "2020-06-30": {
        "Diluted EPS": 0.6,
        "Total Revenue": 33,
        "Gross Profit": 29,
        "Operating Income": 6,
        "EBIT": NaN,
        "Net Income": 5
    },
    "2020-03-31": {
        "Diluted EPS": 0.36,
        "Total Revenue": 28,
        "Gross Profit": 22,
        "Operating Income": 4,
        "EBIT": NaN,
        "Net Income": 3
    },
    "2019-12-31": {
        "Diluted EPS": 0.92,
        "Total Revenue": 27,
        "Gross Profit": 21,
        "Operating Income": 9,
        "EBIT": NaN,
        "Net Income": 7
    },
    "2019-09-30": {
        "Diluted EPS": 0.95,
        "Total Revenue": 28,
        "Gross Profit": 22,
        "Operating Income": 10,
        "EBIT": NaN,
        "Net Income": 7
    },
    "2019-06-30": {
        "Diluted EPS": 0.93,
        "Total Revenue": 27,
        "Gross Profit": 21,
        "Operating Income": 9,
        "EBIT": NaN,
        "Net Income": 7
    },
    "2019-03-31": {
        "Diluted EPS": 0.78,
        "Total Revenue": 25,
        "Gross Profit": 19,
        "Operating Income": 8,
        "EBIT": NaN,
        "Net Income": 6
    },
    "2018-12-31": {
        "Diluted EPS": 0.75,
        "Total Revenue": 24,
        "Gross Profit": 18,
        "Operating Income": 8,
        "EBIT": NaN,
        "Net Income": 6
    },
    "2018-09-30": {
        "Diluted EPS": 0.75,
        "Total Revenue": 22,
        "Gross Profit": 18,
        "Operating Income": 7,
        "EBIT": NaN,
        "Net Income": 6
    },
    "2018-06-30": {
        "Diluted EPS": 0.71,
        "Total Revenue": 21,
        "Gross Profit": 17,
        "Operating Income": 7,
        "EBIT": NaN,
        "Net Income": 6
    },
    "2018-03-31": {
        "Diluted EPS": 0.67,
        "Total Revenue": 20,
        "Gross Profit": 16,
        "Operating Income": 7,
        "EBIT": NaN,
        "Net Income": 5
    },
    "2017-12-31": {
        "Diluted EPS": 0.26,
        "Total Revenue": 19,
        "Gross Profit": 16,
        "Operating Income": 7,
        "EBIT": NaN,
        "Net Income": 2
    },
    "2017-09-30": {
        "Diluted EPS": 0.55,
        "Total Revenue": 18,
        "Gross Profit": 16,
        "Operating Income": 7,
        "EBIT": NaN,
        "Net Income": 4
    },
    "2017-06-30": {
        "Diluted EPS": 0.49,
        "Total Revenue": 17,
        "Gross Profit": 15,
        "Operating Income": 6,
        "EBIT": NaN,
        "Net Income": 4
    },
    "2017-03-31": {
        "Diluted EPS": 0.46,
        "Total Revenue": 16,
        "Gross Profit": 14,
        "Operating Income": 5,
        "EBIT": NaN,
        "Net Income": 3
    },
    "2016-12-31": {
        "Diluted EPS": 0.49,
        "Total Revenue": 16,
        "Gross Profit": 13,
        "Operating Income": 4,
        "EBIT": NaN,
        "Net Income": 3
    },
    "2016-09-30": {
        "Diluted EPS": 0.51,
        "Total Revenue": 16,
        "Gross Profit": 14,
        "Operating Income": 5,
        "EBIT": NaN,
        "Net Income": 3
    },
    "2016-06-30": {
        "Diluted EPS": 0.49,
        "Total Revenue": 16,
        "Gross Profit": 14,
        "Operating Income": 5,
        "EBIT": NaN,
        "Net Income": 3
    },
    "2016-03-31": {
        "Diluted EPS": 0.45,
        "Total Revenue": 15,
        "Gross Profit": 13,
        "Operating Income": 5,
        "EBIT": NaN,
        "Net Income": 3
    },
    "2015-12-31": {
        "Diluted EPS": 0.44,
        "Total Revenue": 14,
        "Gross Profit": 12,
        "Operating Income": 4,
        "EBIT": NaN,
        "Net Income": 3
    },
    "2015-09-30": {
        "Diluted EPS": 0.41,
        "Total Revenue": 14,
        "Gross Profit": 12,
        "Operating Income": 4,
        "EBIT": NaN,
        "Net Income": 3
    },
    "2015-06-30": {
        "Diluted EPS": 0.39,
        "Total Revenue": 13,
        "Gross Profit": 12,
        "Operating Income": 4,
        "EBIT": NaN,
        "Net Income": 3
    },
    "2015-03-31": {
        "Diluted EPS": 0.31,
        "Total Revenue": 13,
        "Gross Profit": 11,
        "Operating Income": 3,
        "EBIT": NaN,
        "Net Income": 2
    },
    "2014-12-31": {
        "Diluted EPS": 0.31,
        "Total Revenue": 12,
        "Gross Profit": 11,
        "Operating Income": 3,
        "EBIT": NaN,
        "Net Income": 2
    },
    "2014-09-30": {
        "Diluted EPS": 0.31,
        "Total Revenue": 12,
        "Gross Profit": 10,
        "Operating Income": 3,
        "EBIT": NaN,
        "Net Income": 2
    },
    "2014-06-30": {
        "Diluted EPS": 0.26,
        "Total Revenue": 11,
        "Gross Profit": 10,
        "Operating Income": 2,
        "EBIT": NaN,
        "Net Income": 1
    },
    "2014-03-31": {
        "Diluted EPS": 0.22,
        "Total Revenue": 10,
        "Gross Profit": 9,
        "Operating Income": 2,
        "EBIT": NaN,
        "Net Income": 1
    },
    "2013-12-31": {
        "Diluted EPS": 0.28,
        "Total Revenue": 10,
        "Gross Profit": 9,
        "Operating Income": 2,
        "EBIT": NaN,
        "Net Income": 1
    },
    "2013-09-30": {
        "Diluted EPS": 0.27,
        "Total Revenue": 10,
        "Gross Profit": 8,
        "Operating Income": 2,
        "EBIT": NaN,
        "Net Income": 1
    },
    "2013-06-30": {
        "Diluted EPS": 0.25,
        "Total Revenue": 10,
        "Gross Profit": 8,
        "Operating Income": 2,
        "EBIT": NaN,
        "Net Income": 1
    },
    "2013-03-31": {
        "Diluted EPS": 0.18,
        "Total Revenue": 10,
        "Gross Profit": 8,
        "Operating Income": 1,
        "EBIT": NaN,
        "Net Income": 1
    },
    "2012-12-31": {
        "Diluted EPS": 0.23,
        "Total Revenue": 10,
        "Gross Profit": 8,
        "Operating Income": 2,
        "EBIT": NaN,
        "Net Income": 1
    },
    "2012-09-30": {
        "Diluted EPS": 0.19,
        "Total Revenue": 10,
        "Gross Profit": 8,
        "Operating Income": 2,
        "EBIT": NaN,
        "Net Income": 1
    },
    "2012-06-30": {
        "Diluted EPS": 0.13,
        "Total Revenue": 9,
        "Gross Profit": 7,
        "Operating Income": 1,
        "EBIT": NaN,
        "Net Income": 1
    },
    "2012-03-31": {
        "Diluted EPS": 0.09,
        "Total Revenue": 9,
        "Gross Profit": 7,
        "Operating Income": 1,
        "EBIT": NaN,
        "Net Income": 0
    },
    "2011-12-31": {
        "Diluted EPS": 0.04,
        "Total Revenue": 10,
        "Gross Profit": 7,
        "Operating Income": 1,
        "EBIT": NaN,
        "Net Income": 0
    },
    "2011-09-30": {
        "Diluted EPS": 0.05,
        "Total Revenue": 10,
        "Gross Profit": 7,
        "Operating Income": 1,
        "EBIT": NaN,
        "Net Income": 0
    },
    "2011-06-30": {
        "Diluted EPS": 0.08,
        "Total Revenue": 10,
        "Gross Profit": 6,
        "Operating Income": 1,
        "EBIT": NaN,
        "Net Income": 0
    },
    "2011-03-31": {
        "Diluted EPS": 0.06,
        "Total Revenue": 9,
        "Gross Profit": 6,
        "Operating Income": 1,
        "EBIT": NaN,
        "Net Income": 0
    },
    "2010-12-31": {
        "Diluted EPS": 0.06,
        "Total Revenue": 9,
        "Gross Profit": 6,
        "Operating Income": 1,
        "EBIT": NaN,
        "Net Income": 0
    },
    "2010-09-30": {
        "Diluted EPS": 0.02,
        "Total Revenue": 9,
        "Gross Profit": 5,
        "Operating Income": 0,
        "EBIT": NaN,
        "Net Income": 0
    },
    "2010-06-30": {
        "Diluted EPS": -0.06,
        "Total Revenue": 11,
        "Gross Profit": 7,
        "Operating Income": 0,
        "EBIT": NaN,
        "Net Income": 0
    },
    "2010-03-31": {
        "Diluted EPS": -0.07,
        "Total Revenue": 9,
        "Gross Profit": 5,
        "Operating Income": 0,
        "EBIT": NaN,
        "Net Income": 0
    },
    "2009-12-31": {
        "Diluted EPS": -0.05,
        "Total Revenue": 10,
        "Gross Profit": 6,
        "Operating Income": 0,
        "EBIT": NaN,
        "Net Income": 0
    },
    "2009-09-30": {
        "Diluted EPS": 0.02,
        "Total Revenue": 10,
        "Gross Profit": 5,
        "Operating Income": 1,
        "EBIT": NaN,
        "Net Income": 0
    },
    "2009-06-30": {
        "Diluted EPS": 0.0,
        "Total Revenue": 10,
        "Gross Profit": 5,
        "Operating Income": 0,
        "EBIT": NaN,
        "Net Income": 0
    },
    "2009-03-31": {
        "Diluted EPS": 0.09,
        "Total Revenue": 9,
        "Gross Profit": 5,
        "Operating Income": 1,
        "EBIT": NaN,
        "Net Income": 0
    },
    "2023-09-30": {
        "Tax Effect Of Unusual Items": 0.0,
        "Tax Rate For Calcs": 0.22577,
        "Total Unusual Items": 0.0,
        "Total Unusual Items Excluding Goodwill": 0.0,
        "Net Income From Continuing Operation Net Minority Interest": 4098000.0,
        "Reconciled Depreciation": 1214000.0,
        "Net Interest Income": 19345000.0,
        "Interest Expense": 28102000.0,
        "Interest Income": 47447000.0,
        "Normalized Income": 4098000.0,
        "Net Income From Continuing And Discontinued Operation": 4098000.0,
        "Diluted NI Availto Com Stockholders": 4098000.0,
        "Net Income Common Stockholders": 4098000.0,
        "Net Income": 4098000.0,
        "Net Income Including Noncontrolling Interests": 4098000.0,
        "Net Income Continuous Operations": 4098000.0,
        "Tax Provision": 1195000.0,
        "Pretax Income": 5293000.0,
        "Special Income Charges": 0.0,
        "Gain On Sale Of Security": 0.0,
        "Selling General And Administration": 13511000.0,
        "Selling And Marketing Expense": 293000.0,
        "General And Administrative Expense": 13218000.0,
        "Other Gand A": 1744000.0,
        "Insurance And Claims": 1243000.0,
        "Salaries And Wages": 10231000.0,
        "Total Revenue": 22095000.0,
        "Operating Revenue": 22095000.0
    }
}