{
    "2023-03-31": {
        "Tax Effect Of Unusual Items": -372400.0,
        "Tax Rate For Calcs": 0.4,
        "Normalized EBITDA": -36461000.0,
        "Total Unusual Items": -931000.0,
        "Total Unusual Items Excluding Goodwill": -931000.0,
        "Net Income From Continuing Operation Net Minority Interest": -48097000.0,
        "Reconciled Depreciation": 7855000.0,
        "Reconciled Cost Of Revenue": 50719000.0,
        "EBIT": -45247000.0,
        "Net Interest Income": -2795000.0,
        "Interest Expense": 2795000.0,
        "Normalized Income": -47538400.0,
        "Net Income From Continuing And Discontinued Operation": -48097000.0,
        "Total Expenses": 102009000.0,
        "Total Operating Income As Reported": -45247000.0,
        "Diluted Average Shares": 16920600.0,
        "Basic Average Shares": 16920600.0,
        "Diluted EPS": -2.84,
        "Basic EPS": -2.84,
        "Diluted NI Availto Com Stockholders": -48097000.0,
        "Net Income Common Stockholders": -48097000.0,
        "Net Income": -48097000.0,
        "Net Income Including Noncontrolling Interests": -48097000.0,
        "Net Income Discontinuous Operations": -494000.0,
        "Net Income Continuous Operations": -48097000.0,
        "Tax Provision": 55000.0,
        "Pretax Income": -48042000.0,
        "Other Income Expense": -931000.0,
        "Special Income Charges": -931000.0,
        "Write Off": 931000.0,
        "Impairment Of Capital Assets": 931000.0,
        "Restructuring And Mergern Acquisition": NaN,
        "Net Non Operating Interest Income Expense": -2795000.0,
        "Interest Expense Non Operating": 2795000.0,
        "Operating Income": -44316000.0,
        "Operating Expense": 47854000.0,
        "Depreciation Amortization Depletion Income Statement": 4419000.0,
        "Depreciation And Amortization In Income Statement": 4419000.0,
        "Selling General And Administration": 43435000.0,
        "Selling And Marketing Expense": 4530000.0,
        "General And Administrative Expense": 38061000.0,
        "Other Gand A": 23427000.0,
        "Salaries And Wages": 14634000.0,
        "Gross Profit": 3538000.0,
        "Cost Of Revenue": 54155000.0,
        "Total Revenue": 57693000.0,
        "Operating Revenue": 55771000.0
    },
    "2022-12-31": {
        "Tax Effect Of Unusual Items": 1073309.090909,
        "Tax Rate For Calcs": 0.018182,
        "Normalized EBITDA": -39684000.0,
        "Total Unusual Items": 59032000.0,
        "Total Unusual Items Excluding Goodwill": 59032000.0,
        "Net Income From Continuing Operation Net Minority Interest": 13014000.0,
        "Reconciled Depreciation": -6197000.0,
        "Reconciled Cost Of Revenue": 72869000.0,
        "EBIT": 15989000.0,
        "Net Interest Income": -2734000.0,
        "Interest Expense": 2734000.0,
        "Normalized Income": -44944690.909091,
        "Net Income From Continuing And Discontinued Operation": 13014000.0,
        "Total Expenses": 108612000.0,
        "Total Operating Income As Reported": -60696000.0,
        "Diluted Average Shares": 12124578.0,
        "Basic Average Shares": 10317221.0,
        "Diluted EPS": 1.25,
        "Basic EPS": 1.26,
        "Diluted NI Availto Com Stockholders": 13014000.0,
        "Net Income Common Stockholders": 13014000.0,
        "Net Income": 13014000.0,
        "Net Income Including Noncontrolling Interests": 13014000.0,
        "Net Income Discontinuous Operations": NaN,
        "Net Income Continuous Operations": 13014000.0,
        "Tax Provision": 241000.0,
        "Pretax Income": 13255000.0,
        "Other Income Expense": 59032000.0,
        "Special Income Charges": 59032000.0,
        "Write Off": 17319000.0,
        "Impairment Of Capital Assets": 17319000.0,
        "Restructuring And Mergern Acquisition": -76351000.0,
        "Net Non Operating Interest Income Expense": -2734000.0,
        "Interest Expense Non Operating": 2734000.0,
        "Operating Income": -43043000.0,
        "Operating Expense": 45299000.0,
        "Depreciation Amortization Depletion Income Statement": 3359000.0,
        "Depreciation And Amortization In Income Statement": 3359000.0,
        "Selling General And Administration": 41940000.0,
        "Selling And Marketing Expense": 4370000.0,
        "General And Administrative Expense": 37552000.0,
        "Other Gand A": 24843000.0,
        "Salaries And Wages": 12709000.0,
        "Gross Profit": 2256000.0,
        "Cost Of Revenue": 63313000.0,
        "Total Revenue": 65569000.0,
        "Operating Revenue": 62368000.0
    },
    "2022-09-30": {
        "Tax Effect Of Unusual Items": -8259600.0,
        "Tax Rate For Calcs": 0.4,
        "Normalized EBITDA": -49396000.0,
        "Total Unusual Items": -20649000.0,
        "Total Unusual Items Excluding Goodwill": -20649000.0,
        "Net Income From Continuing Operation Net Minority Interest": -75810000.0,
        "Reconciled Depreciation": 2958000.0,
        "Reconciled Cost Of Revenue": 161460000.0,
        "EBIT": -73003000.0,
        "Net Interest Income": -2789000.0,
        "Interest Expense": 2789000.0,
        "Normalized Income": -63420600.0,
        "Net Income From Continuing And Discontinued Operation": -75810000.0,
        "Total Expenses": 214223000.0,
        "Total Operating Income As Reported": -73003000.0,
        "Diluted Average Shares": 8228707.0,
        "Basic Average Shares": 8228707.0,
        "Diluted EPS": -9.2,
        "Basic EPS": -9.2,
        "Diluted NI Availto Com Stockholders": -75810000.0,
        "Net Income Common Stockholders": -75810000.0,
        "Net Income": -75810000.0,
        "Net Income Including Noncontrolling Interests": -75810000.0,
        "Net Income Discontinuous Operations": NaN,
        "Net Income Continuous Operations": -75810000.0,
        "Tax Provision": 18000.0,
        "Pretax Income": -75792000.0,
        "Other Income Expense": -20649000.0,
        "Special Income Charges": -20649000.0,
        "Write Off": NaN,
        "Impairment Of Capital Assets": NaN,
        "Restructuring And Mergern Acquisition": 20649000.0,
        "Net Non Operating Interest Income Expense": -2789000.0,
        "Interest Expense Non Operating": 2789000.0,
        "Operating Income": -52354000.0,
        "Operating Expense": 52763000.0,
        "Depreciation Amortization Depletion Income Statement": 2958000.0,
        "Depreciation And Amortization In Income Statement": 2958000.0,
        "Selling General And Administration": 49805000.0,
        "Selling And Marketing Expense": 5811000.0,
        "General And Administrative Expense": 43994000.0,
        "Other Gand A": 18930000.0,
        "Salaries And Wages": 25064000.0,
        "Gross Profit": 409000.0,
        "Cost Of Revenue": 161460000.0,
        "Total Revenue": 161869000.0,
        "Operating Revenue": 155995000.0
    },
    "2022-06-30": {
        "Tax Effect Of Unusual Items": 0.0,
        "Tax Rate For Calcs": 0.4,
        "Normalized EBITDA": -42798000.0,
        "Total Unusual Items": NaN,
        "Total Unusual Items Excluding Goodwill": NaN,
        "Net Income From Continuing Operation Net Minority Interest": -52198000.0,
        "Reconciled Depreciation": 6527000.0,
        "Reconciled Cost Of Revenue": 207787000.0,
        "EBIT": -49325000.0,
        "Net Interest Income": -2846000.0,
        "Interest Expense": 2846000.0,
        "Normalized Income": -52198000.0,
        "Net Income From Continuing And Discontinued Operation": -52198000.0,
        "Total Expenses": 273058000.0,
        "Total Operating Income As Reported": -49325000.0,
        "Diluted Average Shares": 8095278.0,
        "Basic Average Shares": 8095278.0,
        "Diluted EPS": -6.45,
        "Basic EPS": -6.45,
        "Diluted NI Availto Com Stockholders": -52198000.0,
        "Net Income Common Stockholders": -52198000.0,
        "Net Income": -52198000.0,
        "Net Income Including Noncontrolling Interests": -52198000.0,
        "Net Income Discontinuous Operations": NaN,
        "Net Income Continuous Operations": -52198000.0,
        "Tax Provision": 27000.0,
        "Pretax Income": -52171000.0,
        "Other Income Expense": NaN,
        "Special Income Charges": NaN,
        "Write Off": NaN,
        "Impairment Of Capital Assets": NaN,
        "Restructuring And Mergern Acquisition": NaN,
        "Net Non Operating Interest Income Expense": -2846000.0,
        "Interest Expense Non Operating": 2846000.0,
        "Operating Income": -49325000.0,
        "Operating Expense": 61203000.0,
        "Depreciation Amortization Depletion Income Statement": 2459000.0,
        "Depreciation And Amortization In Income Statement": 2459000.0,
        "Selling General And Administration": 58744000.0,
        "Selling And Marketing Expense": 10457000.0,
        "General And Administrative Expense": 48287000.0,
        "Other Gand A": 22302000.0,
        "Salaries And Wages": 25985000.0,
        "Gross Profit": 11878000.0,
        "Cost Of Revenue": 211855000.0,
        "Total Revenue": 223733000.0,
        "Operating Revenue": 214513000.0
    },
    "2022-03-31": {
        "Diluted EPS": -6.97,
        "Total Revenue": 220,
        "Gross Profit": 11,
        "Operating Income": -54,
        "EBIT": -50,
        "Net Income": -57
    },
    "2021-12-31": {
        "Diluted EPS": -6.89,
        "Total Revenue": 196,
        "Gross Profit": 12,
        "Operating Income": -53,
        "EBIT": -51,
        "Net Income": -54
    },
    "2021-09-30": {
        "Diluted EPS": -4.8,
        "Total Revenue": 180,
        "Gross Profit": 13,
        "Operating Income": -46,
        "EBIT": -42,
        "Net Income": -37
    },
    "2021-06-30": {
        "Diluted EPS": -4.1,
        "Total Revenue": 155,
        "Gross Profit": 16,
        "Operating Income": -33,
        "EBIT": -32,
        "Net Income": -32
    },
    "2021-03-31": {
        "Diluted EPS": -5.5,
        "Total Revenue": 106,
        "Gross Profit": 7,
        "Operating Income": -44,
        "EBIT": -43,
        "Net Income": -43
    },
    "2020-12-31": {
        "Diluted EPS": 134.7,
        "Total Revenue": 73,
        "Gross Profit": 2,
        "Operating Income": -32,
        "EBIT": -26,
        "Net Income": -5
    },
    "2020-09-30": {
        "Diluted EPS": -69.6,
        "Total Revenue": 60,
        "Gross Profit": 4,
        "Operating Income": -21,
        "EBIT": -19,
        "Net Income": -23
    },
    "2020-06-30": {
        "Diluted EPS": -57.9,
        "Total Revenue": 32,
        "Gross Profit": 4,
        "Operating Income": -12,
        "EBIT": -10,
        "Net Income": -19
    },
    "2020-03-31": {
        "Diluted EPS": -38.4,
        "Total Revenue": 30,
        "Gross Profit": 3,
        "Operating Income": -11,
        "EBIT": -9,
        "Net Income": -12
    },
    "2019-12-31": {
        "Diluted EPS": -252.4,
        "Total Revenue": NaN,
        "Gross Profit": NaN,
        "Operating Income": -243,
        "EBIT": -243,
        "Net Income": -81
    },
    "2019-09-30": {
        "Diluted EPS": -0.3,
        "Total Revenue": NaN,
        "Gross Profit": NaN,
        "Operating Income": 0,
        "EBIT": 0,
        "Net Income": 1
    },
    "2019-06-30": {
        "Diluted EPS": -0.3,
        "Total Revenue": NaN,
        "Gross Profit": NaN,
        "Operating Income": 0,
        "EBIT": 0,
        "Net Income": 0
    },
    "2019-03-31": {
        "Diluted EPS": 0.0,
        "Total Revenue": NaN,
        "Gross Profit": NaN,
        "Operating Income": 0,
        "EBIT": 0,
        "Net Income": 0
    },
    "2018-12-31": {
        "Diluted EPS": 0.0,
        "Total Revenue": NaN,
        "Gross Profit": NaN,
        "Operating Income": NaN,
        "EBIT": NaN,
        "Net Income": NaN
    },
    "2018-09-30": {
        "Diluted EPS": 0.0,
        "Total Revenue": NaN,
        "Gross Profit": NaN,
        "Operating Income": NaN,
        "EBIT": NaN,
        "Net Income": NaN
    },
    "2018-06-30": {
        "Diluted EPS": 0.0,
        "Total Revenue": NaN,
        "Gross Profit": NaN,
        "Operating Income": NaN,
        "EBIT": NaN,
        "Net Income": NaN
    },
    "2023-06-30": {
        "Tax Effect Of Unusual Items": -7619.906663,
        "Tax Rate For Calcs": 0.005686,
        "Normalized EBITDA": -16995000.0,
        "Total Unusual Items": -1340000.0,
        "Total Unusual Items Excluding Goodwill": -1340000.0,
        "Net Income From Continuing Operation Net Minority Interest": -25354000.0,
        "Reconciled Depreciation": 4464000.0,
        "Reconciled Cost Of Revenue": 41610000.0,
        "EBIT": -22799000.0,
        "Net Interest Income": -2700000.0,
        "Interest Expense": 2700000.0,
        "Normalized Income": -24021619.906663,
        "Net Income From Continuing And Discontinued Operation": -25776000.0,
        "Total Expenses": 68717000.0,
        "Total Operating Income As Reported": -22799000.0,
        "Diluted Average Shares": 16954995.0,
        "Basic Average Shares": 16954995.0,
        "Diluted EPS": -1.52,
        "Basic EPS": -1.52,
        "Diluted NI Availto Com Stockholders": -25776000.0,
        "Net Income Common Stockholders": -25776000.0,
        "Net Income": -25776000.0,
        "Net Income Including Noncontrolling Interests": -25776000.0,
        "Net Income Discontinuous Operations": -422000.0,
        "Net Income Continuous Operations": -25354000.0,
        "Tax Provision": -145000.0,
        "Pretax Income": -25499000.0,
        "Other Income Expense": -1340000.0,
        "Special Income Charges": -1340000.0,
        "Write Off": NaN,
        "Impairment Of Capital Assets": 1340000.0,
        "Restructuring And Mergern Acquisition": NaN,
        "Net Non Operating Interest Income Expense": -2700000.0,
        "Interest Expense Non Operating": 2700000.0,
        "Operating Income": -21459000.0,
        "Operating Expense": 24571000.0,
        "Depreciation Amortization Depletion Income Statement": 1928000.0,
        "Depreciation And Amortization In Income Statement": 1928000.0,
        "Selling General And Administration": 22643000.0,
        "Selling And Marketing Expense": 2966000.0,
        "General And Administrative Expense": 19677000.0,
        "Other Gand A": 9536000.0,
        "Salaries And Wages": 10141000.0,
        "Gross Profit": 3112000.0,
        "Cost Of Revenue": 44146000.0,
        "Total Revenue": 47258000.0,
        "Operating Revenue": 45529000.0
    }
}