{
    "2023-03-31": {
        "Tax Effect Of Unusual Items": NaN,
        "Tax Rate For Calcs": NaN,
        "Normalized EBITDA": NaN,
        "Net Income From Continuing Operation Net Minority Interest": NaN,
        "Reconciled Depreciation": NaN,
        "Reconciled Cost Of Revenue": NaN,
        "EBITDA": NaN,
        "EBIT": NaN,
        "Net Interest Income": NaN,
        "Interest Expense": NaN,
        "Interest Income": NaN,
        "Normalized Income": NaN,
        "Net Income From Continuing And Discontinued Operation": NaN,
        "Total Expenses": NaN,
        "Total Operating Income As Reported": NaN,
        "Diluted Average Shares": NaN,
        "Basic Average Shares": NaN,
        "Diluted EPS": NaN,
        "Basic EPS": NaN,
        "Diluted NI Availto Com Stockholders": NaN,
        "Net Income Common Stockholders": NaN,
        "Otherunder Preferred Stock Dividend": NaN,
        "Net Income": NaN,
        "Net Income Including Noncontrolling Interests": NaN,
        "Net Income Continuous Operations": NaN,
        "Tax Provision": NaN,
        "Pretax Income": NaN,
        "Other Income Expense": 119000.0,
        "Other Non Operating Income Expenses": 119000.0,
        "Net Non Operating Interest Income Expense": NaN,
        "Interest Expense Non Operating": NaN,
        "Interest Income Non Operating": NaN,
        "Operating Income": NaN,
        "Operating Expense": NaN,
        "Other Operating Expenses": NaN,
        "Selling General And Administration": NaN,
        "General And Administrative Expense": NaN,
        "Other Gand A": NaN,
        "Gross Profit": NaN,
        "Cost Of Revenue": NaN,
        "Total Revenue": NaN,
        "Operating Revenue": NaN
    },
    "2022-12-31": {
        "Tax Effect Of Unusual Items": NaN,
        "Tax Rate For Calcs": NaN,
        "Normalized EBITDA": NaN,
        "Net Income From Continuing Operation Net Minority Interest": NaN,
        "Reconciled Depreciation": NaN,
        "Reconciled Cost Of Revenue": NaN,
        "EBITDA": NaN,
        "EBIT": NaN,
        "Net Interest Income": NaN,
        "Interest Expense": NaN,
        "Interest Income": NaN,
        "Normalized Income": NaN,
        "Net Income From Continuing And Discontinued Operation": NaN,
        "Total Expenses": NaN,
        "Total Operating Income As Reported": NaN,
        "Diluted Average Shares": NaN,
        "Basic Average Shares": NaN,
        "Diluted EPS": NaN,
        "Basic EPS": NaN,
        "Diluted NI Availto Com Stockholders": NaN,
        "Net Income Common Stockholders": NaN,
        "Otherunder Preferred Stock Dividend": NaN,
        "Net Income": NaN,
        "Net Income Including Noncontrolling Interests": NaN,
        "Net Income Continuous Operations": NaN,
        "Tax Provision": NaN,
        "Pretax Income": NaN,
        "Other Income Expense": 616000.0,
        "Other Non Operating Income Expenses": 616000.0,
        "Net Non Operating Interest Income Expense": NaN,
        "Interest Expense Non Operating": NaN,
        "Interest Income Non Operating": NaN,
        "Operating Income": NaN,
        "Operating Expense": NaN,
        "Other Operating Expenses": NaN,
        "Selling General And Administration": NaN,
        "General And Administrative Expense": NaN,
        "Other Gand A": NaN,
        "Gross Profit": NaN,
        "Cost Of Revenue": NaN,
        "Total Revenue": NaN,
        "Operating Revenue": NaN
    },
    "2022-09-30": {
        "Tax Effect Of Unusual Items": NaN,
        "Tax Rate For Calcs": NaN,
        "Normalized EBITDA": NaN,
        "Net Income From Continuing Operation Net Minority Interest": NaN,
        "Reconciled Depreciation": NaN,
        "Reconciled Cost Of Revenue": NaN,
        "EBITDA": NaN,
        "EBIT": NaN,
        "Net Interest Income": NaN,
        "Interest Expense": NaN,
        "Interest Income": NaN,
        "Normalized Income": NaN,
        "Net Income From Continuing And Discontinued Operation": NaN,
        "Total Expenses": NaN,
        "Total Operating Income As Reported": NaN,
        "Diluted Average Shares": NaN,
        "Basic Average Shares": NaN,
        "Diluted EPS": NaN,
        "Basic EPS": NaN,
        "Diluted NI Availto Com Stockholders": NaN,
        "Net Income Common Stockholders": NaN,
        "Otherunder Preferred Stock Dividend": NaN,
        "Net Income": NaN,
        "Net Income Including Noncontrolling Interests": NaN,
        "Net Income Continuous Operations": NaN,
        "Tax Provision": NaN,
        "Pretax Income": NaN,
        "Other Income Expense": 34000.0,
        "Other Non Operating Income Expenses": 34000.0,
        "Net Non Operating Interest Income Expense": NaN,
        "Interest Expense Non Operating": NaN,
        "Interest Income Non Operating": NaN,
        "Operating Income": NaN,
        "Operating Expense": NaN,
        "Other Operating Expenses": NaN,
        "Selling General And Administration": NaN,
        "General And Administrative Expense": NaN,
        "Other Gand A": NaN,
        "Gross Profit": NaN,
        "Cost Of Revenue": NaN,
        "Total Revenue": NaN,
        "Operating Revenue": NaN
    },
    "2022-06-30": {
        "Tax Effect Of Unusual Items": 0.0,
        "Tax Rate For Calcs": 0.291775,
        "Normalized EBITDA": 5430000.0,
        "Net Income From Continuing Operation Net Minority Interest": 3823000.0,
        "Reconciled Cost Of Revenue": 21786000.0,
        "EBITDA": 5430000.0,
        "EBIT": 5430000.0,
        "Net Interest Income": 17000.0,
        "Interest Expense": 32000.0,
        "Interest Income": 49000.0,
        "Normalized Income": 3823000.0,
        "Net Income From Continuing And Discontinued Operation": 3823000.0,
        "Total Expenses": 24440000.0,
        "Total Operating Income As Reported": 5381000.0,
        "Diluted Average Shares": 5952000.0,
        "Basic Average Shares": 5952000.0,
        "Diluted EPS": 0.63,
        "Basic EPS": 0.63,
        "Diluted NI Availto Com Stockholders": 3823000.0,
        "Net Income Common Stockholders": 3823000.0,
        "Otherunder Preferred Stock Dividend": 65000.0,
        "Net Income": 3823000.0,
        "Net Income Including Noncontrolling Interests": 3823000.0,
        "Net Income Continuous Operations": 3823000.0,
        "Tax Provision": 1575000.0,
        "Pretax Income": 5398000.0,
        "Other Income Expense": NaN,
        "Other Non Operating Income Expenses": NaN,
        "Net Non Operating Interest Income Expense": 17000.0,
        "Interest Expense Non Operating": 32000.0,
        "Interest Income Non Operating": 49000.0,
        "Operating Income": 5381000.0,
        "Operating Expense": 2654000.0,
        "Other Operating Expenses": 45000.0,
        "Selling General And Administration": 2609000.0,
        "General And Administrative Expense": 2609000.0,
        "Other Gand A": 2609000.0,
        "Gross Profit": 8035000.0,
        "Cost Of Revenue": 21786000.0,
        "Total Revenue": 29821000.0,
        "Operating Revenue": 29821000.0
    },
    "2022-03-31": {
        "Diluted EPS": 0.2,
        "Total Revenue": 25,
        "Gross Profit": 4,
        "Operating Income": 2,
        "EBIT": 2,
        "Net Income": 1
    },
    "2021-12-31": {
        "Diluted EPS": 0.6,
        "Total Revenue": 29,
        "Gross Profit": 8,
        "Operating Income": 5,
        "EBIT": 5,
        "Net Income": 4
    },
    "2021-09-30": {
        "Diluted EPS": 0.58,
        "Total Revenue": 29,
        "Gross Profit": 7,
        "Operating Income": 5,
        "EBIT": 5,
        "Net Income": 3
    },
    "2021-06-30": {
        "Diluted EPS": 0.54,
        "Total Revenue": 28,
        "Gross Profit": 7,
        "Operating Income": 5,
        "EBIT": 5,
        "Net Income": 3
    },
    "2021-03-31": {
        "Diluted EPS": 0.13,
        "Total Revenue": 22,
        "Gross Profit": 3,
        "Operating Income": 1,
        "EBIT": 1,
        "Net Income": 1
    },
    "2020-12-31": {
        "Diluted EPS": 0.38,
        "Total Revenue": 29,
        "Gross Profit": 8,
        "Operating Income": 5,
        "EBIT": 5,
        "Net Income": 2
    },
    "2020-09-30": {
        "Diluted EPS": -0.16,
        "Total Revenue": 24,
        "Gross Profit": 5,
        "Operating Income": 0,
        "EBIT": 0,
        "Net Income": -1
    },
    "2020-06-30": {
        "Diluted EPS": -0.82,
        "Total Revenue": 17,
        "Gross Profit": -2,
        "Operating Income": -9,
        "EBIT": -9,
        "Net Income": -5
    },
    "2020-03-31": {
        "Diluted EPS": 0.28,
        "Total Revenue": 26,
        "Gross Profit": 4,
        "Operating Income": 2,
        "EBIT": 2,
        "Net Income": 2
    },
    "2019-12-31": {
        "Diluted EPS": 0.64,
        "Total Revenue": 32,
        "Gross Profit": 9,
        "Operating Income": 5,
        "EBIT": 5,
        "Net Income": 4
    },
    "2019-09-30": {
        "Diluted EPS": 0.56,
        "Total Revenue": 31,
        "Gross Profit": 8,
        "Operating Income": 5,
        "EBIT": 5,
        "Net Income": 3
    },
    "2019-06-30": {
        "Diluted EPS": 0.8,
        "Total Revenue": 32,
        "Gross Profit": 9,
        "Operating Income": 7,
        "EBIT": 7,
        "Net Income": 5
    },
    "2019-03-31": {
        "Diluted EPS": 0.23,
        "Total Revenue": 28,
        "Gross Profit": 5,
        "Operating Income": 2,
        "EBIT": 2,
        "Net Income": 1
    },
    "2018-12-31": {
        "Diluted EPS": 0.72,
        "Total Revenue": 33,
        "Gross Profit": 9,
        "Operating Income": 6,
        "EBIT": 6,
        "Net Income": 4
    },
    "2018-09-30": {
        "Diluted EPS": 0.62,
        "Total Revenue": 32,
        "Gross Profit": 8,
        "Operating Income": 5,
        "EBIT": 5,
        "Net Income": 4
    },
    "2018-06-30": {
        "Diluted EPS": 0.7,
        "Total Revenue": 32,
        "Gross Profit": 9,
        "Operating Income": 6,
        "EBIT": 6,
        "Net Income": 4
    },
    "2018-03-31": {
        "Diluted EPS": 0.26,
        "Total Revenue": 28,
        "Gross Profit": 5,
        "Operating Income": 2,
        "EBIT": 2,
        "Net Income": 2
    },
    "2017-12-31": {
        "Diluted EPS": 2.51,
        "Total Revenue": 31,
        "Gross Profit": 8,
        "Operating Income": 4,
        "EBIT": 4,
        "Net Income": 15
    },
    "2017-09-30": {
        "Diluted EPS": 5.66,
        "Total Revenue": 30,
        "Gross Profit": 9,
        "Operating Income": 6,
        "EBIT": 6,
        "Net Income": 33
    },
    "2017-06-30": {
        "Diluted EPS": 0.77,
        "Total Revenue": 30,
        "Gross Profit": 9,
        "Operating Income": 6,
        "EBIT": 6,
        "Net Income": 5
    },
    "2017-03-31": {
        "Diluted EPS": 0.33,
        "Total Revenue": 26,
        "Gross Profit": 5,
        "Operating Income": 2,
        "EBIT": 2,
        "Net Income": 2
    },
    "2016-12-31": {
        "Diluted EPS": 0.84,
        "Total Revenue": 25,
        "Gross Profit": 7,
        "Operating Income": 4,
        "EBIT": 4,
        "Net Income": 5
    },
    "2016-09-30": {
        "Diluted EPS": 0.92,
        "Total Revenue": 30,
        "Gross Profit": 8,
        "Operating Income": 7,
        "EBIT": 7,
        "Net Income": 5
    },
    "2016-06-30": {
        "Diluted EPS": 0.81,
        "Total Revenue": 31,
        "Gross Profit": 9,
        "Operating Income": 6,
        "EBIT": 6,
        "Net Income": 5
    },
    "2016-03-31": {
        "Diluted EPS": 0.52,
        "Total Revenue": 33,
        "Gross Profit": 8,
        "Operating Income": 5,
        "EBIT": 5,
        "Net Income": 3
    },
    "2015-12-31": {
        "Diluted EPS": 0.63,
        "Total Revenue": 15,
        "Gross Profit": 3,
        "Operating Income": -1,
        "EBIT": -1,
        "Net Income": 4
    },
    "2015-09-30": {
        "Diluted EPS": 0.53,
        "Total Revenue": 34,
        "Gross Profit": 10,
        "Operating Income": 6,
        "EBIT": 6,
        "Net Income": 3
    },
    "2015-06-30": {
        "Diluted EPS": 0.77,
        "Total Revenue": 34,
        "Gross Profit": 10,
        "Operating Income": 7,
        "EBIT": 7,
        "Net Income": 4
    },
    "2015-03-31": {
        "Diluted EPS": 0.36,
        "Total Revenue": 29,
        "Gross Profit": 6,
        "Operating Income": 4,
        "EBIT": 4,
        "Net Income": 2
    },
    "2014-12-31": {
        "Diluted EPS": 0.75,
        "Total Revenue": 36,
        "Gross Profit": 11,
        "Operating Income": 8,
        "EBIT": 8,
        "Net Income": 4
    },
    "2014-09-30": {
        "Diluted EPS": 0.56,
        "Total Revenue": 34,
        "Gross Profit": 8,
        "Operating Income": 6,
        "EBIT": 6,
        "Net Income": 3
    },
    "2014-06-30": {
        "Diluted EPS": 0.82,
        "Total Revenue": 34,
        "Gross Profit": 10,
        "Operating Income": 8,
        "EBIT": 8,
        "Net Income": 5
    },
    "2014-03-31": {
        "Diluted EPS": 0.42,
        "Total Revenue": 29,
        "Gross Profit": 6,
        "Operating Income": 4,
        "EBIT": 4,
        "Net Income": 2
    },
    "2013-12-31": {
        "Diluted EPS": 0.54,
        "Total Revenue": 34,
        "Gross Profit": 10,
        "Operating Income": 6,
        "EBIT": 6,
        "Net Income": 3
    },
    "2013-09-30": {
        "Diluted EPS": 0.75,
        "Total Revenue": 33,
        "Gross Profit": 9,
        "Operating Income": 7,
        "EBIT": 7,
        "Net Income": 4
    },
    "2013-06-30": {
        "Diluted EPS": 0.84,
        "Total Revenue": 34,
        "Gross Profit": 10,
        "Operating Income": 8,
        "EBIT": 8,
        "Net Income": 5
    },
    "2013-03-31": {
        "Diluted EPS": 0.51,
        "Total Revenue": 29,
        "Gross Profit": 7,
        "Operating Income": 5,
        "EBIT": 5,
        "Net Income": 3
    },
    "2012-12-31": {
        "Diluted EPS": 1.01,
        "Total Revenue": 36,
        "Gross Profit": 12,
        "Operating Income": 10,
        "EBIT": 10,
        "Net Income": 6
    },
    "2012-09-30": {
        "Diluted EPS": 0.76,
        "Total Revenue": 32,
        "Gross Profit": 10,
        "Operating Income": 8,
        "EBIT": 8,
        "Net Income": 4
    },
    "2012-06-30": {
        "Diluted EPS": 0.91,
        "Total Revenue": 33,
        "Gross Profit": 11,
        "Operating Income": 9,
        "EBIT": 9,
        "Net Income": 5
    },
    "2012-03-31": {
        "Diluted EPS": 0.48,
        "Total Revenue": 29,
        "Gross Profit": 7,
        "Operating Income": 5,
        "EBIT": 5,
        "Net Income": 3
    },
    "2011-12-31": {
        "Diluted EPS": 0.72,
        "Total Revenue": 32,
        "Gross Profit": 10,
        "Operating Income": 8,
        "EBIT": 8,
        "Net Income": 4
    },
    "2011-09-30": {
        "Diluted EPS": 0.65,
        "Total Revenue": 32,
        "Gross Profit": 9,
        "Operating Income": 7,
        "EBIT": 7,
        "Net Income": 4
    },
    "2011-06-30": {
        "Diluted EPS": 0.56,
        "Total Revenue": 33,
        "Gross Profit": 10,
        "Operating Income": 8,
        "EBIT": 8,
        "Net Income": 3
    },
    "2011-03-31": {
        "Diluted EPS": 0.29,
        "Total Revenue": 29,
        "Gross Profit": 6,
        "Operating Income": 4,
        "EBIT": 4,
        "Net Income": 2
    },
    "2010-12-31": {
        "Diluted EPS": 0.81,
        "Total Revenue": 32,
        "Gross Profit": 11,
        "Operating Income": 9,
        "EBIT": 9,
        "Net Income": 5
    },
    "2010-09-30": {
        "Diluted EPS": 0.63,
        "Total Revenue": 33,
        "Gross Profit": 9,
        "Operating Income": 7,
        "EBIT": 7,
        "Net Income": 4
    },
    "2010-06-30": {
        "Diluted EPS": 0.65,
        "Total Revenue": 33,
        "Gross Profit": 10,
        "Operating Income": 8,
        "EBIT": 8,
        "Net Income": 4
    },
    "2010-03-31": {
        "Diluted EPS": 0.59,
        "Total Revenue": 28,
        "Gross Profit": 5,
        "Operating Income": 4,
        "EBIT": 4,
        "Net Income": 3
    },
    "2009-12-31": {
        "Diluted EPS": -1.3,
        "Total Revenue": 32,
        "Gross Profit": 8,
        "Operating Income": -11,
        "EBIT": -11,
        "Net Income": -7
    },
    "2009-09-30": {
        "Diluted EPS": 0.44,
        "Total Revenue": 31,
        "Gross Profit": 8,
        "Operating Income": 6,
        "EBIT": 6,
        "Net Income": 2
    },
    "2009-06-30": {
        "Diluted EPS": 0.47,
        "Total Revenue": 32,
        "Gross Profit": 8,
        "Operating Income": 6,
        "EBIT": 6,
        "Net Income": 3
    },
    "2009-03-31": {
        "Diluted EPS": -0.07,
        "Total Revenue": 26,
        "Gross Profit": 2,
        "Operating Income": 0,
        "EBIT": 0,
        "Net Income": 0
    },
    "2023-06-30": {
        "Tax Effect Of Unusual Items": 0.0,
        "Tax Rate For Calcs": 0.271739,
        "Normalized EBITDA": 5881000.0,
        "Net Income From Continuing Operation Net Minority Interest": 3350000.0,
        "Reconciled Depreciation": 1238000.0,
        "Reconciled Cost Of Revenue": 22407000.0,
        "EBITDA": 5881000.0,
        "EBIT": 4643000.0,
        "Net Interest Income": 304000.0,
        "Interest Expense": 43000.0,
        "Interest Income": 347000.0,
        "Normalized Income": 3350000.0,
        "Net Income From Continuing And Discontinued Operation": 3350000.0,
        "Total Expenses": 24879000.0,
        "Total Operating Income As Reported": 4296000.0,
        "Diluted Average Shares": 6032000.0,
        "Basic Average Shares": 6032000.0,
        "Diluted EPS": 0.55,
        "Basic EPS": 0.55,
        "Diluted NI Availto Com Stockholders": 3299000.0,
        "Net Income Common Stockholders": 3299000.0,
        "Otherunder Preferred Stock Dividend": 51000.0,
        "Net Income": 3350000.0,
        "Net Income Including Noncontrolling Interests": 3350000.0,
        "Net Income Continuous Operations": 3350000.0,
        "Tax Provision": 1250000.0,
        "Pretax Income": 4600000.0,
        "Other Income Expense": NaN,
        "Other Non Operating Income Expenses": NaN,
        "Net Non Operating Interest Income Expense": 304000.0,
        "Interest Expense Non Operating": 43000.0,
        "Interest Income Non Operating": 347000.0,
        "Operating Income": 4296000.0,
        "Operating Expense": 2472000.0,
        "Other Operating Expenses": NaN,
        "Selling General And Administration": 2472000.0,
        "General And Administrative Expense": 2472000.0,
        "Other Gand A": 2472000.0,
        "Gross Profit": 6768000.0,
        "Cost Of Revenue": 22407000.0,
        "Total Revenue": 29175000.0,
        "Operating Revenue": 26857000.0
    },
    "2023-09-30": {
        "Tax Effect Of Unusual Items": 0.0,
        "Tax Rate For Calcs": 0.289138,
        "Normalized EBITDA": 5145000.0,
        "Net Income From Continuing Operation Net Minority Interest": 2729000.0,
        "Reconciled Depreciation": 1262000.0,
        "Reconciled Cost Of Revenue": 22760000.0,
        "EBITDA": 5145000.0,
        "EBIT": 3883000.0,
        "Net Interest Income": 347000.0,
        "Interest Expense": 44000.0,
        "Interest Income": 391000.0,
        "Normalized Income": 2729000.0,
        "Net Income From Continuing And Discontinued Operation": 2729000.0,
        "Total Expenses": 25657000.0,
        "Total Operating Income As Reported": 3492000.0,
        "Diluted Average Shares": 6032000.0,
        "Basic Average Shares": 6032000.0,
        "Diluted EPS": 0.45,
        "Basic EPS": 0.45,
        "Diluted NI Availto Com Stockholders": 2688000.0,
        "Net Income Common Stockholders": 2688000.0,
        "Otherunder Preferred Stock Dividend": 41000.0,
        "Net Income": 2729000.0,
        "Net Income Including Noncontrolling Interests": 2729000.0,
        "Net Income Continuous Operations": 2729000.0,
        "Tax Provision": 1110000.0,
        "Pretax Income": 3839000.0,
        "Other Income Expense": NaN,
        "Other Non Operating Income Expenses": NaN,
        "Net Non Operating Interest Income Expense": 347000.0,
        "Interest Expense Non Operating": 44000.0,
        "Interest Income Non Operating": 391000.0,
        "Operating Income": 3492000.0,
        "Operating Expense": 2897000.0,
        "Other Operating Expenses": 45000.0,
        "Selling General And Administration": 2852000.0,
        "General And Administrative Expense": 2852000.0,
        "Other Gand A": 2852000.0,
        "Gross Profit": 6389000.0,
        "Cost Of Revenue": 22760000.0,
        "Total Revenue": 29149000.0,
        "Operating Revenue": 26703000.0
    },
    "2023-12-31": {
        "Tax Effect Of Unusual Items": 0.0,
        "Tax Rate For Calcs": 0.210044,
        "Normalized EBITDA": 4527000.0,
        "Net Income From Continuing Operation Net Minority Interest": 2501000.0,
        "Reconciled Depreciation": 1318000.0,
        "Reconciled Cost Of Revenue": 23329000.0,
        "EBITDA": 4527000.0,
        "EBIT": 3209000.0,
        "Net Interest Income": 371000.0,
        "Interest Expense": 43000.0,
        "Interest Income": 414000.0,
        "Normalized Income": 2501000.0,
        "Net Income From Continuing And Discontinued Operation": 2501000.0,
        "Total Expenses": 26350000.0,
        "Total Operating Income As Reported": 2795000.0,
        "Diluted Average Shares": 6030000.0,
        "Basic Average Shares": 6030000.0,
        "Diluted EPS": 0.37,
        "Basic EPS": 0.37,
        "Diluted NI Availto Com Stockholders": 2457000.0,
        "Net Income Common Stockholders": 2457000.0,
        "Otherunder Preferred Stock Dividend": 44000.0,
        "Net Income": 2501000.0,
        "Net Income Including Noncontrolling Interests": 2501000.0,
        "Net Income Continuous Operations": 2501000.0,
        "Tax Provision": 665000.0,
        "Pretax Income": 3166000.0,
        "Other Income Expense": 0.0,
        "Other Non Operating Income Expenses": 0.0,
        "Net Non Operating Interest Income Expense": 371000.0,
        "Interest Expense Non Operating": 43000.0,
        "Interest Income Non Operating": 414000.0,
        "Operating Income": 2795000.0,
        "Operating Expense": 3021000.0,
        "Other Operating Expenses": -5000.0,
        "Selling General And Administration": 3026000.0,
        "General And Administrative Expense": 3026000.0,
        "Other Gand A": 3026000.0,
        "Gross Profit": 5816000.0,
        "Cost Of Revenue": 23329000.0,
        "Total Revenue": 29145000.0,
        "Operating Revenue": 26913000.0
    },
    "2024-03-31": {
        "Tax Effect Of Unusual Items": 0.0,
        "Tax Rate For Calcs": 0.268892,
        "Normalized EBITDA": -916000.0,
        "Net Income From Continuing Operation Net Minority Interest": -1577000.0,
        "Reconciled Depreciation": 1198000.0,
        "Reconciled Cost Of Revenue": 22981000.0,
        "EBITDA": -916000.0,
        "EBIT": -2114000.0,
        "Net Interest Income": 260000.0,
        "Interest Expense": 43000.0,
        "Interest Income": 303000.0,
        "Normalized Income": -1577000.0,
        "Net Income From Continuing And Discontinued Operation": -1577000.0,
        "Total Expenses": 27081000.0,
        "Total Operating Income As Reported": -2417000.0,
        "Diluted Average Shares": 6063000.0,
        "Basic Average Shares": 6063000.0,
        "Diluted EPS": -0.25,
        "Basic EPS": -0.25,
        "Diluted NI Availto Com Stockholders": -1527000.0,
        "Net Income Common Stockholders": -1527000.0,
        "Otherunder Preferred Stock Dividend": -50000.0,
        "Net Income": -1577000.0,
        "Net Income Including Noncontrolling Interests": -1577000.0,
        "Net Income Continuous Operations": -1577000.0,
        "Tax Provision": -580000.0,
        "Pretax Income": -2157000.0,
        "Other Income Expense": NaN,
        "Other Non Operating Income Expenses": NaN,
        "Net Non Operating Interest Income Expense": 260000.0,
        "Interest Expense Non Operating": 43000.0,
        "Interest Income Non Operating": 303000.0,
        "Operating Income": -2417000.0,
        "Operating Expense": 4100000.0,
        "Other Operating Expenses": 971000.0,
        "Selling General And Administration": 3129000.0,
        "General And Administrative Expense": 3129000.0,
        "Other Gand A": 3129000.0,
        "Gross Profit": 1683000.0,
        "Cost Of Revenue": 22981000.0,
        "Total Revenue": 24664000.0,
        "Operating Revenue": 22931000.0
    },
    "2024-06-30": {
        "Tax Effect Of Unusual Items": 0.0,
        "Tax Rate For Calcs": 0.276331,
        "Normalized EBITDA": 4785000.0,
        "Net Income From Continuing Operation Net Minority Interest": 2501000.0,
        "Reconciled Depreciation": 1258000.0,
        "Reconciled Cost Of Revenue": 23544000.0,
        "EBITDA": 4785000.0,
        "EBIT": 3527000.0,
        "Net Interest Income": 180000.0,
        "Interest Expense": 71000.0,
        "Interest Income": 251000.0,
        "Normalized Income": 2501000.0,
        "Net Income From Continuing And Discontinued Operation": 2501000.0,
        "Total Expenses": 26599000.0,
        "Total Operating Income As Reported": 2143000.0,
        "Diluted Average Shares": 6072000.0,
        "Basic Average Shares": 6072000.0,
        "Diluted EPS": 0.4,
        "Basic EPS": 0.4,
        "Diluted NI Availto Com Stockholders": 2423000.0,
        "Net Income Common Stockholders": 2423000.0,
        "Otherunder Preferred Stock Dividend": 78000.0,
        "Net Income": 2501000.0,
        "Net Income Including Noncontrolling Interests": 2501000.0,
        "Net Income Continuous Operations": 2501000.0,
        "Tax Provision": 955000.0,
        "Pretax Income": 3456000.0,
        "Other Income Expense": 1133000.0,
        "Other Non Operating Income Expenses": 1133000.0,
        "Net Non Operating Interest Income Expense": 180000.0,
        "Interest Expense Non Operating": 71000.0,
        "Interest Income Non Operating": 251000.0,
        "Operating Income": 2143000.0,
        "Operating Expense": 3055000.0,
        "Other Operating Expenses": 6000.0,
        "Selling General And Administration": 3049000.0,
        "General And Administrative Expense": 3049000.0,
        "Other Gand A": 3049000.0,
        "Gross Profit": 5198000.0,
        "Cost Of Revenue": 23544000.0,
        "Total Revenue": 28742000.0,
        "Operating Revenue": 26447000.0
    },
    "2024-09-30": {
        "Tax Effect Of Unusual Items": 0.0,
        "Tax Rate For Calcs": 0.317717,
        "Normalized EBITDA": 3369000.0,
        "Net Income From Continuing Operation Net Minority Interest": 1267000.0,
        "Reconciled Depreciation": 1391000.0,
        "Reconciled Cost Of Revenue": 23458000.0,
        "EBITDA": 3369000.0,
        "EBIT": 1978000.0,
        "Net Interest Income": 134000.0,
        "Interest Expense": 121000.0,
        "Interest Income": 255000.0,
        "Normalized Income": 1267000.0,
        "Net Income From Continuing And Discontinued Operation": 1267000.0,
        "Total Expenses": 26473000.0,
        "Total Operating Income As Reported": 1645000.0,
        "Diluted Average Shares": 6075000.0,
        "Basic Average Shares": 6075000.0,
        "Diluted EPS": 0.2,
        "Basic EPS": 0.2,
        "Diluted NI Availto Com Stockholders": 1228000.0,
        "Net Income Common Stockholders": 1228000.0,
        "Otherunder Preferred Stock Dividend": 39000.0,
        "Net Income": 1267000.0,
        "Net Income Including Noncontrolling Interests": 1267000.0,
        "Net Income Continuous Operations": 1267000.0,
        "Tax Provision": 590000.0,
        "Pretax Income": 1857000.0,
        "Other Income Expense": 78000.0,
        "Other Non Operating Income Expenses": 78000.0,
        "Net Non Operating Interest Income Expense": 134000.0,
        "Interest Expense Non Operating": 121000.0,
        "Interest Income Non Operating": 255000.0,
        "Operating Income": 1645000.0,
        "Operating Expense": 3015000.0,
        "Other Operating Expenses": 49000.0,
        "Selling General And Administration": 2966000.0,
        "General And Administrative Expense": 2966000.0,
        "Other Gand A": 2966000.0,
        "Gross Profit": 4660000.0,
        "Cost Of Revenue": 23458000.0,
        "Total Revenue": 28118000.0,
        "Operating Revenue": 25374000.0
    }
}