{
    "2023-03-31": {
        "Tax Effect Of Unusual Items": 0.0,
        "Tax Rate For Calcs": 0.06,
        "Normalized EBITDA": 6903000.0,
        "Total Unusual Items": NaN,
        "Total Unusual Items Excluding Goodwill": NaN,
        "Net Income From Continuing Operation Net Minority Interest": 888000.0,
        "Reconciled Depreciation": 3388000.0,
        "Reconciled Cost Of Revenue": 83665000.0,
        "EBITDA": 6903000.0,
        "EBIT": 3515000.0,
        "Net Interest Income": -2570000.0,
        "Interest Expense": 2570000.0,
        "Normalized Income": 888000.0,
        "Net Income From Continuing And Discontinued Operation": 888000.0,
        "Total Expenses": 127258000.0,
        "Diluted Average Shares": 16118329.0,
        "Basic Average Shares": 15882994.0,
        "Diluted EPS": 0.06,
        "Basic EPS": 0.06,
        "Diluted NI Availto Com Stockholders": 888000.0,
        "Net Income Common Stockholders": 888000.0,
        "Net Income": 888000.0,
        "Net Income Including Noncontrolling Interests": 888000.0,
        "Net Income Continuous Operations": 888000.0,
        "Tax Provision": 57000.0,
        "Pretax Income": 945000.0,
        "Other Income Expense": NaN,
        "Special Income Charges": NaN,
        "Impairment Of Capital Assets": NaN,
        "Net Non Operating Interest Income Expense": -2570000.0,
        "Interest Expense Non Operating": 2570000.0,
        "Operating Income": 3515000.0,
        "Operating Expense": 43593000.0,
        "Selling General And Administration": 43593000.0,
        "Selling And Marketing Expense": NaN,
        "General And Administrative Expense": 43593000.0,
        "Other Gand A": 43379000.0,
        "Salaries And Wages": 214000.0,
        "Gross Profit": 47108000.0,
        "Cost Of Revenue": 83665000.0,
        "Total Revenue": 130773000.0,
        "Operating Revenue": 130773000.0
    },
    "2022-12-31": {
        "Tax Effect Of Unusual Items": NaN,
        "Tax Rate For Calcs": NaN,
        "Normalized EBITDA": NaN,
        "Total Unusual Items": 3435000.0,
        "Total Unusual Items Excluding Goodwill": 3435000.0,
        "Net Income From Continuing Operation Net Minority Interest": NaN,
        "Reconciled Depreciation": NaN,
        "Reconciled Cost Of Revenue": NaN,
        "EBITDA": NaN,
        "EBIT": NaN,
        "Net Interest Income": NaN,
        "Interest Expense": NaN,
        "Normalized Income": NaN,
        "Net Income From Continuing And Discontinued Operation": NaN,
        "Total Expenses": NaN,
        "Diluted Average Shares": NaN,
        "Basic Average Shares": NaN,
        "Diluted EPS": NaN,
        "Basic EPS": NaN,
        "Diluted NI Availto Com Stockholders": NaN,
        "Net Income Common Stockholders": NaN,
        "Net Income": NaN,
        "Net Income Including Noncontrolling Interests": NaN,
        "Net Income Continuous Operations": NaN,
        "Tax Provision": NaN,
        "Pretax Income": NaN,
        "Other Income Expense": 3435000.0,
        "Special Income Charges": 3435000.0,
        "Impairment Of Capital Assets": 0.0,
        "Net Non Operating Interest Income Expense": NaN,
        "Interest Expense Non Operating": NaN,
        "Operating Income": NaN,
        "Operating Expense": NaN,
        "Selling General And Administration": NaN,
        "Selling And Marketing Expense": NaN,
        "General And Administrative Expense": NaN,
        "Other Gand A": NaN,
        "Salaries And Wages": NaN,
        "Gross Profit": NaN,
        "Cost Of Revenue": NaN,
        "Total Revenue": NaN,
        "Operating Revenue": NaN
    },
    "2022-09-30": {
        "Tax Effect Of Unusual Items": NaN,
        "Tax Rate For Calcs": NaN,
        "Normalized EBITDA": NaN,
        "Total Unusual Items": -21460000.0,
        "Total Unusual Items Excluding Goodwill": -21460000.0,
        "Net Income From Continuing Operation Net Minority Interest": NaN,
        "Reconciled Depreciation": NaN,
        "Reconciled Cost Of Revenue": NaN,
        "EBITDA": NaN,
        "EBIT": NaN,
        "Net Interest Income": NaN,
        "Interest Expense": NaN,
        "Normalized Income": NaN,
        "Net Income From Continuing And Discontinued Operation": NaN,
        "Total Expenses": NaN,
        "Diluted Average Shares": NaN,
        "Basic Average Shares": NaN,
        "Diluted EPS": NaN,
        "Basic EPS": NaN,
        "Diluted NI Availto Com Stockholders": NaN,
        "Net Income Common Stockholders": NaN,
        "Net Income": NaN,
        "Net Income Including Noncontrolling Interests": NaN,
        "Net Income Continuous Operations": NaN,
        "Tax Provision": NaN,
        "Pretax Income": NaN,
        "Other Income Expense": -21460000.0,
        "Special Income Charges": -21460000.0,
        "Impairment Of Capital Assets": 21460000.0,
        "Net Non Operating Interest Income Expense": NaN,
        "Interest Expense Non Operating": NaN,
        "Operating Income": NaN,
        "Operating Expense": NaN,
        "Selling General And Administration": NaN,
        "Selling And Marketing Expense": NaN,
        "General And Administrative Expense": NaN,
        "Other Gand A": NaN,
        "Salaries And Wages": NaN,
        "Gross Profit": NaN,
        "Cost Of Revenue": NaN,
        "Total Revenue": NaN,
        "Operating Revenue": NaN
    },
    "2022-06-30": {
        "Tax Effect Of Unusual Items": -2403120.0,
        "Tax Rate For Calcs": 0.08,
        "Normalized EBITDA": 4816000.0,
        "Total Unusual Items": -30039000.0,
        "Total Unusual Items Excluding Goodwill": -30039000.0,
        "Net Income From Continuing Operation Net Minority Interest": -26675000.0,
        "Reconciled Depreciation": 3180000.0,
        "Reconciled Cost Of Revenue": 99800000.0,
        "EBITDA": -25223000.0,
        "EBIT": -28403000.0,
        "Net Interest Income": -583000.0,
        "Interest Expense": 583000.0,
        "Normalized Income": 960880.0,
        "Net Income From Continuing And Discontinued Operation": -26675000.0,
        "Total Expenses": 146297000.0,
        "Diluted Average Shares": 15732264.0,
        "Basic Average Shares": 15732264.0,
        "Diluted EPS": -1.7,
        "Basic EPS": -1.7,
        "Diluted NI Availto Com Stockholders": -26675000.0,
        "Net Income Common Stockholders": -26675000.0,
        "Net Income": -26675000.0,
        "Net Income Including Noncontrolling Interests": -26675000.0,
        "Net Income Continuous Operations": -26675000.0,
        "Tax Provision": -2311000.0,
        "Pretax Income": -28986000.0,
        "Other Income Expense": -30039000.0,
        "Special Income Charges": -30039000.0,
        "Gain On Sale Of Ppe": NaN,
        "Impairment Of Capital Assets": 30039000.0,
        "Net Non Operating Interest Income Expense": -583000.0,
        "Interest Expense Non Operating": 583000.0,
        "Operating Income": 1636000.0,
        "Operating Expense": 46497000.0,
        "Selling General And Administration": 46497000.0,
        "Selling And Marketing Expense": NaN,
        "General And Administrative Expense": 46497000.0,
        "Other Gand A": 45969000.0,
        "Salaries And Wages": 528000.0,
        "Gross Profit": 48133000.0,
        "Cost Of Revenue": 99800000.0,
        "Total Revenue": 147933000.0,
        "Operating Revenue": 147933000.0
    },
    "2022-03-31": {
        "Diluted EPS": 0.32,
        "Total Revenue": 144,
        "Gross Profit": 50,
        "Operating Income": 7,
        "EBIT": 10,
        "Net Income": 5
    },
    "2021-12-31": {
        "Diluted EPS": 0.26,
        "Total Revenue": 142,
        "Gross Profit": 44,
        "Operating Income": 5,
        "EBIT": 7,
        "Net Income": 4
    },
    "2021-09-30": {
        "Diluted EPS": 0.51,
        "Total Revenue": 123,
        "Gross Profit": 46,
        "Operating Income": 10,
        "EBIT": 13,
        "Net Income": 8
    },
    "2021-06-30": {
        "Diluted EPS": 0.4,
        "Total Revenue": 131,
        "Gross Profit": 47,
        "Operating Income": 6,
        "EBIT": 8,
        "Net Income": 6
    },
    "2021-03-31": {
        "Diluted EPS": 0.66,
        "Total Revenue": 141,
        "Gross Profit": 49,
        "Operating Income": 14,
        "EBIT": 16,
        "Net Income": 10
    },
    "2020-12-31": {
        "Diluted EPS": 0.8,
        "Total Revenue": 145,
        "Gross Profit": 52,
        "Operating Income": 14,
        "EBIT": 16,
        "Net Income": 13
    },
    "2020-09-30": {
        "Diluted EPS": 0.63,
        "Total Revenue": 128,
        "Gross Profit": 47,
        "Operating Income": 12,
        "EBIT": 14,
        "Net Income": 10
    },
    "2020-06-30": {
        "Diluted EPS": 1.0,
        "Total Revenue": 159,
        "Gross Profit": 56,
        "Operating Income": 19,
        "EBIT": 21,
        "Net Income": 15
    },
    "2020-03-31": {
        "Diluted EPS": 0.22,
        "Total Revenue": 94,
        "Gross Profit": 33,
        "Operating Income": 6,
        "EBIT": 8,
        "Net Income": 3
    },
    "2019-12-31": {
        "Diluted EPS": 0.19,
        "Total Revenue": 108,
        "Gross Profit": 35,
        "Operating Income": 5,
        "EBIT": 7,
        "Net Income": 3
    },
    "2019-09-30": {
        "Diluted EPS": 0.26,
        "Total Revenue": 89,
        "Gross Profit": 31,
        "Operating Income": 6,
        "EBIT": 8,
        "Net Income": 4
    },
    "2019-06-30": {
        "Diluted EPS": 0.18,
        "Total Revenue": 92,
        "Gross Profit": 32,
        "Operating Income": 5,
        "EBIT": 7,
        "Net Income": 3
    },
    "2019-03-31": {
        "Diluted EPS": 0.16,
        "Total Revenue": 87,
        "Gross Profit": 30,
        "Operating Income": 4,
        "EBIT": 6,
        "Net Income": 2
    },
    "2018-12-31": {
        "Diluted EPS": 0.3,
        "Total Revenue": 95,
        "Gross Profit": 34,
        "Operating Income": 7,
        "EBIT": 9,
        "Net Income": 5
    },
    "2018-09-30": {
        "Diluted EPS": 0.39,
        "Total Revenue": 96,
        "Gross Profit": 34,
        "Operating Income": 8,
        "EBIT": 10,
        "Net Income": 6
    },
    "2018-06-30": {
        "Diluted EPS": 0.25,
        "Total Revenue": 82,
        "Gross Profit": 29,
        "Operating Income": 6,
        "EBIT": 8,
        "Net Income": 4
    },
    "2018-03-31": {
        "Diluted EPS": 0.16,
        "Total Revenue": 73,
        "Gross Profit": 25,
        "Operating Income": 4,
        "EBIT": 5,
        "Net Income": 2
    },
    "2017-12-31": {
        "Diluted EPS": 0.11,
        "Total Revenue": 72,
        "Gross Profit": 26,
        "Operating Income": 7,
        "EBIT": 9,
        "Net Income": 2
    },
    "2017-09-30": {
        "Diluted EPS": 0.33,
        "Total Revenue": 68,
        "Gross Profit": 25,
        "Operating Income": 7,
        "EBIT": 8,
        "Net Income": 5
    },
    "2017-06-30": {
        "Diluted EPS": 0.29,
        "Total Revenue": 66,
        "Gross Profit": 23,
        "Operating Income": 6,
        "EBIT": 7,
        "Net Income": 4
    },
    "2017-03-31": {
        "Diluted EPS": 0.26,
        "Total Revenue": 61,
        "Gross Profit": 22,
        "Operating Income": 5,
        "EBIT": 6,
        "Net Income": 4
    },
    "2016-12-31": {
        "Diluted EPS": 0.29,
        "Total Revenue": 65,
        "Gross Profit": 22,
        "Operating Income": 6,
        "EBIT": 7,
        "Net Income": 4
    },
    "2016-09-30": {
        "Diluted EPS": 0.3,
        "Total Revenue": 65,
        "Gross Profit": 23,
        "Operating Income": 6,
        "EBIT": 7,
        "Net Income": 4
    },
    "2016-06-30": {
        "Diluted EPS": 0.22,
        "Total Revenue": 65,
        "Gross Profit": 22,
        "Operating Income": 5,
        "EBIT": 6,
        "Net Income": 3
    },
    "2016-03-31": {
        "Diluted EPS": 0.17,
        "Total Revenue": 58,
        "Gross Profit": 20,
        "Operating Income": 4,
        "EBIT": 5,
        "Net Income": 2
    },
    "2015-12-31": {
        "Diluted EPS": 0.23,
        "Total Revenue": 53,
        "Gross Profit": 18,
        "Operating Income": 5,
        "EBIT": 6,
        "Net Income": 3
    },
    "2015-09-30": {
        "Diluted EPS": 0.28,
        "Total Revenue": 57,
        "Gross Profit": 19,
        "Operating Income": 6,
        "EBIT": 7,
        "Net Income": 4
    },
    "2015-06-30": {
        "Diluted EPS": 0.25,
        "Total Revenue": 54,
        "Gross Profit": 19,
        "Operating Income": 6,
        "EBIT": 6,
        "Net Income": 4
    },
    "2015-03-31": {
        "Diluted EPS": 0.14,
        "Total Revenue": 46,
        "Gross Profit": 16,
        "Operating Income": 3,
        "EBIT": 4,
        "Net Income": 2
    },
    "2014-12-31": {
        "Diluted EPS": 0.2,
        "Total Revenue": 50,
        "Gross Profit": 17,
        "Operating Income": 5,
        "EBIT": 6,
        "Net Income": 3
    },
    "2014-09-30": {
        "Diluted EPS": 0.24,
        "Total Revenue": 52,
        "Gross Profit": 18,
        "Operating Income": 5,
        "EBIT": 6,
        "Net Income": 3
    },
    "2014-06-30": {
        "Diluted EPS": 0.29,
        "Total Revenue": 53,
        "Gross Profit": 19,
        "Operating Income": 6,
        "EBIT": 7,
        "Net Income": 4
    },
    "2014-03-31": {
        "Diluted EPS": 0.09,
        "Total Revenue": 41,
        "Gross Profit": 14,
        "Operating Income": 2,
        "EBIT": 3,
        "Net Income": 1
    },
    "2013-12-31": {
        "Diluted EPS": 0.13,
        "Total Revenue": 45,
        "Gross Profit": 15,
        "Operating Income": 3,
        "EBIT": 4,
        "Net Income": 2
    },
    "2013-09-30": {
        "Diluted EPS": 0.12,
        "Total Revenue": 44,
        "Gross Profit": 15,
        "Operating Income": 2,
        "EBIT": 3,
        "Net Income": 2
    },
    "2013-06-30": {
        "Diluted EPS": 0.12,
        "Total Revenue": 31,
        "Gross Profit": 11,
        "Operating Income": 2,
        "EBIT": 2,
        "Net Income": 1
    },
    "2013-03-31": {
        "Diluted EPS": 0.1,
        "Total Revenue": 31,
        "Gross Profit": 11,
        "Operating Income": 2,
        "EBIT": 2,
        "Net Income": 1
    },
    "2012-12-31": {
        "Diluted EPS": 0.04,
        "Total Revenue": 31,
        "Gross Profit": 11,
        "Operating Income": 2,
        "EBIT": 3,
        "Net Income": 0
    },
    "2012-09-30": {
        "Diluted EPS": 0.1,
        "Total Revenue": 31,
        "Gross Profit": 10,
        "Operating Income": 2,
        "EBIT": 2,
        "Net Income": 1
    },
    "2012-06-30": {
        "Diluted EPS": 0.08,
        "Total Revenue": 29,
        "Gross Profit": 10,
        "Operating Income": 2,
        "EBIT": 2,
        "Net Income": 1
    },
    "2012-03-31": {
        "Diluted EPS": 0.03,
        "Total Revenue": 29,
        "Gross Profit": 9,
        "Operating Income": 1,
        "EBIT": 1,
        "Net Income": 0
    },
    "2011-12-31": {
        "Diluted EPS": 0.06,
        "Total Revenue": 27,
        "Gross Profit": 9,
        "Operating Income": 1,
        "EBIT": 1,
        "Net Income": 1
    },
    "2011-09-30": {
        "Diluted EPS": 0.16,
        "Total Revenue": 31,
        "Gross Profit": 11,
        "Operating Income": 3,
        "EBIT": 3,
        "Net Income": 2
    },
    "2011-06-30": {
        "Diluted EPS": 0.08,
        "Total Revenue": 28,
        "Gross Profit": 10,
        "Operating Income": 1,
        "EBIT": 2,
        "Net Income": 1
    },
    "2011-03-31": {
        "Diluted EPS": 0.05,
        "Total Revenue": 27,
        "Gross Profit": 10,
        "Operating Income": 1,
        "EBIT": 2,
        "Net Income": 1
    },
    "2010-12-31": {
        "Diluted EPS": 0.08,
        "Total Revenue": 26,
        "Gross Profit": 9,
        "Operating Income": 1,
        "EBIT": 2,
        "Net Income": 1
    },
    "2010-09-30": {
        "Diluted EPS": 0.12,
        "Total Revenue": 27,
        "Gross Profit": 10,
        "Operating Income": 2,
        "EBIT": 3,
        "Net Income": 1
    },
    "2010-06-30": {
        "Diluted EPS": 0.09,
        "Total Revenue": 27,
        "Gross Profit": 9,
        "Operating Income": 2,
        "EBIT": 2,
        "Net Income": 1
    },
    "2010-03-31": {
        "Diluted EPS": 0.05,
        "Total Revenue": 26,
        "Gross Profit": 9,
        "Operating Income": 1,
        "EBIT": 1,
        "Net Income": 1
    },
    "2009-12-31": {
        "Diluted EPS": 0.04,
        "Total Revenue": 27,
        "Gross Profit": 9,
        "Operating Income": 1,
        "EBIT": 1,
        "Net Income": 1
    },
    "2009-09-30": {
        "Diluted EPS": 0.11,
        "Total Revenue": 28,
        "Gross Profit": 9,
        "Operating Income": 2,
        "EBIT": 2,
        "Net Income": 1
    },
    "2009-06-30": {
        "Diluted EPS": 0.06,
        "Total Revenue": 25,
        "Gross Profit": 8,
        "Operating Income": 1,
        "EBIT": 2,
        "Net Income": 1
    },
    "2009-03-31": {
        "Diluted EPS": -0.04,
        "Total Revenue": 24,
        "Gross Profit": 7,
        "Operating Income": -1,
        "EBIT": 0,
        "Net Income": -1
    },
    "2023-06-30": {
        "Tax Effect Of Unusual Items": NaN,
        "Tax Rate For Calcs": NaN,
        "Normalized EBITDA": NaN,
        "Total Unusual Items": 0.0,
        "Total Unusual Items Excluding Goodwill": 0.0,
        "Net Income From Continuing Operation Net Minority Interest": NaN,
        "Reconciled Depreciation": NaN,
        "Reconciled Cost Of Revenue": NaN,
        "EBITDA": NaN,
        "EBIT": NaN,
        "Net Interest Income": NaN,
        "Interest Expense": NaN,
        "Normalized Income": NaN,
        "Net Income From Continuing And Discontinued Operation": NaN,
        "Total Expenses": NaN,
        "Diluted Average Shares": NaN,
        "Basic Average Shares": NaN,
        "Diluted EPS": NaN,
        "Basic EPS": NaN,
        "Diluted NI Availto Com Stockholders": NaN,
        "Net Income Common Stockholders": NaN,
        "Net Income": NaN,
        "Net Income Including Noncontrolling Interests": NaN,
        "Net Income Continuous Operations": NaN,
        "Tax Provision": NaN,
        "Pretax Income": NaN,
        "Special Income Charges": 0.0,
        "Impairment Of Capital Assets": 0.0,
        "Net Non Operating Interest Income Expense": NaN,
        "Interest Expense Non Operating": NaN,
        "Operating Income": NaN,
        "Operating Expense": NaN,
        "Selling General And Administration": NaN,
        "Selling And Marketing Expense": 43382000.0,
        "General And Administrative Expense": NaN,
        "Other Gand A": NaN,
        "Salaries And Wages": NaN,
        "Gross Profit": NaN,
        "Cost Of Revenue": NaN,
        "Total Revenue": NaN,
        "Operating Revenue": NaN
    },
    "2023-09-30": {
        "Tax Effect Of Unusual Items": 0.0,
        "Tax Rate For Calcs": 0.04887,
        "Normalized EBITDA": 9253000.0,
        "Total Unusual Items": 0.0,
        "Total Unusual Items Excluding Goodwill": 0.0,
        "Net Income From Continuing Operation Net Minority Interest": 3114000.0,
        "Reconciled Depreciation": 3515000.0,
        "Reconciled Cost Of Revenue": 82928000.0,
        "EBITDA": 9253000.0,
        "EBIT": 5738000.0,
        "Net Interest Income": -2464000.0,
        "Interest Expense": 2464000.0,
        "Normalized Income": 3114000.0,
        "Net Income From Continuing And Discontinued Operation": 3114000.0,
        "Total Expenses": 130388000.0,
        "Diluted Average Shares": 16155355.0,
        "Basic Average Shares": 15992792.0,
        "Diluted EPS": 0.19,
        "Basic EPS": 0.19,
        "Diluted NI Availto Com Stockholders": 3114000.0,
        "Net Income Common Stockholders": 3114000.0,
        "Net Income": 3114000.0,
        "Net Income Including Noncontrolling Interests": 3114000.0,
        "Net Income Continuous Operations": 3114000.0,
        "Tax Provision": 160000.0,
        "Pretax Income": 3274000.0,
        "Special Income Charges": 0.0,
        "Impairment Of Capital Assets": 0.0,
        "Net Non Operating Interest Income Expense": -2464000.0,
        "Interest Expense Non Operating": 2464000.0,
        "Operating Income": 5738000.0,
        "Operating Expense": 47460000.0,
        "Selling General And Administration": 47460000.0,
        "Selling And Marketing Expense": NaN,
        "General And Administrative Expense": 47460000.0,
        "Other Gand A": 47246000.0,
        "Salaries And Wages": 214000.0,
        "Gross Profit": 53198000.0,
        "Cost Of Revenue": 82928000.0,
        "Total Revenue": 136126000.0,
        "Operating Revenue": 136126000.0
    },
    "2023-12-31": {
        "Tax Effect Of Unusual Items": 0.0,
        "Tax Rate For Calcs": 0.14782,
        "Normalized EBITDA": 9898000.0,
        "Total Unusual Items": 0.0,
        "Total Unusual Items Excluding Goodwill": 0.0,
        "Net Income From Continuing Operation Net Minority Interest": 3557000.0,
        "Reconciled Depreciation": 3664000.0,
        "Reconciled Cost Of Revenue": 91596000.0,
        "EBITDA": 9898000.0,
        "EBIT": 6234000.0,
        "Net Interest Income": -2060000.0,
        "Interest Expense": 2060000.0,
        "Normalized Income": 3557000.0,
        "Net Income From Continuing And Discontinued Operation": 3557000.0,
        "Total Expenses": 141007000.0,
        "Diluted Average Shares": 16238736.0,
        "Basic Average Shares": 16010006.0,
        "Diluted EPS": 0.22,
        "Basic EPS": 0.22,
        "Diluted NI Availto Com Stockholders": 3557000.0,
        "Net Income Common Stockholders": 3557000.0,
        "Net Income": 3557000.0,
        "Net Income Including Noncontrolling Interests": 3557000.0,
        "Net Income Continuous Operations": 3557000.0,
        "Tax Provision": 617000.0,
        "Pretax Income": 4174000.0,
        "Special Income Charges": 0.0,
        "Impairment Of Capital Assets": 0.0,
        "Net Non Operating Interest Income Expense": -2060000.0,
        "Interest Expense Non Operating": 2060000.0,
        "Operating Income": 6234000.0,
        "Operating Expense": 49411000.0,
        "Selling General And Administration": 49411000.0,
        "Selling And Marketing Expense": NaN,
        "General And Administrative Expense": 49411000.0,
        "Other Gand A": 49198000.0,
        "Salaries And Wages": 213000.0,
        "Gross Profit": 55645000.0,
        "Cost Of Revenue": 91596000.0,
        "Total Revenue": 147241000.0,
        "Operating Revenue": 147241000.0
    },
    "2024-03-31": {
        "Tax Effect Of Unusual Items": 0.0,
        "Tax Rate For Calcs": 0.148,
        "Normalized EBITDA": 9631000.0,
        "Total Unusual Items": NaN,
        "Total Unusual Items Excluding Goodwill": NaN,
        "Net Income From Continuing Operation Net Minority Interest": 3912000.0,
        "Reconciled Depreciation": 3252000.0,
        "Reconciled Cost Of Revenue": 83525000.0,
        "EBITDA": 9631000.0,
        "EBIT": 6379000.0,
        "Net Interest Income": -1787000.0,
        "Interest Expense": 1787000.0,
        "Normalized Income": 3912000.0,
        "Net Income From Continuing And Discontinued Operation": 3912000.0,
        "Total Expenses": 132463000.0,
        "Diluted Average Shares": 16453452.0,
        "Basic Average Shares": 16028032.0,
        "Diluted EPS": 0.24,
        "Basic EPS": 0.24,
        "Diluted NI Availto Com Stockholders": 3912000.0,
        "Net Income Common Stockholders": 3912000.0,
        "Net Income": 3912000.0,
        "Net Income Including Noncontrolling Interests": 3912000.0,
        "Net Income Continuous Operations": 3912000.0,
        "Tax Provision": 680000.0,
        "Pretax Income": 4592000.0,
        "Special Income Charges": NaN,
        "Impairment Of Capital Assets": NaN,
        "Net Non Operating Interest Income Expense": -1787000.0,
        "Interest Expense Non Operating": 1787000.0,
        "Operating Income": 6379000.0,
        "Operating Expense": 48938000.0,
        "Selling General And Administration": 48938000.0,
        "Selling And Marketing Expense": NaN,
        "General And Administrative Expense": 48938000.0,
        "Other Gand A": 48749000.0,
        "Salaries And Wages": 189000.0,
        "Gross Profit": 55317000.0,
        "Cost Of Revenue": 83525000.0,
        "Total Revenue": 138842000.0,
        "Operating Revenue": 138842000.0
    },
    "2024-06-30": {
        "Tax Effect Of Unusual Items": 0.0,
        "Tax Rate For Calcs": 0.077,
        "Normalized EBITDA": 5559000.0,
        "Total Unusual Items": NaN,
        "Total Unusual Items Excluding Goodwill": NaN,
        "Net Income From Continuing Operation Net Minority Interest": 600000.0,
        "Reconciled Depreciation": 3368000.0,
        "Reconciled Cost Of Revenue": 80981000.0,
        "EBITDA": 5559000.0,
        "EBIT": 2191000.0,
        "Net Interest Income": -1541000.0,
        "Interest Expense": 1541000.0,
        "Normalized Income": 600000.0,
        "Net Income From Continuing And Discontinued Operation": 600000.0,
        "Total Expenses": 129545000.0,
        "Diluted Average Shares": 16769297.0,
        "Basic Average Shares": 16221073.0,
        "Diluted EPS": 0.04,
        "Basic EPS": 0.04,
        "Diluted NI Availto Com Stockholders": 600000.0,
        "Net Income Common Stockholders": 600000.0,
        "Net Income": 600000.0,
        "Net Income Including Noncontrolling Interests": 600000.0,
        "Net Income Continuous Operations": 600000.0,
        "Tax Provision": 50000.0,
        "Pretax Income": 650000.0,
        "Special Income Charges": NaN,
        "Impairment Of Capital Assets": NaN,
        "Net Non Operating Interest Income Expense": -1541000.0,
        "Interest Expense Non Operating": 1541000.0,
        "Operating Income": 2191000.0,
        "Operating Expense": 48564000.0,
        "Selling General And Administration": 48564000.0,
        "Selling And Marketing Expense": NaN,
        "General And Administrative Expense": 48564000.0,
        "Other Gand A": 48375000.0,
        "Salaries And Wages": 189000.0,
        "Gross Profit": 50755000.0,
        "Cost Of Revenue": 80981000.0,
        "Total Revenue": 131736000.0,
        "Operating Revenue": 131736000.0
    },
    "2024-09-30": {
        "Tax Effect Of Unusual Items": 0.0,
        "Tax Rate For Calcs": 0.178001,
        "Normalized EBITDA": 11394000.0,
        "Total Unusual Items": NaN,
        "Total Unusual Items Excluding Goodwill": NaN,
        "Net Income From Continuing Operation Net Minority Interest": 5403000.0,
        "Reconciled Depreciation": 3252000.0,
        "Reconciled Cost Of Revenue": 89144000.0,
        "EBITDA": 11394000.0,
        "EBIT": 8142000.0,
        "Net Interest Income": -1569000.0,
        "Interest Expense": 1569000.0,
        "Normalized Income": 5403000.0,
        "Net Income From Continuing And Discontinued Operation": 5403000.0,
        "Total Expenses": 141548000.0,
        "Diluted Average Shares": 16543990.0,
        "Basic Average Shares": 16107549.0,
        "Diluted EPS": 0.33,
        "Basic EPS": 0.34,
        "Diluted NI Availto Com Stockholders": 5403000.0,
        "Net Income Common Stockholders": 5403000.0,
        "Net Income": 5403000.0,
        "Net Income Including Noncontrolling Interests": 5403000.0,
        "Net Income Continuous Operations": 5403000.0,
        "Tax Provision": 1170000.0,
        "Pretax Income": 6573000.0,
        "Special Income Charges": NaN,
        "Impairment Of Capital Assets": NaN,
        "Net Non Operating Interest Income Expense": -1569000.0,
        "Interest Expense Non Operating": 1569000.0,
        "Operating Income": 8142000.0,
        "Operating Expense": 52404000.0,
        "Selling General And Administration": 52404000.0,
        "Selling And Marketing Expense": NaN,
        "General And Administrative Expense": 52404000.0,
        "Other Gand A": 52215000.0,
        "Salaries And Wages": 189000.0,
        "Gross Profit": 60546000.0,
        "Cost Of Revenue": 89144000.0,
        "Total Revenue": 149690000.0,
        "Operating Revenue": 149690000.0
    }
}