{
    "2023-06-30": {
        "Tax Effect Of Unusual Items": NaN,
        "Tax Rate For Calcs": NaN,
        "Normalized EBITDA": NaN,
        "Net Income From Continuing Operation Net Minority Interest": NaN,
        "Reconciled Depreciation": NaN,
        "EBITDA": NaN,
        "EBIT": NaN,
        "Net Interest Income": NaN,
        "Interest Expense": NaN,
        "Normalized Income": NaN,
        "Net Income From Continuing And Discontinued Operation": NaN,
        "Total Expenses": NaN,
        "Total Operating Income As Reported": NaN,
        "Diluted Average Shares": 500000.0,
        "Basic Average Shares": 500000.0,
        "Diluted EPS": -1.57584,
        "Basic EPS": -1.57584,
        "Diluted NI Availto Com Stockholders": NaN,
        "Net Income Common Stockholders": NaN,
        "Net Income": NaN,
        "Net Income Including Noncontrolling Interests": NaN,
        "Net Income Continuous Operations": NaN,
        "Pretax Income": NaN,
        "Other Income Expense": NaN,
        "Other Non Operating Income Expenses": NaN,
        "Net Non Operating Interest Income Expense": NaN,
        "Interest Expense Non Operating": NaN,
        "Operating Income": NaN,
        "Operating Expense": NaN,
        "Selling General And Administration": NaN,
        "Selling And Marketing Expense": NaN,
        "General And Administrative Expense": NaN,
        "Other Gand A": NaN,
        "Salaries And Wages": NaN,
        "Total Revenue": NaN,
        "Operating Revenue": NaN
    },
    "2023-03-31": {
        "Tax Effect Of Unusual Items": NaN,
        "Tax Rate For Calcs": NaN,
        "Normalized EBITDA": NaN,
        "Net Income From Continuing Operation Net Minority Interest": NaN,
        "Reconciled Depreciation": NaN,
        "EBITDA": NaN,
        "EBIT": NaN,
        "Net Interest Income": NaN,
        "Interest Expense": NaN,
        "Normalized Income": NaN,
        "Net Income From Continuing And Discontinued Operation": NaN,
        "Total Expenses": NaN,
        "Total Operating Income As Reported": NaN,
        "Diluted Average Shares": 10000000.0,
        "Basic Average Shares": 10000000.0,
        "Diluted EPS": -0.09045,
        "Basic EPS": -0.09045,
        "Diluted NI Availto Com Stockholders": NaN,
        "Net Income Common Stockholders": NaN,
        "Net Income": NaN,
        "Net Income Including Noncontrolling Interests": NaN,
        "Net Income Continuous Operations": NaN,
        "Pretax Income": NaN,
        "Other Income Expense": NaN,
        "Other Non Operating Income Expenses": NaN,
        "Net Non Operating Interest Income Expense": NaN,
        "Interest Expense Non Operating": NaN,
        "Operating Income": NaN,
        "Operating Expense": NaN,
        "Selling General And Administration": NaN,
        "Selling And Marketing Expense": NaN,
        "General And Administrative Expense": NaN,
        "Other Gand A": NaN,
        "Salaries And Wages": NaN,
        "Total Revenue": NaN,
        "Operating Revenue": NaN
    },
    "2022-12-31": {
        "Tax Effect Of Unusual Items": 0.0,
        "Tax Rate For Calcs": 0.0,
        "Normalized EBITDA": -10496689.0,
        "Net Income From Continuing Operation Net Minority Interest": -10629356.0,
        "EBITDA": -10496689.0,
        "EBIT": -10496689.0,
        "Net Interest Income": -132667.0,
        "Interest Expense": 132667.0,
        "Normalized Income": -10629356.0,
        "Net Income From Continuing And Discontinued Operation": -10629356.0,
        "Total Expenses": 10496689.0,
        "Total Operating Income As Reported": -10496689.0,
        "Diluted Average Shares": NaN,
        "Basic Average Shares": NaN,
        "Diluted EPS": NaN,
        "Basic EPS": NaN,
        "Diluted NI Availto Com Stockholders": -10629356.0,
        "Net Income Common Stockholders": -10629356.0,
        "Net Income": -10629356.0,
        "Net Income Including Noncontrolling Interests": -10629356.0,
        "Net Income Continuous Operations": -10629356.0,
        "Pretax Income": -10629356.0,
        "Other Income Expense": NaN,
        "Other Non Operating Income Expenses": NaN,
        "Net Non Operating Interest Income Expense": -132667.0,
        "Interest Expense Non Operating": 132667.0,
        "Operating Income": -10496689.0,
        "Operating Expense": 10496689.0,
        "Selling General And Administration": 10496689.0,
        "Selling And Marketing Expense": 17546.0,
        "General And Administrative Expense": 10479143.0,
        "Other Gand A": 475511.0,
        "Salaries And Wages": 10003632.0,
        "Total Revenue": 0.0,
        "Operating Revenue": 0.0
    },
    "2022-09-30": {
        "Tax Effect Of Unusual Items": NaN,
        "Tax Rate For Calcs": NaN,
        "Normalized EBITDA": NaN,
        "Net Income From Continuing Operation Net Minority Interest": NaN,
        "Reconciled Depreciation": NaN,
        "EBITDA": NaN,
        "EBIT": NaN,
        "Net Interest Income": NaN,
        "Interest Expense": NaN,
        "Normalized Income": NaN,
        "Net Income From Continuing And Discontinued Operation": NaN,
        "Total Expenses": NaN,
        "Total Operating Income As Reported": NaN,
        "Diluted Average Shares": 10000000.0,
        "Basic Average Shares": 10000000.0,
        "Diluted EPS": -0.048896,
        "Basic EPS": -0.048896,
        "Diluted NI Availto Com Stockholders": NaN,
        "Net Income Common Stockholders": NaN,
        "Net Income": NaN,
        "Net Income Including Noncontrolling Interests": NaN,
        "Net Income Continuous Operations": NaN,
        "Pretax Income": NaN,
        "Other Income Expense": NaN,
        "Other Non Operating Income Expenses": NaN,
        "Net Non Operating Interest Income Expense": NaN,
        "Interest Expense Non Operating": NaN,
        "Operating Income": NaN,
        "Operating Expense": NaN,
        "Selling General And Administration": NaN,
        "Selling And Marketing Expense": NaN,
        "General And Administrative Expense": NaN,
        "Other Gand A": NaN,
        "Salaries And Wages": NaN,
        "Total Revenue": NaN,
        "Operating Revenue": NaN
    },
    "2023-09-30": {
        "Tax Effect Of Unusual Items": 0.0,
        "Tax Rate For Calcs": 0.0,
        "Normalized EBITDA": -583591.0,
        "Net Income From Continuing Operation Net Minority Interest": -923543.0,
        "Reconciled Depreciation": 75.0,
        "EBITDA": -583591.0,
        "EBIT": -583666.0,
        "Net Interest Income": -339877.0,
        "Interest Expense": 339877.0,
        "Normalized Income": -923543.0,
        "Net Income From Continuing And Discontinued Operation": -923543.0,
        "Total Expenses": 583987.0,
        "Total Operating Income As Reported": -583987.0,
        "Diluted Average Shares": 4078.0,
        "Basic Average Shares": 4078.0,
        "Diluted EPS": -226.4,
        "Basic EPS": -226.4,
        "Diluted NI Availto Com Stockholders": -923543.0,
        "Net Income Common Stockholders": -923543.0,
        "Net Income": -923543.0,
        "Net Income Including Noncontrolling Interests": -923543.0,
        "Net Income Continuous Operations": -923543.0,
        "Pretax Income": -923543.0,
        "Other Income Expense": 321.0,
        "Other Non Operating Income Expenses": 321.0,
        "Net Non Operating Interest Income Expense": -339877.0,
        "Interest Expense Non Operating": 339877.0,
        "Operating Income": -583987.0,
        "Operating Expense": 583987.0,
        "Selling General And Administration": 583987.0,
        "Selling And Marketing Expense": 14003.0,
        "General And Administrative Expense": 569984.0,
        "Other Gand A": 341205.0,
        "Salaries And Wages": 228779.0,
        "Total Revenue": 0.0,
        "Operating Revenue": 0.0
    },
    "2023-12-31": {
        "Tax Effect Of Unusual Items": 0.0,
        "Tax Rate For Calcs": 0.0,
        "Normalized EBITDA": -1221026.0,
        "Net Income From Continuing Operation Net Minority Interest": -1584576.0,
        "Reconciled Depreciation": 161.0,
        "EBITDA": -1221026.0,
        "EBIT": -1221187.0,
        "Net Interest Income": -363389.0,
        "Interest Expense": 363389.0,
        "Normalized Income": -1584576.0,
        "Net Income From Continuing And Discontinued Operation": -1584576.0,
        "Total Expenses": 1222084.0,
        "Total Operating Income As Reported": -1222084.0,
        "Diluted Average Shares": NaN,
        "Basic Average Shares": NaN,
        "Diluted EPS": NaN,
        "Basic EPS": NaN,
        "Diluted NI Availto Com Stockholders": -1584576.0,
        "Net Income Common Stockholders": -1584576.0,
        "Net Income": -1584576.0,
        "Net Income Including Noncontrolling Interests": -1584576.0,
        "Net Income Continuous Operations": -1584576.0,
        "Pretax Income": -1584576.0,
        "Other Income Expense": 897.0,
        "Other Non Operating Income Expenses": 897.0,
        "Net Non Operating Interest Income Expense": -363389.0,
        "Interest Expense Non Operating": 363389.0,
        "Operating Income": -1222084.0,
        "Operating Expense": 1222084.0,
        "Selling General And Administration": 1222084.0,
        "Selling And Marketing Expense": 85147.0,
        "General And Administrative Expense": 1136937.0,
        "Other Gand A": 910210.0,
        "Salaries And Wages": 226727.0,
        "Total Revenue": 0.0,
        "Operating Revenue": 0.0
    },
    "2024-03-31": {
        "Tax Effect Of Unusual Items": 0.0,
        "Tax Rate For Calcs": 0.0,
        "Normalized EBITDA": -2501514.0,
        "Net Income From Continuing Operation Net Minority Interest": -3067671.0,
        "Reconciled Depreciation": 161.0,
        "EBITDA": -2501514.0,
        "EBIT": -2501675.0,
        "Net Interest Income": -565996.0,
        "Interest Expense": 565996.0,
        "Normalized Income": -3067671.0,
        "Net Income From Continuing And Discontinued Operation": -3067671.0,
        "Total Expenses": 2551491.0,
        "Total Operating Income As Reported": -2501675.0,
        "Diluted Average Shares": 593068.0,
        "Basic Average Shares": 593068.0,
        "Diluted EPS": -5.2,
        "Basic EPS": -5.2,
        "Diluted NI Availto Com Stockholders": -3067671.0,
        "Net Income Common Stockholders": -3067671.0,
        "Net Income": -3067671.0,
        "Net Income Including Noncontrolling Interests": -3067671.0,
        "Net Income Continuous Operations": -3067671.0,
        "Pretax Income": -3067671.0,
        "Other Income Expense": NaN,
        "Other Non Operating Income Expenses": NaN,
        "Net Non Operating Interest Income Expense": -565996.0,
        "Interest Expense Non Operating": 565996.0,
        "Operating Income": -2501675.0,
        "Operating Expense": 2551491.0,
        "Selling General And Administration": 2551491.0,
        "Selling And Marketing Expense": 69150.0,
        "General And Administrative Expense": 2482341.0,
        "Other Gand A": 466254.0,
        "Salaries And Wages": 2016087.0,
        "Total Revenue": 49816.0,
        "Operating Revenue": 49816.0
    },
    "2024-06-30": {
        "Tax Effect Of Unusual Items": 0.0,
        "Tax Rate For Calcs": 0.0,
        "Normalized EBITDA": -902778.0,
        "Net Income From Continuing Operation Net Minority Interest": -1968791.0,
        "Reconciled Depreciation": 195.0,
        "EBITDA": -902778.0,
        "EBIT": -902973.0,
        "Net Interest Income": -1065818.0,
        "Interest Expense": 1065818.0,
        "Normalized Income": -1968791.0,
        "Net Income From Continuing And Discontinued Operation": -1968791.0,
        "Total Expenses": 945135.0,
        "Total Operating Income As Reported": -902973.0,
        "Diluted Average Shares": 770379.0,
        "Basic Average Shares": 770379.0,
        "Diluted EPS": -2.6,
        "Basic EPS": -2.6,
        "Diluted NI Availto Com Stockholders": -1968791.0,
        "Net Income Common Stockholders": -1968791.0,
        "Net Income": -1968791.0,
        "Net Income Including Noncontrolling Interests": -1968791.0,
        "Net Income Continuous Operations": -1968791.0,
        "Pretax Income": -1968791.0,
        "Other Income Expense": NaN,
        "Other Non Operating Income Expenses": NaN,
        "Net Non Operating Interest Income Expense": -1065818.0,
        "Interest Expense Non Operating": 1065818.0,
        "Operating Income": -902973.0,
        "Operating Expense": 945135.0,
        "Selling General And Administration": 945135.0,
        "Selling And Marketing Expense": 132661.0,
        "General And Administrative Expense": 812474.0,
        "Other Gand A": 216829.0,
        "Salaries And Wages": 595645.0,
        "Total Revenue": 42162.0,
        "Operating Revenue": 42162.0
    },
    "2024-09-30": {
        "Tax Effect Of Unusual Items": 0.0,
        "Tax Rate For Calcs": 0.0,
        "Normalized EBITDA": -1389320.0,
        "Net Income From Continuing Operation Net Minority Interest": -2342002.0,
        "Reconciled Depreciation": 1443.0,
        "EBITDA": -1389320.0,
        "EBIT": -1390763.0,
        "Net Interest Income": -951239.0,
        "Interest Expense": 951239.0,
        "Normalized Income": -2342002.0,
        "Net Income From Continuing And Discontinued Operation": -2342002.0,
        "Total Expenses": 1471973.0,
        "Total Operating Income As Reported": -1390763.0,
        "Diluted Average Shares": 44789.0,
        "Basic Average Shares": 44789.0,
        "Diluted EPS": -52.2,
        "Basic EPS": -52.2,
        "Diluted NI Availto Com Stockholders": -2342002.0,
        "Net Income Common Stockholders": -2342002.0,
        "Net Income": -2342002.0,
        "Net Income Including Noncontrolling Interests": -2342002.0,
        "Net Income Continuous Operations": -2342002.0,
        "Pretax Income": -2342002.0,
        "Other Income Expense": NaN,
        "Other Non Operating Income Expenses": NaN,
        "Net Non Operating Interest Income Expense": -951239.0,
        "Interest Expense Non Operating": 951239.0,
        "Operating Income": -1390763.0,
        "Operating Expense": 1471973.0,
        "Selling General And Administration": 1471973.0,
        "Selling And Marketing Expense": 172220.0,
        "General And Administrative Expense": 1299753.0,
        "Other Gand A": 778448.0,
        "Salaries And Wages": 521305.0,
        "Total Revenue": 81210.0,
        "Operating Revenue": 81210.0
    }
}