{
    "2023-05-31": {
        "Tax Effect Of Unusual Items": -3240510.0,
        "Tax Rate For Calcs": 0.21,
        "Normalized EBITDA": 32835000.0,
        "Total Unusual Items": -15431000.0,
        "Total Unusual Items Excluding Goodwill": -15431000.0,
        "Net Income From Continuing Operation Net Minority Interest": -24455000.0,
        "Reconciled Depreciation": 26720000.0,
        "Reconciled Cost Of Revenue": 284687000.0,
        "EBITDA": 17404000.0,
        "EBIT": -9316000.0,
        "Net Interest Income": -8059000.0,
        "Interest Expense": 8059000.0,
        "Normalized Income": -12264510.0,
        "Net Income From Continuing And Discontinued Operation": -24455000.0,
        "Total Expenses": 377332000.0,
        "Total Operating Income As Reported": -8802000.0,
        "Diluted Average Shares": 49380000.0,
        "Basic Average Shares": 49380000.0,
        "Diluted EPS": -0.5,
        "Basic EPS": -0.5,
        "Diluted NI Availto Com Stockholders": -24455000.0,
        "Net Income Common Stockholders": -24455000.0,
        "Net Income": -24455000.0,
        "Minority Interests": -378000.0,
        "Net Income Including Noncontrolling Interests": -24077000.0,
        "Net Income Discontinuous Operations": NaN,
        "Net Income Continuous Operations": -24077000.0,
        "Tax Provision": 6702000.0,
        "Pretax Income": -17375000.0,
        "Other Income Expense": -15314000.0,
        "Other Non Operating Income Expenses": 117000.0,
        "Special Income Charges": -14841000.0,
        "Gain On Sale Of Ppe": -41000.0,
        "Other Special Charges": NaN,
        "Impairment Of Capital Assets": 0.0,
        "Restructuring And Mergern Acquisition": 14800000.0,
        "Gain On Sale Of Security": -590000.0,
        "Net Non Operating Interest Income Expense": -8059000.0,
        "Interest Expense Non Operating": 8059000.0,
        "Operating Income": 5998000.0,
        "Operating Expense": 92645000.0,
        "Other Operating Expenses": -186000.0,
        "Research And Development": 22235000.0,
        "Selling General And Administration": 70596000.0,
        "General And Administrative Expense": 70596000.0,
        "Other Gand A": 70596000.0,
        "Gross Profit": 98643000.0,
        "Cost Of Revenue": 284687000.0,
        "Total Revenue": 383330000.0,
        "Operating Revenue": 383330000.0
    },
    "2023-02-28": {
        "Tax Effect Of Unusual Items": -7944300.0,
        "Tax Rate For Calcs": 0.21,
        "Normalized EBITDA": 39697000.0,
        "Total Unusual Items": -37830000.0,
        "Total Unusual Items Excluding Goodwill": -37830000.0,
        "Net Income From Continuing Operation Net Minority Interest": -33396000.0,
        "Reconciled Depreciation": 17251000.0,
        "Reconciled Cost Of Revenue": 277369000.0,
        "EBITDA": 1867000.0,
        "EBIT": -15384000.0,
        "Net Interest Income": -9430000.0,
        "Interest Expense": 9430000.0,
        "Normalized Income": -3510300.0,
        "Net Income From Continuing And Discontinued Operation": -27219000.0,
        "Total Expenses": 366496000.0,
        "Total Operating Income As Reported": -2077000.0,
        "Diluted Average Shares": 49116000.0,
        "Basic Average Shares": 49116000.0,
        "Diluted EPS": -0.55,
        "Basic EPS": -0.55,
        "Diluted NI Availto Com Stockholders": -27219000.0,
        "Net Income Common Stockholders": -27219000.0,
        "Net Income": -27219000.0,
        "Minority Interests": -433000.0,
        "Net Income Including Noncontrolling Interests": -26786000.0,
        "Net Income Discontinuous Operations": 6177000.0,
        "Net Income Continuous Operations": -32963000.0,
        "Tax Provision": 8149000.0,
        "Pretax Income": -24814000.0,
        "Other Income Expense": -37265000.0,
        "Other Non Operating Income Expenses": 565000.0,
        "Special Income Charges": -37665000.0,
        "Gain On Sale Of Ppe": 2984000.0,
        "Other Special Charges": 16691000.0,
        "Impairment Of Capital Assets": 17558000.0,
        "Restructuring And Mergern Acquisition": 6400000.0,
        "Gain On Sale Of Security": -165000.0,
        "Net Non Operating Interest Income Expense": -9430000.0,
        "Interest Expense Non Operating": 9430000.0,
        "Operating Income": 21881000.0,
        "Operating Expense": 89127000.0,
        "Other Operating Expenses": 3781000.0,
        "Research And Development": 25272000.0,
        "Selling General And Administration": 60074000.0,
        "General And Administrative Expense": NaN,
        "Other Gand A": NaN,
        "Gross Profit": 111008000.0,
        "Cost Of Revenue": 277369000.0,
        "Total Revenue": 388377000.0,
        "Operating Revenue": 388377000.0
    },
    "2022-11-30": {
        "Tax Effect Of Unusual Items": NaN,
        "Tax Rate For Calcs": NaN,
        "Normalized EBITDA": NaN,
        "Total Unusual Items": NaN,
        "Total Unusual Items Excluding Goodwill": NaN,
        "Net Income From Continuing Operation Net Minority Interest": NaN,
        "Reconciled Depreciation": NaN,
        "Reconciled Cost Of Revenue": NaN,
        "EBITDA": NaN,
        "EBIT": NaN,
        "Net Interest Income": NaN,
        "Interest Expense": NaN,
        "Normalized Income": NaN,
        "Net Income From Continuing And Discontinued Operation": NaN,
        "Total Expenses": NaN,
        "Total Operating Income As Reported": NaN,
        "Diluted Average Shares": NaN,
        "Basic Average Shares": NaN,
        "Diluted EPS": NaN,
        "Basic EPS": NaN,
        "Diluted NI Availto Com Stockholders": NaN,
        "Net Income Common Stockholders": NaN,
        "Net Income": NaN,
        "Minority Interests": NaN,
        "Net Income Including Noncontrolling Interests": NaN,
        "Net Income Discontinuous Operations": 8931000.0,
        "Net Income Continuous Operations": NaN,
        "Tax Provision": NaN,
        "Pretax Income": NaN,
        "Other Income Expense": NaN,
        "Other Non Operating Income Expenses": NaN,
        "Special Income Charges": NaN,
        "Gain On Sale Of Ppe": NaN,
        "Other Special Charges": -767000.0,
        "Impairment Of Capital Assets": NaN,
        "Restructuring And Mergern Acquisition": NaN,
        "Gain On Sale Of Security": 520000.0,
        "Net Non Operating Interest Income Expense": NaN,
        "Interest Expense Non Operating": NaN,
        "Operating Income": NaN,
        "Operating Expense": NaN,
        "Other Operating Expenses": NaN,
        "Research And Development": NaN,
        "Selling General And Administration": NaN,
        "General And Administrative Expense": NaN,
        "Other Gand A": NaN,
        "Gross Profit": NaN,
        "Cost Of Revenue": NaN,
        "Total Revenue": NaN,
        "Operating Revenue": NaN
    },
    "2022-08-31": {
        "Tax Effect Of Unusual Items": 0.0,
        "Tax Rate For Calcs": 0.21,
        "Normalized EBITDA": 42780000.0,
        "Total Unusual Items": 0.0,
        "Total Unusual Items Excluding Goodwill": 0.0,
        "Net Income From Continuing Operation Net Minority Interest": 19959000.0,
        "Reconciled Depreciation": 16446000.0,
        "Reconciled Cost Of Revenue": 333854000.0,
        "EBITDA": 42780000.0,
        "EBIT": 26334000.0,
        "Net Interest Income": -6491000.0,
        "Interest Expense": 6491000.0,
        "Normalized Income": 19959000.0,
        "Net Income From Continuing And Discontinued Operation": 19959000.0,
        "Total Expenses": 410096000.0,
        "Total Operating Income As Reported": 27601000.0,
        "Diluted Average Shares": 50504000.0,
        "Basic Average Shares": 49238000.0,
        "Diluted EPS": 0.4,
        "Basic EPS": 0.41,
        "Diluted NI Availto Com Stockholders": 19959000.0,
        "Net Income Common Stockholders": 19959000.0,
        "Net Income": 19959000.0,
        "Minority Interests": -468000.0,
        "Net Income Including Noncontrolling Interests": 20427000.0,
        "Net Income Discontinuous Operations": NaN,
        "Net Income Continuous Operations": 20427000.0,
        "Tax Provision": -584000.0,
        "Pretax Income": 19843000.0,
        "Other Income Expense": -1267000.0,
        "Other Non Operating Income Expenses": -1267000.0,
        "Special Income Charges": 0.0,
        "Gain On Sale Of Ppe": NaN,
        "Other Special Charges": NaN,
        "Impairment Of Capital Assets": NaN,
        "Restructuring And Mergern Acquisition": 0.0,
        "Gain On Sale Of Security": -1212000.0,
        "Net Non Operating Interest Income Expense": -6491000.0,
        "Interest Expense Non Operating": 6491000.0,
        "Operating Income": 27601000.0,
        "Operating Expense": 76242000.0,
        "Other Operating Expenses": NaN,
        "Research And Development": 20607000.0,
        "Selling General And Administration": 55635000.0,
        "General And Administrative Expense": 55635000.0,
        "Other Gand A": 55635000.0,
        "Gross Profit": 103843000.0,
        "Cost Of Revenue": 333854000.0,
        "Total Revenue": 437697000.0,
        "Operating Revenue": 437697000.0
    },
    "2022-05-31": {
        "Tax Effect Of Unusual Items": -21555.398158,
        "Tax Rate For Calcs": 0.173834,
        "Normalized EBITDA": 54162000.0,
        "Total Unusual Items": -124000.0,
        "Total Unusual Items Excluding Goodwill": -124000.0,
        "Net Income From Continuing Operation Net Minority Interest": 24113000.0,
        "Reconciled Depreciation": 19279000.0,
        "Reconciled Cost Of Revenue": 348077000.0,
        "EBIT": 34759000.0,
        "Net Interest Income": -5110000.0,
        "Interest Expense": 5110000.0,
        "Normalized Income": 24215444.601842,
        "Net Income From Continuing And Discontinued Operation": 24113000.0,
        "Total Expenses": 427107000.0,
        "Total Operating Income As Reported": 35309000.0,
        "Diluted Average Shares": 54998000.0,
        "Basic Average Shares": 50095000.0,
        "Diluted EPS": 0.44,
        "Basic EPS": 0.48,
        "Diluted NI Availto Com Stockholders": 24113000.0,
        "Net Income Common Stockholders": 24113000.0,
        "Net Income": 24113000.0,
        "Minority Interests": -382000.0,
        "Net Income Including Noncontrolling Interests": 24495000.0,
        "Net Income Continuous Operations": 24495000.0,
        "Tax Provision": 5154000.0,
        "Pretax Income": 29649000.0,
        "Other Income Expense": -674000.0,
        "Other Non Operating Income Expenses": -550000.0,
        "Special Income Charges": -124000.0,
        "Gain On Sale Of Ppe": NaN,
        "Other Special Charges": NaN,
        "Impairment Of Capital Assets": NaN,
        "Restructuring And Mergern Acquisition": 124000.0,
        "Gain On Sale Of Security": -641000.0,
        "Net Non Operating Interest Income Expense": -5110000.0,
        "Interest Expense Non Operating": 5110000.0,
        "Operating Income": 35433000.0,
        "Operating Expense": 79030000.0,
        "Other Operating Expenses": NaN,
        "Research And Development": 20298000.0,
        "Selling General And Administration": 58732000.0,
        "General And Administrative Expense": 58732000.0,
        "Other Gand A": 58732000.0,
        "Gross Profit": 114463000.0,
        "Cost Of Revenue": 348077000.0,
        "Total Revenue": 462540000.0,
        "Operating Revenue": 462540000.0
    },
    "2022-02-28": {
        "Diluted EPS": 0.04,
        "Total Revenue": 449,
        "Gross Profit": 113,
        "Operating Income": 17,
        "EBIT": 35,
        "Net Income": 2
    },
    "2021-11-30": {
        "Diluted EPS": 0.37,
        "Total Revenue": 470,
        "Gross Profit": 122,
        "Operating Income": 35,
        "EBIT": 53,
        "Net Income": 20
    },
    "2021-08-31": {
        "Diluted EPS": 0.4,
        "Total Revenue": 468,
        "Gross Profit": 118,
        "Operating Income": 32,
        "EBIT": 46,
        "Net Income": 21
    },
    "2021-05-31": {
        "Diluted EPS": -0.15,
        "Total Revenue": 438,
        "Gross Profit": 84,
        "Operating Income": 3,
        "EBIT": 22,
        "Net Income": -7
    },
    "2021-02-28": {
        "Diluted EPS": 0.12,
        "Total Revenue": 304,
        "Gross Profit": 53,
        "Operating Income": 13,
        "EBIT": 25,
        "Net Income": 6
    },
    "2020-11-30": {
        "Diluted EPS": 0.04,
        "Total Revenue": 292,
        "Gross Profit": 53,
        "Operating Income": 8,
        "EBIT": 20,
        "Net Income": 2
    },
    "2020-08-31": {
        "Diluted EPS": 0.17,
        "Total Revenue": 297,
        "Gross Profit": 56,
        "Operating Income": 17,
        "EBIT": 24,
        "Net Income": 8
    },
    "2020-05-31": {
        "Diluted EPS": 0.02,
        "Total Revenue": 281,
        "Gross Profit": 54,
        "Operating Income": 10,
        "EBIT": 22,
        "Net Income": 1
    },
    "2020-02-29": {
        "Diluted EPS": -0.21,
        "Total Revenue": 272,
        "Gross Profit": 52,
        "Operating Income": 8,
        "EBIT": 20,
        "Net Income": -10
    },
    "2019-11-30": {
        "Diluted EPS": 0.01,
        "Total Revenue": 272,
        "Gross Profit": 54,
        "Operating Income": 6,
        "EBIT": 17,
        "Net Income": 0
    },
    "2019-08-31": {
        "Diluted EPS": 0.12,
        "Total Revenue": 278,
        "Gross Profit": 52,
        "Operating Income": 11,
        "EBIT": 21,
        "Net Income": 6
    },
    "2019-05-31": {
        "Diluted EPS": 0.04,
        "Total Revenue": 236,
        "Gross Profit": 43,
        "Operating Income": 7,
        "EBIT": 15,
        "Net Income": 2
    },
    "2019-02-28": {
        "Diluted EPS": 0.28,
        "Total Revenue": 304,
        "Gross Profit": 57,
        "Operating Income": 22,
        "EBIT": 30,
        "Net Income": 13
    },
    "2018-11-30": {
        "Diluted EPS": 0.67,
        "Total Revenue": 394,
        "Gross Profit": 85,
        "Operating Income": 48,
        "EBIT": 55,
        "Net Income": 31
    },
    "2018-08-31": {
        "Diluted EPS": 0.64,
        "Total Revenue": 374,
        "Gross Profit": 83,
        "Operating Income": 45,
        "EBIT": 53,
        "Net Income": 30
    },
    "2018-05-31": {
        "Diluted EPS": 0.69,
        "Total Revenue": 335,
        "Gross Profit": 78,
        "Operating Income": 49,
        "EBIT": 55,
        "Net Income": 32
    },
    "2018-02-28": {
        "Diluted EPS": 0.8,
        "Total Revenue": 314,
        "Gross Profit": 73,
        "Operating Income": 45,
        "EBIT": 52,
        "Net Income": 37
    },
    "2017-11-30": {
        "Diluted EPS": 0.46,
        "Total Revenue": 265,
        "Gross Profit": 58,
        "Operating Income": 31,
        "EBIT": 38,
        "Net Income": 21
    },
    "2017-08-31": {
        "Diluted EPS": -0.3,
        "Total Revenue": 223,
        "Gross Profit": 48,
        "Operating Income": 21,
        "EBIT": 30,
        "Net Income": -10
    },
    "2017-05-31": {
        "Diluted EPS": 0.25,
        "Total Revenue": 207,
        "Gross Profit": 47,
        "Operating Income": 20,
        "EBIT": 31,
        "Net Income": 8
    },
    "2017-02-28": {
        "Diluted EPS": -0.09,
        "Total Revenue": 172,
        "Gross Profit": 37,
        "Operating Income": 9,
        "EBIT": 21,
        "Net Income": -2
    },
    "2016-11-30": {
        "Diluted EPS": -0.12,
        "Total Revenue": 159,
        "Gross Profit": 30,
        "Operating Income": 4,
        "EBIT": 13,
        "Net Income": -3
    },
    "2016-08-31": {
        "Diluted EPS": 0.0,
        "Total Revenue": NaN,
        "Gross Profit": NaN,
        "Operating Income": NaN,
        "EBIT": NaN,
        "Net Income": NaN
    },
    "2016-05-31": {
        "Diluted EPS": -0.05,
        "Total Revenue": 150,
        "Gross Profit": 31,
        "Operating Income": 5,
        "EBIT": 5,
        "Net Income": -1
    },
    "2015-08-31": {
        "Diluted EPS": 0.0,
        "Total Revenue": NaN,
        "Gross Profit": NaN,
        "Operating Income": NaN,
        "EBIT": NaN,
        "Net Income": NaN
    },
    "2023-08-31": {
        "Tax Effect Of Unusual Items": -968100.0,
        "Tax Rate For Calcs": 0.21,
        "Normalized EBITDA": 23691000.0,
        "Total Unusual Items": -4610000.0,
        "Total Unusual Items Excluding Goodwill": -4610000.0,
        "Net Income From Continuing Operation Net Minority Interest": 54540000.0,
        "Reconciled Depreciation": 10612000.0,
        "Reconciled Cost Of Revenue": 75531000.0,
        "EBITDA": 19081000.0,
        "EBIT": 8469000.0,
        "Net Interest Income": -12319000.0,
        "Interest Expense": 12319000.0,
        "Normalized Income": 58181900.0,
        "Net Income From Continuing And Discontinued Operation": -140844000.0,
        "Total Expenses": 150511000.0,
        "Total Operating Income As Reported": 7123000.0,
        "Diluted Average Shares": 55523000.0,
        "Basic Average Shares": 50807000.0,
        "Diluted EPS": -2.77,
        "Basic EPS": -2.77,
        "Diluted NI Availto Com Stockholders": -140844000.0,
        "Net Income Common Stockholders": -140844000.0,
        "Net Income": -140844000.0,
        "Minority Interests": -689000.0,
        "Net Income Including Noncontrolling Interests": -140155000.0,
        "Net Income Discontinuous Operations": NaN,
        "Net Income Continuous Operations": 55229000.0,
        "Tax Provision": -59079000.0,
        "Pretax Income": -3850000.0,
        "Other Income Expense": -4288000.0,
        "Other Non Operating Income Expenses": 322000.0,
        "Special Income Charges": -5723000.0,
        "Gain On Sale Of Ppe": -89000.0,
        "Other Special Charges": 0.0,
        "Impairment Of Capital Assets": 1534000.0,
        "Restructuring And Mergern Acquisition": 4100000.0,
        "Gain On Sale Of Security": NaN,
        "Net Non Operating Interest Income Expense": -12319000.0,
        "Interest Expense Non Operating": 12319000.0,
        "Operating Income": 12757000.0,
        "Operating Expense": 74980000.0,
        "Other Operating Expenses": 1038000.0,
        "Research And Development": 17609000.0,
        "Selling General And Administration": 56333000.0,
        "General And Administrative Expense": NaN,
        "Other Gand A": NaN,
        "Gross Profit": 87737000.0,
        "Cost Of Revenue": 75531000.0,
        "Total Revenue": 163268000.0,
        "Operating Revenue": 163268000.0
    },
    "2023-11-30": {
        "Tax Effect Of Unusual Items": 105210.0,
        "Tax Rate For Calcs": 0.21,
        "Normalized EBITDA": 19034000.0,
        "Total Unusual Items": 501000.0,
        "Total Unusual Items Excluding Goodwill": 501000.0,
        "Net Income From Continuing Operation Net Minority Interest": -11773000.0,
        "Reconciled Depreciation": 17654000.0,
        "Reconciled Cost Of Revenue": 191397000.0,
        "EBITDA": 19535000.0,
        "EBIT": 1881000.0,
        "Net Interest Income": -9559000.0,
        "Interest Expense": 9559000.0,
        "Normalized Income": -12168790.0,
        "Net Income From Continuing And Discontinued Operation": -19921000.0,
        "Total Expenses": 272942000.0,
        "Total Operating Income As Reported": 1305000.0,
        "Diluted Average Shares": 52068000.0,
        "Basic Average Shares": 52068000.0,
        "Diluted EPS": -0.38,
        "Basic EPS": -0.38,
        "Diluted NI Availto Com Stockholders": -19921000.0,
        "Net Income Common Stockholders": -19921000.0,
        "Net Income": -19921000.0,
        "Minority Interests": -561000.0,
        "Net Income Including Noncontrolling Interests": -19360000.0,
        "Net Income Discontinuous Operations": -8148000.0,
        "Net Income Continuous Operations": -11212000.0,
        "Tax Provision": 3534000.0,
        "Pretax Income": -7678000.0,
        "Other Income Expense": 576000.0,
        "Other Non Operating Income Expenses": 75000.0,
        "Special Income Charges": -45000.0,
        "Gain On Sale Of Ppe": -45000.0,
        "Other Special Charges": NaN,
        "Impairment Of Capital Assets": NaN,
        "Restructuring And Mergern Acquisition": 0.0,
        "Gain On Sale Of Security": 546000.0,
        "Net Non Operating Interest Income Expense": -9559000.0,
        "Interest Expense Non Operating": 9559000.0,
        "Operating Income": 1305000.0,
        "Operating Expense": 81545000.0,
        "Other Operating Expenses": 2939000.0,
        "Research And Development": 21389000.0,
        "Selling General And Administration": 57217000.0,
        "General And Administrative Expense": NaN,
        "Other Gand A": NaN,
        "Gross Profit": 82850000.0,
        "Cost Of Revenue": 191397000.0,
        "Total Revenue": 274247000.0,
        "Operating Revenue": 274247000.0
    },
    "2024-02-29": {
        "Tax Effect Of Unusual Items": -219200.0,
        "Tax Rate For Calcs": 0.4,
        "Normalized EBITDA": 14134000.0,
        "Total Unusual Items": -548000.0,
        "Total Unusual Items Excluding Goodwill": -548000.0,
        "Net Income From Continuing Operation Net Minority Interest": -13620000.0,
        "Reconciled Depreciation": 17146000.0,
        "Reconciled Cost Of Revenue": 202887000.0,
        "EBITDA": 13586000.0,
        "EBIT": -3560000.0,
        "Net Interest Income": -7249000.0,
        "Interest Expense": 7249000.0,
        "Normalized Income": -13291200.0,
        "Net Income From Continuing And Discontinued Operation": -13620000.0,
        "Total Expenses": 288133000.0,
        "Total Operating Income As Reported": -3312000.0,
        "Diluted Average Shares": 52031000.0,
        "Basic Average Shares": 52031000.0,
        "Diluted EPS": -0.26,
        "Basic EPS": -0.26,
        "Diluted NI Availto Com Stockholders": -13620000.0,
        "Net Income Common Stockholders": -13620000.0,
        "Net Income": -13620000.0,
        "Minority Interests": -613000.0,
        "Net Income Including Noncontrolling Interests": -13007000.0,
        "Net Income Discontinuous Operations": 0.0,
        "Net Income Continuous Operations": -13007000.0,
        "Tax Provision": 2198000.0,
        "Pretax Income": -10809000.0,
        "Other Income Expense": -248000.0,
        "Other Non Operating Income Expenses": 300000.0,
        "Special Income Charges": -366000.0,
        "Gain On Sale Of Ppe": -41000.0,
        "Other Special Charges": 325000.0,
        "Impairment Of Capital Assets": 0.0,
        "Restructuring And Mergern Acquisition": 0.0,
        "Gain On Sale Of Security": -182000.0,
        "Net Non Operating Interest Income Expense": -7249000.0,
        "Interest Expense Non Operating": 7249000.0,
        "Operating Income": -3312000.0,
        "Operating Expense": 85246000.0,
        "Other Operating Expenses": 3335000.0,
        "Research And Development": 20526000.0,
        "Selling General And Administration": 61385000.0,
        "General And Administrative Expense": NaN,
        "Other Gand A": NaN,
        "Gross Profit": 81934000.0,
        "Cost Of Revenue": 202887000.0,
        "Total Revenue": 284821000.0,
        "Operating Revenue": 284821000.0
    }
}