{
    "2023-03-31": {
        "Tax Effect Of Unusual Items": NaN,
        "Tax Rate For Calcs": NaN,
        "Normalized EBITDA": NaN,
        "Total Unusual Items": NaN,
        "Total Unusual Items Excluding Goodwill": NaN,
        "Net Income From Continuing Operation Net Minority Interest": NaN,
        "Reconciled Depreciation": NaN,
        "EBITDA": NaN,
        "EBIT": NaN,
        "Net Interest Income": NaN,
        "Interest Income": NaN,
        "Normalized Income": NaN,
        "Net Income From Continuing And Discontinued Operation": NaN,
        "Total Expenses": NaN,
        "Total Operating Income As Reported": NaN,
        "Diluted Average Shares": NaN,
        "Basic Average Shares": NaN,
        "Diluted EPS": NaN,
        "Basic EPS": NaN,
        "Diluted NI Availto Com Stockholders": NaN,
        "Net Income Common Stockholders": NaN,
        "Otherunder Preferred Stock Dividend": NaN,
        "Net Income": NaN,
        "Net Income Including Noncontrolling Interests": NaN,
        "Net Income Continuous Operations": NaN,
        "Tax Provision": NaN,
        "Pretax Income": NaN,
        "Other Income Expense": NaN,
        "Special Income Charges": NaN,
        "Impairment Of Capital Assets": NaN,
        "Net Non Operating Interest Income Expense": NaN,
        "Total Other Finance Cost": -3293000.0,
        "Interest Income Non Operating": NaN,
        "Operating Income": NaN,
        "Operating Expense": NaN,
        "Research And Development": NaN,
        "Selling General And Administration": NaN,
        "General And Administrative Expense": NaN,
        "Other Gand A": NaN,
        "Total Revenue": NaN,
        "Operating Revenue": NaN
    },
    "2022-12-31": {
        "Tax Effect Of Unusual Items": NaN,
        "Tax Rate For Calcs": NaN,
        "Normalized EBITDA": NaN,
        "Total Unusual Items": NaN,
        "Total Unusual Items Excluding Goodwill": NaN,
        "Net Income From Continuing Operation Net Minority Interest": NaN,
        "Reconciled Depreciation": NaN,
        "EBITDA": NaN,
        "EBIT": NaN,
        "Net Interest Income": NaN,
        "Interest Income": NaN,
        "Normalized Income": NaN,
        "Net Income From Continuing And Discontinued Operation": NaN,
        "Total Expenses": NaN,
        "Total Operating Income As Reported": NaN,
        "Diluted Average Shares": NaN,
        "Basic Average Shares": NaN,
        "Diluted EPS": NaN,
        "Basic EPS": NaN,
        "Diluted NI Availto Com Stockholders": NaN,
        "Net Income Common Stockholders": NaN,
        "Net Income": NaN,
        "Minority Interests": 0.0,
        "Net Income Including Noncontrolling Interests": NaN,
        "Net Income Continuous Operations": NaN,
        "Tax Provision": NaN,
        "Pretax Income": NaN,
        "Other Income Expense": NaN,
        "Special Income Charges": NaN,
        "Impairment Of Capital Assets": NaN,
        "Net Non Operating Interest Income Expense": NaN,
        "Total Other Finance Cost": NaN,
        "Interest Income Non Operating": NaN,
        "Operating Income": NaN,
        "Operating Expense": NaN,
        "Research And Development": NaN,
        "Selling General And Administration": NaN,
        "General And Administrative Expense": NaN,
        "Other Gand A": NaN,
        "Total Revenue": NaN,
        "Operating Revenue": NaN
    },
    "2022-09-30": {
        "Tax Effect Of Unusual Items": NaN,
        "Tax Rate For Calcs": NaN,
        "Normalized EBITDA": NaN,
        "Total Unusual Items": NaN,
        "Total Unusual Items Excluding Goodwill": NaN,
        "Net Income From Continuing Operation Net Minority Interest": NaN,
        "Reconciled Depreciation": NaN,
        "EBITDA": NaN,
        "EBIT": NaN,
        "Net Interest Income": NaN,
        "Interest Income": 1769000.0,
        "Normalized Income": NaN,
        "Net Income From Continuing And Discontinued Operation": NaN,
        "Total Expenses": NaN,
        "Total Operating Income As Reported": NaN,
        "Diluted Average Shares": NaN,
        "Basic Average Shares": NaN,
        "Diluted EPS": NaN,
        "Basic EPS": NaN,
        "Diluted NI Availto Com Stockholders": NaN,
        "Net Income Common Stockholders": NaN,
        "Net Income": NaN,
        "Minority Interests": 0.0,
        "Net Income Including Noncontrolling Interests": NaN,
        "Net Income Continuous Operations": NaN,
        "Tax Provision": NaN,
        "Pretax Income": NaN,
        "Other Income Expense": NaN,
        "Special Income Charges": NaN,
        "Impairment Of Capital Assets": NaN,
        "Net Non Operating Interest Income Expense": NaN,
        "Total Other Finance Cost": -1769000.0,
        "Interest Income Non Operating": 1769000.0,
        "Operating Income": NaN,
        "Operating Expense": NaN,
        "Research And Development": NaN,
        "Selling General And Administration": NaN,
        "General And Administrative Expense": NaN,
        "Other Gand A": NaN,
        "Total Revenue": NaN,
        "Operating Revenue": NaN
    },
    "2022-06-30": {
        "Tax Effect Of Unusual Items": 0.0,
        "Tax Rate For Calcs": 0.4,
        "Normalized EBITDA": -40731000.0,
        "Total Unusual Items": NaN,
        "Total Unusual Items Excluding Goodwill": NaN,
        "Net Income From Continuing Operation Net Minority Interest": -43173000.0,
        "Reconciled Depreciation": 5003000.0,
        "EBITDA": -40731000.0,
        "EBIT": -45734000.0,
        "Net Interest Income": 2643000.0,
        "Interest Income": NaN,
        "Normalized Income": -43173000.0,
        "Net Income From Continuing And Discontinued Operation": -43173000.0,
        "Total Expenses": 75112000.0,
        "Total Operating Income As Reported": -45734000.0,
        "Diluted Average Shares": 148158000.0,
        "Basic Average Shares": 148158000.0,
        "Diluted EPS": -0.29,
        "Basic EPS": -0.29,
        "Diluted NI Availto Com Stockholders": -43173000.0,
        "Net Income Common Stockholders": -43173000.0,
        "Net Income": -43173000.0,
        "Minority Interests": 0.0,
        "Net Income Including Noncontrolling Interests": -43173000.0,
        "Net Income Continuous Operations": -43173000.0,
        "Tax Provision": 82000.0,
        "Pretax Income": -43091000.0,
        "Other Income Expense": NaN,
        "Special Income Charges": NaN,
        "Impairment Of Capital Assets": NaN,
        "Net Non Operating Interest Income Expense": 2643000.0,
        "Total Other Finance Cost": -2643000.0,
        "Interest Income Non Operating": NaN,
        "Operating Income": -45734000.0,
        "Operating Expense": 75112000.0,
        "Research And Development": 60019000.0,
        "Selling General And Administration": 15093000.0,
        "General And Administrative Expense": 15093000.0,
        "Other Gand A": 15093000.0,
        "Total Revenue": 29378000.0,
        "Operating Revenue": 29378000.0
    },
    "2022-03-31": {
        "Diluted EPS": -0.3,
        "Total Revenue": 28,
        "Gross Profit": 28,
        "Operating Income": -45,
        "EBIT": -40,
        "Net Income": -44
    },
    "2021-12-31": {
        "Diluted EPS": -0.25,
        "Total Revenue": 28,
        "Gross Profit": 28,
        "Operating Income": -40,
        "EBIT": -35,
        "Net Income": -37
    },
    "2021-09-30": {
        "Diluted EPS": -0.33,
        "Total Revenue": 29,
        "Gross Profit": 29,
        "Operating Income": -48,
        "EBIT": -43,
        "Net Income": -48
    },
    "2021-06-30": {
        "Diluted EPS": -0.33,
        "Total Revenue": 28,
        "Gross Profit": 28,
        "Operating Income": -49,
        "EBIT": -44,
        "Net Income": -47
    },
    "2021-03-31": {
        "Diluted EPS": -0.32,
        "Total Revenue": 26,
        "Gross Profit": 26,
        "Operating Income": -46,
        "EBIT": -42,
        "Net Income": -46
    },
    "2020-12-31": {
        "Diluted EPS": -0.26,
        "Total Revenue": 26,
        "Gross Profit": 26,
        "Operating Income": -43,
        "EBIT": -39,
        "Net Income": -41
    },
    "2020-09-30": {
        "Diluted EPS": -0.01,
        "Total Revenue": 58,
        "Gross Profit": 58,
        "Operating Income": -4,
        "EBIT": -1,
        "Net Income": -2
    },
    "2020-06-30": {
        "Diluted EPS": -0.26,
        "Total Revenue": 22,
        "Gross Profit": 22,
        "Operating Income": -38,
        "EBIT": -35,
        "Net Income": -36
    },
    "2020-03-31": {
        "Diluted EPS": -0.37,
        "Total Revenue": 13,
        "Gross Profit": 13,
        "Operating Income": -45,
        "EBIT": -42,
        "Net Income": -43
    },
    "2019-12-31": {
        "Diluted EPS": 0.06,
        "Total Revenue": 55,
        "Gross Profit": 55,
        "Operating Income": 1,
        "EBIT": 4,
        "Net Income": 5
    },
    "2019-09-30": {
        "Diluted EPS": -0.24,
        "Total Revenue": 22,
        "Gross Profit": 22,
        "Operating Income": -29,
        "EBIT": -27,
        "Net Income": -27
    },
    "2019-06-30": {
        "Diluted EPS": -0.26,
        "Total Revenue": 18,
        "Gross Profit": 18,
        "Operating Income": -34,
        "EBIT": -33,
        "Net Income": -30
    },
    "2019-03-31": {
        "Diluted EPS": -0.41,
        "Total Revenue": 8,
        "Gross Profit": 8,
        "Operating Income": -44,
        "EBIT": -44,
        "Net Income": -42
    },
    "2018-12-31": {
        "Diluted EPS": -0.17,
        "Total Revenue": 27,
        "Gross Profit": 27,
        "Operating Income": -21,
        "EBIT": -22,
        "Net Income": -19
    },
    "2018-09-30": {
        "Diluted EPS": -0.13,
        "Total Revenue": 24,
        "Gross Profit": 24,
        "Operating Income": -16,
        "EBIT": -18,
        "Net Income": -13
    },
    "2018-06-30": {
        "Diluted EPS": -0.17,
        "Total Revenue": 21,
        "Gross Profit": 21,
        "Operating Income": -19,
        "EBIT": -20,
        "Net Income": -17
    },
    "2018-03-31": {
        "Diluted EPS": -0.23,
        "Total Revenue": 13,
        "Gross Profit": 13,
        "Operating Income": -21,
        "EBIT": -21,
        "Net Income": -20
    },
    "2017-12-31": {
        "Diluted EPS": -0.15,
        "Total Revenue": 13,
        "Gross Profit": 13,
        "Operating Income": -14,
        "EBIT": -14,
        "Net Income": -13
    },
    "2017-09-30": {
        "Diluted EPS": -0.15,
        "Total Revenue": 12,
        "Gross Profit": 12,
        "Operating Income": -13,
        "EBIT": -13,
        "Net Income": -12
    },
    "2017-06-30": {
        "Diluted EPS": -0.17,
        "Total Revenue": 8,
        "Gross Profit": 8,
        "Operating Income": -13,
        "EBIT": -12,
        "Net Income": -12
    },
    "2017-03-31": {
        "Diluted EPS": -0.23,
        "Total Revenue": 3,
        "Gross Profit": 3,
        "Operating Income": -17,
        "EBIT": -16,
        "Net Income": -17
    },
    "2016-12-31": {
        "Diluted EPS": -0.14,
        "Total Revenue": 9,
        "Gross Profit": 9,
        "Operating Income": -10,
        "EBIT": -10,
        "Net Income": -10
    },
    "2016-09-30": {
        "Diluted EPS": -0.27,
        "Total Revenue": 3,
        "Gross Profit": 3,
        "Operating Income": -19,
        "EBIT": -19,
        "Net Income": -19
    },
    "2016-06-30": {
        "Diluted EPS": -0.38,
        "Total Revenue": 4,
        "Gross Profit": 4,
        "Operating Income": -27,
        "EBIT": -27,
        "Net Income": -27
    },
    "2016-03-31": {
        "Diluted EPS": -0.23,
        "Total Revenue": 4,
        "Gross Profit": 4,
        "Operating Income": -17,
        "EBIT": -16,
        "Net Income": -16
    },
    "2015-12-31": {
        "Diluted EPS": -0.2,
        "Total Revenue": 9,
        "Gross Profit": 9,
        "Operating Income": -16,
        "EBIT": -15,
        "Net Income": -14
    },
    "2015-09-30": {
        "Diluted EPS": -0.13,
        "Total Revenue": 9,
        "Gross Profit": 9,
        "Operating Income": -13,
        "EBIT": -12,
        "Net Income": -9
    },
    "2015-06-30": {
        "Diluted EPS": -0.17,
        "Total Revenue": 8,
        "Gross Profit": 8,
        "Operating Income": -12,
        "EBIT": -12,
        "Net Income": -12
    },
    "2015-03-31": {
        "Diluted EPS": -0.08,
        "Total Revenue": 13,
        "Gross Profit": 13,
        "Operating Income": -6,
        "EBIT": -6,
        "Net Income": -5
    },
    "2014-12-31": {
        "Diluted EPS": -0.06,
        "Total Revenue": 15,
        "Gross Profit": 15,
        "Operating Income": -4,
        "EBIT": -4,
        "Net Income": -4
    },
    "2014-09-30": {
        "Diluted EPS": -0.11,
        "Total Revenue": 12,
        "Gross Profit": 12,
        "Operating Income": -8,
        "EBIT": -7,
        "Net Income": -8
    },
    "2014-06-30": {
        "Diluted EPS": -0.1,
        "Total Revenue": 10,
        "Gross Profit": 10,
        "Operating Income": -7,
        "EBIT": -7,
        "Net Income": -7
    },
    "2014-03-31": {
        "Diluted EPS": -0.12,
        "Total Revenue": 8,
        "Gross Profit": 8,
        "Operating Income": -8,
        "EBIT": -7,
        "Net Income": -8
    },
    "2013-12-31": {
        "Diluted EPS": -0.14,
        "Total Revenue": 7,
        "Gross Profit": 7,
        "Operating Income": -8,
        "EBIT": -8,
        "Net Income": -8
    },
    "2013-09-30": {
        "Diluted EPS": -0.11,
        "Total Revenue": 6,
        "Gross Profit": 6,
        "Operating Income": -6,
        "EBIT": -6,
        "Net Income": -6
    },
    "2013-06-30": {
        "Diluted EPS": -0.1,
        "Total Revenue": 7,
        "Gross Profit": 7,
        "Operating Income": -5,
        "EBIT": -5,
        "Net Income": -5
    },
    "2013-03-31": {
        "Diluted EPS": -0.13,
        "Total Revenue": 5,
        "Gross Profit": 5,
        "Operating Income": -7,
        "EBIT": -7,
        "Net Income": -7
    },
    "2012-12-31": {
        "Diluted EPS": -0.06,
        "Total Revenue": 9,
        "Gross Profit": 9,
        "Operating Income": -3,
        "EBIT": -3,
        "Net Income": -3
    },
    "2012-09-30": {
        "Diluted EPS": -0.11,
        "Total Revenue": 5,
        "Gross Profit": 5,
        "Operating Income": -6,
        "EBIT": -5,
        "Net Income": -6
    },
    "2012-06-30": {
        "Diluted EPS": -0.11,
        "Total Revenue": 5,
        "Gross Profit": 5,
        "Operating Income": -6,
        "EBIT": -5,
        "Net Income": -6
    },
    "2012-03-31": {
        "Diluted EPS": -0.14,
        "Total Revenue": 3,
        "Gross Profit": 3,
        "Operating Income": -7,
        "EBIT": -7,
        "Net Income": -7
    },
    "2011-12-31": {
        "Diluted EPS": -0.12,
        "Total Revenue": 5,
        "Gross Profit": 5,
        "Operating Income": -6,
        "EBIT": -6,
        "Net Income": -6
    },
    "2011-09-30": {
        "Diluted EPS": -0.18,
        "Total Revenue": 2,
        "Gross Profit": 2,
        "Operating Income": -10,
        "EBIT": -9,
        "Net Income": -10
    },
    "2011-06-30": {
        "Diluted EPS": -0.2,
        "Total Revenue": 2,
        "Gross Profit": 2,
        "Operating Income": -10,
        "EBIT": -10,
        "Net Income": -10
    },
    "2011-03-31": {
        "Diluted EPS": -0.21,
        "Total Revenue": 2,
        "Gross Profit": 2,
        "Operating Income": -10,
        "EBIT": -9,
        "Net Income": -10
    },
    "2010-12-31": {
        "Diluted EPS": -0.18,
        "Total Revenue": 5,
        "Gross Profit": 5,
        "Operating Income": -8,
        "EBIT": -8,
        "Net Income": -8
    },
    "2010-09-30": {
        "Diluted EPS": -0.19,
        "Total Revenue": 3,
        "Gross Profit": 3,
        "Operating Income": -9,
        "EBIT": -8,
        "Net Income": -9
    },
    "2010-06-30": {
        "Diluted EPS": -0.09,
        "Total Revenue": 7,
        "Gross Profit": 7,
        "Operating Income": -4,
        "EBIT": -3,
        "Net Income": -4
    },
    "2010-03-31": {
        "Diluted EPS": -0.09,
        "Total Revenue": 7,
        "Gross Profit": 7,
        "Operating Income": -4,
        "EBIT": -3,
        "Net Income": -4
    },
    "2009-12-31": {
        "Diluted EPS": -0.04,
        "Total Revenue": 10,
        "Gross Profit": 10,
        "Operating Income": -2,
        "EBIT": -2,
        "Net Income": -2
    },
    "2009-09-30": {
        "Diluted EPS": -0.12,
        "Total Revenue": 4,
        "Gross Profit": 4,
        "Operating Income": -5,
        "EBIT": -5,
        "Net Income": -5
    },
    "2009-06-30": {
        "Diluted EPS": -0.11,
        "Total Revenue": 5,
        "Gross Profit": 5,
        "Operating Income": -5,
        "EBIT": -5,
        "Net Income": -5
    },
    "2009-03-31": {
        "Diluted EPS": -0.17,
        "Total Revenue": 3,
        "Gross Profit": 3,
        "Operating Income": -7,
        "EBIT": -7,
        "Net Income": -7
    },
    "2023-06-30": {
        "Tax Effect Of Unusual Items": NaN,
        "Tax Rate For Calcs": NaN,
        "Normalized EBITDA": NaN,
        "Total Unusual Items": NaN,
        "Total Unusual Items Excluding Goodwill": NaN,
        "Net Income From Continuing Operation Net Minority Interest": NaN,
        "Reconciled Depreciation": NaN,
        "EBITDA": NaN,
        "EBIT": NaN,
        "Net Interest Income": NaN,
        "Interest Income": NaN,
        "Normalized Income": NaN,
        "Net Income From Continuing And Discontinued Operation": NaN,
        "Total Expenses": NaN,
        "Total Operating Income As Reported": NaN,
        "Diluted Average Shares": 174325000.0,
        "Basic Average Shares": 174325000.0,
        "Diluted EPS": -0.66,
        "Basic EPS": -0.66,
        "Diluted NI Availto Com Stockholders": NaN,
        "Net Income Common Stockholders": NaN,
        "Otherunder Preferred Stock Dividend": NaN,
        "Net Income": NaN,
        "Net Income Including Noncontrolling Interests": NaN,
        "Net Income Continuous Operations": NaN,
        "Tax Provision": NaN,
        "Pretax Income": NaN,
        "Other Income Expense": -51347000.0,
        "Special Income Charges": NaN,
        "Impairment Of Capital Assets": NaN,
        "Net Non Operating Interest Income Expense": NaN,
        "Total Other Finance Cost": -2802000.0,
        "Interest Income Non Operating": NaN,
        "Operating Income": NaN,
        "Operating Expense": NaN,
        "Research And Development": NaN,
        "Selling General And Administration": NaN,
        "General And Administrative Expense": NaN,
        "Other Gand A": NaN,
        "Total Revenue": NaN,
        "Operating Revenue": NaN
    },
    "2023-09-30": {
        "Tax Effect Of Unusual Items": -9407790.0,
        "Tax Rate For Calcs": 0.21,
        "Normalized EBITDA": -9390000.0,
        "Total Unusual Items": -44799000.0,
        "Total Unusual Items Excluding Goodwill": -44799000.0,
        "Net Income From Continuing Operation Net Minority Interest": -104163000.0,
        "Reconciled Depreciation": 7420000.0,
        "EBITDA": -54189000.0,
        "EBIT": -61609000.0,
        "Net Interest Income": 3515000.0,
        "Interest Income": 3515000.0,
        "Normalized Income": -68771790.0,
        "Net Income From Continuing And Discontinued Operation": -104163000.0,
        "Total Expenses": 71007000.0,
        "Total Operating Income As Reported": -106408000.0,
        "Diluted Average Shares": 177171000.0,
        "Basic Average Shares": 177171000.0,
        "Diluted EPS": -0.59,
        "Basic EPS": -0.59,
        "Diluted NI Availto Com Stockholders": -104163000.0,
        "Net Income Common Stockholders": -104163000.0,
        "Otherunder Preferred Stock Dividend": 0.0,
        "Net Income": -104163000.0,
        "Net Income Including Noncontrolling Interests": -104163000.0,
        "Net Income Continuous Operations": -104163000.0,
        "Tax Provision": 1270000.0,
        "Pretax Income": -102893000.0,
        "Other Income Expense": -44799000.0,
        "Special Income Charges": -44799000.0,
        "Impairment Of Capital Assets": 44799000.0,
        "Net Non Operating Interest Income Expense": 3515000.0,
        "Total Other Finance Cost": NaN,
        "Interest Income Non Operating": 3515000.0,
        "Operating Income": -61609000.0,
        "Operating Expense": 71007000.0,
        "Research And Development": 57089000.0,
        "Selling General And Administration": 13918000.0,
        "General And Administrative Expense": 13918000.0,
        "Other Gand A": 13918000.0,
        "Total Revenue": 9398000.0,
        "Operating Revenue": 9398000.0
    },
    "2023-12-31": {
        "Tax Effect Of Unusual Items": -1329.304737,
        "Tax Rate For Calcs": 0.004491,
        "Normalized EBITDA": -58458000.0,
        "Total Unusual Items": -296000.0,
        "Total Unusual Items Excluding Goodwill": -296000.0,
        "Net Income From Continuing Operation Net Minority Interest": -60295000.0,
        "Reconciled Depreciation": 3009000.0,
        "EBITDA": -58754000.0,
        "EBIT": -61763000.0,
        "Net Interest Income": 1492000.0,
        "Interest Income": 1492000.0,
        "Normalized Income": -60000329.304737,
        "Net Income From Continuing And Discontinued Operation": -60295000.0,
        "Total Expenses": 63805000.0,
        "Total Operating Income As Reported": -62059000.0,
        "Diluted Average Shares": NaN,
        "Basic Average Shares": NaN,
        "Diluted EPS": NaN,
        "Basic EPS": NaN,
        "Diluted NI Availto Com Stockholders": -60295000.0,
        "Net Income Common Stockholders": -60295000.0,
        "Otherunder Preferred Stock Dividend": NaN,
        "Net Income": -60295000.0,
        "Net Income Including Noncontrolling Interests": -60295000.0,
        "Net Income Continuous Operations": -60295000.0,
        "Tax Provision": -272000.0,
        "Pretax Income": -60567000.0,
        "Other Income Expense": -296000.0,
        "Special Income Charges": -296000.0,
        "Impairment Of Capital Assets": 296000.0,
        "Net Non Operating Interest Income Expense": 1492000.0,
        "Total Other Finance Cost": NaN,
        "Interest Income Non Operating": 1492000.0,
        "Operating Income": -61763000.0,
        "Operating Expense": 63805000.0,
        "Research And Development": 50706000.0,
        "Selling General And Administration": 13099000.0,
        "General And Administrative Expense": 13099000.0,
        "Other Gand A": 13099000.0,
        "Total Revenue": 2042000.0,
        "Operating Revenue": 2042000.0
    },
    "2024-03-31": {
        "Tax Effect Of Unusual Items": -913290.0,
        "Tax Rate For Calcs": 0.21,
        "Normalized EBITDA": -40302000.0,
        "Total Unusual Items": -4349000.0,
        "Total Unusual Items Excluding Goodwill": -4349000.0,
        "Net Income From Continuing Operation Net Minority Interest": -49089000.0,
        "Reconciled Depreciation": 2526000.0,
        "EBITDA": -44651000.0,
        "EBIT": -47177000.0,
        "Net Interest Income": 2535000.0,
        "Interest Income": NaN,
        "Normalized Income": -45653290.0,
        "Net Income From Continuing And Discontinued Operation": -49089000.0,
        "Total Expenses": 47658000.0,
        "Total Operating Income As Reported": -51526000.0,
        "Diluted Average Shares": 180342000.0,
        "Basic Average Shares": 180342000.0,
        "Diluted EPS": -0.27,
        "Basic EPS": -0.27,
        "Diluted NI Availto Com Stockholders": -49089000.0,
        "Net Income Common Stockholders": -49089000.0,
        "Otherunder Preferred Stock Dividend": NaN,
        "Net Income": -49089000.0,
        "Net Income Including Noncontrolling Interests": -49089000.0,
        "Net Income Continuous Operations": -49089000.0,
        "Tax Provision": 98000.0,
        "Pretax Income": -48991000.0,
        "Other Income Expense": -4349000.0,
        "Special Income Charges": -4349000.0,
        "Impairment Of Capital Assets": 4349000.0,
        "Net Non Operating Interest Income Expense": 2535000.0,
        "Total Other Finance Cost": -2535000.0,
        "Interest Income Non Operating": NaN,
        "Operating Income": -47177000.0,
        "Operating Expense": 47658000.0,
        "Research And Development": 35891000.0,
        "Selling General And Administration": 11767000.0,
        "General And Administrative Expense": 11767000.0,
        "Other Gand A": 11767000.0,
        "Total Revenue": 481000.0,
        "Operating Revenue": 481000.0
    },
    "2024-06-30": {
        "Tax Effect Of Unusual Items": -246120.0,
        "Tax Rate For Calcs": 0.21,
        "Normalized EBITDA": -32167000.0,
        "Total Unusual Items": -1172000.0,
        "Total Unusual Items Excluding Goodwill": -1172000.0,
        "Net Income From Continuing Operation Net Minority Interest": -36128000.0,
        "Reconciled Depreciation": 2573000.0,
        "EBITDA": -33339000.0,
        "EBIT": -35912000.0,
        "Net Interest Income": 1030000.0,
        "Interest Income": NaN,
        "Normalized Income": -35202120.0,
        "Net Income From Continuing And Discontinued Operation": -36128000.0,
        "Total Expenses": 36268000.0,
        "Total Operating Income As Reported": -37084000.0,
        "Diluted Average Shares": 203946000.0,
        "Basic Average Shares": 203946000.0,
        "Diluted EPS": -0.18,
        "Basic EPS": -0.18,
        "Diluted NI Availto Com Stockholders": -36128000.0,
        "Net Income Common Stockholders": -36128000.0,
        "Otherunder Preferred Stock Dividend": NaN,
        "Net Income": -36128000.0,
        "Net Income Including Noncontrolling Interests": -36128000.0,
        "Net Income Continuous Operations": -36128000.0,
        "Tax Provision": 74000.0,
        "Pretax Income": -36054000.0,
        "Other Income Expense": -1172000.0,
        "Special Income Charges": -1172000.0,
        "Impairment Of Capital Assets": 1172000.0,
        "Net Non Operating Interest Income Expense": 1030000.0,
        "Total Other Finance Cost": -1030000.0,
        "Interest Income Non Operating": NaN,
        "Operating Income": -35912000.0,
        "Operating Expense": 36268000.0,
        "Research And Development": 24223000.0,
        "Selling General And Administration": 12045000.0,
        "General And Administrative Expense": 12045000.0,
        "Other Gand A": 12045000.0,
        "Total Revenue": 356000.0,
        "Operating Revenue": 356000.0
    },
    "2024-09-30": {
        "Tax Effect Of Unusual Items": 0.0,
        "Tax Rate For Calcs": 0.008178,
        "Normalized EBITDA": 12758000.0,
        "Total Unusual Items": 0.0,
        "Total Unusual Items Excluding Goodwill": 0.0,
        "Net Income From Continuing Operation Net Minority Interest": 10672000.0,
        "Reconciled Depreciation": 2127000.0,
        "EBITDA": 12758000.0,
        "EBIT": 10631000.0,
        "Net Interest Income": 129000.0,
        "Interest Income": 129000.0,
        "Normalized Income": 10672000.0,
        "Net Income From Continuing And Discontinued Operation": 10672000.0,
        "Total Expenses": 38781000.0,
        "Total Operating Income As Reported": 10631000.0,
        "Diluted Average Shares": 214325000.0,
        "Basic Average Shares": 208345000.0,
        "Diluted EPS": 0.04,
        "Basic EPS": 0.05,
        "Diluted NI Availto Com Stockholders": 9385000.0,
        "Net Income Common Stockholders": 9385000.0,
        "Otherunder Preferred Stock Dividend": 1287000.0,
        "Net Income": 10672000.0,
        "Net Income Including Noncontrolling Interests": 10672000.0,
        "Net Income Continuous Operations": 10672000.0,
        "Tax Provision": 88000.0,
        "Pretax Income": 10760000.0,
        "Other Income Expense": NaN,
        "Special Income Charges": 0.0,
        "Impairment Of Capital Assets": 0.0,
        "Net Non Operating Interest Income Expense": 129000.0,
        "Total Other Finance Cost": NaN,
        "Interest Income Non Operating": 129000.0,
        "Operating Income": 10631000.0,
        "Operating Expense": 38781000.0,
        "Research And Development": 27732000.0,
        "Selling General And Administration": 11049000.0,
        "General And Administrative Expense": 11049000.0,
        "Other Gand A": 11049000.0,
        "Total Revenue": 49412000.0,
        "Operating Revenue": 49412000.0
    }
}