{
    "2023-03-31": {
        "Tax Effect Of Unusual Items": NaN,
        "Tax Rate For Calcs": NaN,
        "Normalized EBITDA": NaN,
        "Total Unusual Items": NaN,
        "Total Unusual Items Excluding Goodwill": NaN,
        "Net Income From Continuing Operation Net Minority Interest": NaN,
        "Reconciled Depreciation": NaN,
        "Reconciled Cost Of Revenue": NaN,
        "EBITDA": NaN,
        "EBIT": NaN,
        "Net Interest Income": NaN,
        "Interest Expense": NaN,
        "Normalized Income": NaN,
        "Net Income From Continuing And Discontinued Operation": NaN,
        "Total Expenses": NaN,
        "Rent Expense Supplemental": NaN,
        "Total Operating Income As Reported": NaN,
        "Diluted Average Shares": NaN,
        "Basic Average Shares": NaN,
        "Diluted EPS": NaN,
        "Basic EPS": NaN,
        "Diluted NI Availto Com Stockholders": NaN,
        "Net Income Common Stockholders": NaN,
        "Net Income": NaN,
        "Minority Interests": NaN,
        "Net Income Including Noncontrolling Interests": NaN,
        "Net Income Continuous Operations": NaN,
        "Tax Provision": NaN,
        "Pretax Income": NaN,
        "Other Income Expense": NaN,
        "Other Non Operating Income Expenses": -300000.0,
        "Special Income Charges": NaN,
        "Gain On Sale Of Business": NaN,
        "Other Special Charges": NaN,
        "Restructuring And Mergern Acquisition": NaN,
        "Earnings From Equity Interest": NaN,
        "Net Non Operating Interest Income Expense": NaN,
        "Interest Expense Non Operating": NaN,
        "Operating Income": NaN,
        "Operating Expense": NaN,
        "Other Operating Expenses": NaN,
        "Depreciation Amortization Depletion Income Statement": NaN,
        "Depreciation And Amortization In Income Statement": NaN,
        "Selling General And Administration": NaN,
        "General And Administrative Expense": NaN,
        "Other Gand A": NaN,
        "Gross Profit": NaN,
        "Cost Of Revenue": NaN,
        "Total Revenue": NaN,
        "Operating Revenue": NaN
    },
    "2022-12-31": {
        "Tax Effect Of Unusual Items": NaN,
        "Tax Rate For Calcs": NaN,
        "Normalized EBITDA": NaN,
        "Total Unusual Items": NaN,
        "Total Unusual Items Excluding Goodwill": NaN,
        "Net Income From Continuing Operation Net Minority Interest": NaN,
        "Reconciled Depreciation": NaN,
        "Reconciled Cost Of Revenue": NaN,
        "EBITDA": NaN,
        "EBIT": NaN,
        "Net Interest Income": NaN,
        "Interest Expense": NaN,
        "Normalized Income": NaN,
        "Net Income From Continuing And Discontinued Operation": NaN,
        "Total Expenses": NaN,
        "Rent Expense Supplemental": NaN,
        "Total Operating Income As Reported": NaN,
        "Diluted Average Shares": NaN,
        "Basic Average Shares": NaN,
        "Diluted EPS": NaN,
        "Basic EPS": NaN,
        "Diluted NI Availto Com Stockholders": NaN,
        "Net Income Common Stockholders": NaN,
        "Otherunder Preferred Stock Dividend": 0.0,
        "Net Income": NaN,
        "Minority Interests": NaN,
        "Net Income Including Noncontrolling Interests": NaN,
        "Net Income Continuous Operations": NaN,
        "Tax Provision": NaN,
        "Pretax Income": NaN,
        "Other Income Expense": NaN,
        "Other Non Operating Income Expenses": 9200000.0,
        "Special Income Charges": NaN,
        "Gain On Sale Of Ppe": -7900000.0,
        "Gain On Sale Of Business": NaN,
        "Other Special Charges": NaN,
        "Restructuring And Mergern Acquisition": NaN,
        "Earnings From Equity Interest": NaN,
        "Net Non Operating Interest Income Expense": NaN,
        "Interest Expense Non Operating": NaN,
        "Operating Income": NaN,
        "Operating Expense": NaN,
        "Other Operating Expenses": NaN,
        "Depreciation Amortization Depletion Income Statement": NaN,
        "Depreciation And Amortization In Income Statement": NaN,
        "Selling General And Administration": NaN,
        "General And Administrative Expense": NaN,
        "Other Gand A": NaN,
        "Gross Profit": NaN,
        "Cost Of Revenue": NaN,
        "Total Revenue": NaN,
        "Operating Revenue": NaN
    },
    "2022-09-30": {
        "Tax Effect Of Unusual Items": NaN,
        "Tax Rate For Calcs": NaN,
        "Normalized EBITDA": NaN,
        "Total Unusual Items": NaN,
        "Total Unusual Items Excluding Goodwill": NaN,
        "Net Income From Continuing Operation Net Minority Interest": NaN,
        "Reconciled Depreciation": NaN,
        "Reconciled Cost Of Revenue": NaN,
        "EBITDA": NaN,
        "EBIT": NaN,
        "Net Interest Income": NaN,
        "Interest Expense": NaN,
        "Normalized Income": NaN,
        "Net Income From Continuing And Discontinued Operation": NaN,
        "Total Expenses": NaN,
        "Rent Expense Supplemental": NaN,
        "Total Operating Income As Reported": NaN,
        "Diluted Average Shares": NaN,
        "Basic Average Shares": NaN,
        "Diluted EPS": NaN,
        "Basic EPS": NaN,
        "Diluted NI Availto Com Stockholders": NaN,
        "Net Income Common Stockholders": NaN,
        "Otherunder Preferred Stock Dividend": 0.0,
        "Net Income": NaN,
        "Minority Interests": NaN,
        "Net Income Including Noncontrolling Interests": NaN,
        "Net Income Continuous Operations": NaN,
        "Tax Provision": NaN,
        "Pretax Income": NaN,
        "Other Income Expense": NaN,
        "Other Non Operating Income Expenses": 2400000.0,
        "Special Income Charges": NaN,
        "Gain On Sale Of Ppe": -2200000.0,
        "Gain On Sale Of Business": NaN,
        "Other Special Charges": NaN,
        "Restructuring And Mergern Acquisition": NaN,
        "Earnings From Equity Interest": NaN,
        "Net Non Operating Interest Income Expense": NaN,
        "Interest Expense Non Operating": NaN,
        "Operating Income": NaN,
        "Operating Expense": NaN,
        "Other Operating Expenses": NaN,
        "Depreciation Amortization Depletion Income Statement": NaN,
        "Depreciation And Amortization In Income Statement": NaN,
        "Selling General And Administration": NaN,
        "General And Administrative Expense": NaN,
        "Other Gand A": NaN,
        "Gross Profit": NaN,
        "Cost Of Revenue": NaN,
        "Total Revenue": NaN,
        "Operating Revenue": NaN
    },
    "2022-06-30": {
        "Tax Effect Of Unusual Items": -2036700.0,
        "Tax Rate For Calcs": 0.219,
        "Normalized EBITDA": 113800000.0,
        "Total Unusual Items": -9300000.0,
        "Total Unusual Items Excluding Goodwill": -9300000.0,
        "Net Income From Continuing Operation Net Minority Interest": -18400000.0,
        "Reconciled Depreciation": 28000000.0,
        "Reconciled Cost Of Revenue": 480800000.0,
        "EBITDA": 104500000.0,
        "EBIT": 76500000.0,
        "Net Interest Income": -56900000.0,
        "Interest Expense": 56900000.0,
        "Normalized Income": -11136700.0,
        "Net Income From Continuing And Discontinued Operation": -18400000.0,
        "Total Expenses": 532200000.0,
        "Rent Expense Supplemental": 20200000.0,
        "Total Operating Income As Reported": 76500000.0,
        "Diluted Average Shares": 88900000.0,
        "Basic Average Shares": 88900000.0,
        "Diluted EPS": -0.21,
        "Basic EPS": -0.21,
        "Diluted NI Availto Com Stockholders": -18400000.0,
        "Net Income Common Stockholders": -18400000.0,
        "Otherunder Preferred Stock Dividend": 0.0,
        "Net Income": -18400000.0,
        "Minority Interests": -33700000.0,
        "Net Income Including Noncontrolling Interests": 15300000.0,
        "Net Income Continuous Operations": 15300000.0,
        "Tax Provision": 4300000.0,
        "Pretax Income": 19600000.0,
        "Other Income Expense": -6700000.0,
        "Other Non Operating Income Expenses": NaN,
        "Special Income Charges": -9300000.0,
        "Gain On Sale Of Ppe": -1100000.0,
        "Gain On Sale Of Business": NaN,
        "Other Special Charges": NaN,
        "Restructuring And Mergern Acquisition": 8200000.0,
        "Earnings From Equity Interest": 2600000.0,
        "Net Non Operating Interest Income Expense": -56900000.0,
        "Interest Expense Non Operating": 56900000.0,
        "Operating Income": 83200000.0,
        "Operating Expense": 51400000.0,
        "Other Operating Expenses": -2700000.0,
        "Depreciation Amortization Depletion Income Statement": 28000000.0,
        "Depreciation And Amortization In Income Statement": 28000000.0,
        "Selling General And Administration": 26100000.0,
        "General And Administrative Expense": 26100000.0,
        "Other Gand A": 26100000.0,
        "Gross Profit": 134600000.0,
        "Cost Of Revenue": 480800000.0,
        "Total Revenue": 615400000.0,
        "Operating Revenue": 615400000.0
    },
    "2023-06-30": {
        "Tax Effect Of Unusual Items": NaN,
        "Tax Rate For Calcs": NaN,
        "Normalized EBITDA": NaN,
        "Total Unusual Items": NaN,
        "Total Unusual Items Excluding Goodwill": NaN,
        "Net Income From Continuing Operation Net Minority Interest": NaN,
        "Reconciled Depreciation": NaN,
        "Reconciled Cost Of Revenue": NaN,
        "EBITDA": NaN,
        "EBIT": NaN,
        "Net Interest Income": NaN,
        "Interest Expense": NaN,
        "Normalized Income": NaN,
        "Net Income From Continuing And Discontinued Operation": NaN,
        "Total Expenses": NaN,
        "Rent Expense Supplemental": NaN,
        "Total Operating Income As Reported": NaN,
        "Diluted Average Shares": NaN,
        "Basic Average Shares": NaN,
        "Diluted EPS": NaN,
        "Basic EPS": NaN,
        "Diluted NI Availto Com Stockholders": NaN,
        "Net Income Common Stockholders": NaN,
        "Net Income": NaN,
        "Minority Interests": NaN,
        "Net Income Including Noncontrolling Interests": NaN,
        "Net Income Continuous Operations": NaN,
        "Tax Provision": NaN,
        "Pretax Income": NaN,
        "Other Income Expense": NaN,
        "Other Non Operating Income Expenses": 1200000.0,
        "Special Income Charges": NaN,
        "Gain On Sale Of Business": NaN,
        "Other Special Charges": NaN,
        "Restructuring And Mergern Acquisition": NaN,
        "Earnings From Equity Interest": NaN,
        "Net Non Operating Interest Income Expense": NaN,
        "Interest Expense Non Operating": NaN,
        "Operating Income": NaN,
        "Operating Expense": NaN,
        "Other Operating Expenses": -1200000.0,
        "Depreciation Amortization Depletion Income Statement": NaN,
        "Depreciation And Amortization In Income Statement": NaN,
        "Selling General And Administration": NaN,
        "General And Administrative Expense": NaN,
        "Other Gand A": NaN,
        "Gross Profit": NaN,
        "Cost Of Revenue": NaN,
        "Total Revenue": NaN,
        "Operating Revenue": NaN
    },
    "2022-03-31": {
        "Diluted EPS": 0.14,
        "Total Revenue": 596,
        "Gross Profit": 125,
        "Operating Income": 100,
        "EBIT": 131,
        "Net Income": 12
    },
    "2021-12-31": {
        "Diluted EPS": 0.12,
        "Total Revenue": 610,
        "Gross Profit": 147,
        "Operating Income": 115,
        "EBIT": 140,
        "Net Income": 0
    },
    "2021-09-30": {
        "Diluted EPS": -0.28,
        "Total Revenue": 559,
        "Gross Profit": 123,
        "Operating Income": 64,
        "EBIT": 92,
        "Net Income": -23
    },
    "2021-06-30": {
        "Diluted EPS": -0.39,
        "Total Revenue": 543,
        "Gross Profit": 118,
        "Operating Income": 60,
        "EBIT": 88,
        "Net Income": -27
    },
    "2021-03-31": {
        "Diluted EPS": -0.57,
        "Total Revenue": 512,
        "Gross Profit": 104,
        "Operating Income": 64,
        "EBIT": 93,
        "Net Income": -31
    },
    "2020-12-31": {
        "Diluted EPS": -0.11,
        "Total Revenue": 548,
        "Gross Profit": 135,
        "Operating Income": 96,
        "EBIT": 125,
        "Net Income": -5
    },
    "2020-09-30": {
        "Diluted EPS": -1.46,
        "Total Revenue": 496,
        "Gross Profit": 114,
        "Operating Income": 19,
        "EBIT": 46,
        "Net Income": -72
    },
    "2020-06-30": {
        "Diluted EPS": -0.86,
        "Total Revenue": 375,
        "Gross Profit": 55,
        "Operating Income": 45,
        "EBIT": 71,
        "Net Income": -42
    },
    "2020-03-31": {
        "Diluted EPS": -0.76,
        "Total Revenue": 441,
        "Gross Profit": 75,
        "Operating Income": 24,
        "EBIT": 47,
        "Net Income": -37
    },
    "2019-12-31": {
        "Diluted EPS": -0.59,
        "Total Revenue": 517,
        "Gross Profit": 129,
        "Operating Income": 72,
        "EBIT": 96,
        "Net Income": -29
    },
    "2019-09-30": {
        "Diluted EPS": -0.51,
        "Total Revenue": 452,
        "Gross Profit": 99,
        "Operating Income": 59,
        "EBIT": 80,
        "Net Income": -25
    },
    "2019-06-30": {
        "Diluted EPS": -0.59,
        "Total Revenue": 445,
        "Gross Profit": 105,
        "Operating Income": 56,
        "EBIT": 77,
        "Net Income": -29
    },
    "2019-03-31": {
        "Diluted EPS": -0.6,
        "Total Revenue": 417,
        "Gross Profit": 91,
        "Operating Income": 50,
        "EBIT": 70,
        "Net Income": -29
    },
    "2018-12-31": {
        "Diluted EPS": -3.25,
        "Total Revenue": 491,
        "Gross Profit": 132,
        "Operating Income": -52,
        "EBIT": -31,
        "Net Income": -156
    },
    "2018-09-30": {
        "Diluted EPS": -0.61,
        "Total Revenue": 432,
        "Gross Profit": 98,
        "Operating Income": 45,
        "EBIT": 64,
        "Net Income": -29
    },
    "2018-06-30": {
        "Diluted EPS": -0.57,
        "Total Revenue": 437,
        "Gross Profit": 97,
        "Operating Income": 44,
        "EBIT": 63,
        "Net Income": -27
    },
    "2018-03-31": {
        "Diluted EPS": -0.53,
        "Total Revenue": 411,
        "Gross Profit": 84,
        "Operating Income": 41,
        "EBIT": 59,
        "Net Income": -25
    },
    "2017-12-31": {
        "Diluted EPS": -0.83,
        "Total Revenue": 460,
        "Gross Profit": 122,
        "Operating Income": 80,
        "EBIT": 101,
        "Net Income": -40
    },
    "2017-09-30": {
        "Diluted EPS": -0.66,
        "Total Revenue": 306,
        "Gross Profit": 60,
        "Operating Income": -2,
        "EBIT": 11,
        "Net Income": -32
    },
    "2017-06-30": {
        "Diluted EPS": -0.09,
        "Total Revenue": 288,
        "Gross Profit": 72,
        "Operating Income": 38,
        "EBIT": 48,
        "Net Income": -4
    },
    "2017-03-31": {
        "Diluted EPS": -0.06,
        "Total Revenue": 286,
        "Gross Profit": 74,
        "Operating Income": 42,
        "EBIT": 56,
        "Net Income": -3
    },
    "2016-12-31": {
        "Diluted EPS": 0.36,
        "Total Revenue": 306,
        "Gross Profit": 92,
        "Operating Income": 68,
        "EBIT": 76,
        "Net Income": 17
    },
    "2016-09-30": {
        "Diluted EPS": -0.05,
        "Total Revenue": 283,
        "Gross Profit": 81,
        "Operating Income": 43,
        "EBIT": 56,
        "Net Income": -2
    },
    "2016-06-30": {
        "Diluted EPS": 0.04,
        "Total Revenue": 290,
        "Gross Profit": 81,
        "Operating Income": 51,
        "EBIT": 64,
        "Net Income": 2
    },
    "2016-03-31": {
        "Diluted EPS": -0.15,
        "Total Revenue": 267,
        "Gross Profit": 70,
        "Operating Income": 34,
        "EBIT": 46,
        "Net Income": -7
    },
    "2015-12-31": {
        "Diluted EPS": 0.52,
        "Total Revenue": 263,
        "Gross Profit": 80,
        "Operating Income": 21,
        "EBIT": 32,
        "Net Income": 17
    },
    "2015-09-30": {
        "Diluted EPS": -0.1,
        "Total Revenue": 240,
        "Gross Profit": 71,
        "Operating Income": 44,
        "EBIT": 56,
        "Net Income": -3
    },
    "2015-06-30": {
        "Diluted EPS": -0.17,
        "Total Revenue": 233,
        "Gross Profit": 71,
        "Operating Income": 41,
        "EBIT": 52,
        "Net Income": -5
    },
    "2015-03-31": {
        "Diluted EPS": -0.21,
        "Total Revenue": 224,
        "Gross Profit": 68,
        "Operating Income": 38,
        "EBIT": 49,
        "Net Income": -7
    },
    "2014-12-31": {
        "Diluted EPS": 0.0,
        "Total Revenue": NaN,
        "Gross Profit": NaN,
        "Operating Income": NaN,
        "EBIT": NaN,
        "Net Income": NaN
    },
    "2014-09-30": {
        "Diluted EPS": -0.22,
        "Total Revenue": 76,
        "Gross Profit": 31,
        "Operating Income": 20,
        "EBIT": 20,
        "Net Income": -7
    },
    "2013-12-31": {
        "Diluted EPS": 0.0,
        "Total Revenue": NaN,
        "Gross Profit": NaN,
        "Operating Income": NaN,
        "EBIT": NaN,
        "Net Income": NaN
    },
    "2012-12-31": {
        "Diluted EPS": 0.0,
        "Total Revenue": NaN,
        "Gross Profit": NaN,
        "Operating Income": NaN,
        "EBIT": NaN,
        "Net Income": NaN
    },
    "2023-09-30": {
        "Tax Effect Of Unusual Items": -2109000.0,
        "Tax Rate For Calcs": 0.095,
        "Normalized EBITDA": 133700000.0,
        "Total Unusual Items": -22200000.0,
        "Total Unusual Items Excluding Goodwill": -22200000.0,
        "Net Income From Continuing Operation Net Minority Interest": -4900000.0,
        "Reconciled Depreciation": 28900000.0,
        "Reconciled Cost Of Revenue": 508300000.0,
        "EBITDA": 111500000.0,
        "EBIT": 82600000.0,
        "Net Interest Income": -49800000.0,
        "Interest Expense": 49800000.0,
        "Normalized Income": 15191000.0,
        "Net Income From Continuing And Discontinued Operation": -4900000.0,
        "Total Expenses": 572800000.0,
        "Rent Expense Supplemental": 21100000.0,
        "Total Operating Income As Reported": 82600000.0,
        "Diluted Average Shares": 125747000.0,
        "Basic Average Shares": 125747000.0,
        "Diluted EPS": -0.04,
        "Basic EPS": -0.04,
        "Diluted NI Availto Com Stockholders": -4900000.0,
        "Net Income Common Stockholders": -4900000.0,
        "Net Income": -4900000.0,
        "Minority Interests": -34600000.0,
        "Net Income Including Noncontrolling Interests": 29700000.0,
        "Net Income Continuous Operations": 29700000.0,
        "Tax Provision": 3100000.0,
        "Pretax Income": 32800000.0,
        "Other Income Expense": -18700000.0,
        "Other Non Operating Income Expenses": NaN,
        "Special Income Charges": -22200000.0,
        "Gain On Sale Of Business": -5800000.0,
        "Other Special Charges": 3600000.0,
        "Restructuring And Mergern Acquisition": 12800000.0,
        "Earnings From Equity Interest": 3500000.0,
        "Net Non Operating Interest Income Expense": -49800000.0,
        "Interest Expense Non Operating": 49800000.0,
        "Operating Income": 101300000.0,
        "Operating Expense": 64500000.0,
        "Other Operating Expenses": -1200000.0,
        "Depreciation Amortization Depletion Income Statement": 28900000.0,
        "Depreciation And Amortization In Income Statement": 28900000.0,
        "Selling General And Administration": 36800000.0,
        "General And Administrative Expense": 36800000.0,
        "Other Gand A": 36800000.0,
        "Gross Profit": 165800000.0,
        "Cost Of Revenue": 508300000.0,
        "Total Revenue": 674100000.0,
        "Operating Revenue": 674100000.0
    },
    "2023-12-31": {
        "Tax Effect Of Unusual Items": -6174193.548387,
        "Tax Rate For Calcs": 0.125237,
        "Normalized EBITDA": 181800000.0,
        "Total Unusual Items": -49300000.0,
        "Total Unusual Items Excluding Goodwill": -49300000.0,
        "Net Income From Continuing Operation Net Minority Interest": -1000000.0,
        "Reconciled Depreciation": 31100000.0,
        "Reconciled Cost Of Revenue": 541800000.0,
        "EBITDA": 132500000.0,
        "EBIT": 101400000.0,
        "Net Interest Income": -48700000.0,
        "Interest Expense": 48700000.0,
        "Normalized Income": 42125806.451613,
        "Net Income From Continuing And Discontinued Operation": -1000000.0,
        "Total Expenses": 595900000.0,
        "Rent Expense Supplemental": 20600000.0,
        "Total Operating Income As Reported": 101400000.0,
        "Diluted Average Shares": 125774000.0,
        "Basic Average Shares": 125774000.0,
        "Diluted EPS": -0.01,
        "Basic EPS": -0.01,
        "Diluted NI Availto Com Stockholders": -1000000.0,
        "Net Income Common Stockholders": -1000000.0,
        "Net Income": -1000000.0,
        "Minority Interests": -47700000.0,
        "Net Income Including Noncontrolling Interests": 46700000.0,
        "Net Income Continuous Operations": 46700000.0,
        "Tax Provision": 6600000.0,
        "Pretax Income": 52700000.0,
        "Other Income Expense": -38100000.0,
        "Other Non Operating Income Expenses": NaN,
        "Special Income Charges": -49300000.0,
        "Gain On Sale Of Business": -6900000.0,
        "Other Special Charges": 18000000.0,
        "Restructuring And Mergern Acquisition": 24400000.0,
        "Earnings From Equity Interest": 4800000.0,
        "Net Non Operating Interest Income Expense": -48700000.0,
        "Interest Expense Non Operating": 48700000.0,
        "Operating Income": 139500000.0,
        "Operating Expense": 54100000.0,
        "Other Operating Expenses": 2100000.0,
        "Depreciation Amortization Depletion Income Statement": 31100000.0,
        "Depreciation And Amortization In Income Statement": 31100000.0,
        "Selling General And Administration": 20900000.0,
        "General And Administrative Expense": 20900000.0,
        "Other Gand A": 20900000.0,
        "Gross Profit": 193600000.0,
        "Cost Of Revenue": 541800000.0,
        "Total Revenue": 735400000.0,
        "Operating Revenue": 735400000.0
    },
    "2024-03-31": {
        "Tax Effect Of Unusual Items": -2616300.0,
        "Tax Rate For Calcs": 0.153,
        "Normalized EBITDA": 126800000.0,
        "Total Unusual Items": -17100000.0,
        "Total Unusual Items Excluding Goodwill": -17100000.0,
        "Net Income From Continuing Operation Net Minority Interest": -12400000.0,
        "Reconciled Depreciation": 33700000.0,
        "Reconciled Cost Of Revenue": 562100000.0,
        "EBITDA": 109700000.0,
        "EBIT": 76000000.0,
        "Net Interest Income": -47300000.0,
        "Interest Expense": 47300000.0,
        "Normalized Income": 2083700.0,
        "Net Income From Continuing And Discontinued Operation": -12400000.0,
        "Total Expenses": 627000000.0,
        "Rent Expense Supplemental": 21400000.0,
        "Total Operating Income As Reported": 76000000.0,
        "Diluted Average Shares": 125972000.0,
        "Basic Average Shares": 125972000.0,
        "Diluted EPS": -0.1,
        "Basic EPS": -0.1,
        "Diluted NI Availto Com Stockholders": -12400000.0,
        "Net Income Common Stockholders": -12400000.0,
        "Net Income": -12400000.0,
        "Minority Interests": -36700000.0,
        "Net Income Including Noncontrolling Interests": 24300000.0,
        "Net Income Continuous Operations": 24300000.0,
        "Tax Provision": 4400000.0,
        "Pretax Income": 28700000.0,
        "Other Income Expense": -14400000.0,
        "Other Non Operating Income Expenses": NaN,
        "Special Income Charges": -17100000.0,
        "Gain On Sale Of Business": -1500000.0,
        "Other Special Charges": -1800000.0,
        "Restructuring And Mergern Acquisition": 17400000.0,
        "Earnings From Equity Interest": 2700000.0,
        "Net Non Operating Interest Income Expense": -47300000.0,
        "Interest Expense Non Operating": 47300000.0,
        "Operating Income": 90400000.0,
        "Operating Expense": 64900000.0,
        "Other Operating Expenses": -2000000.0,
        "Depreciation Amortization Depletion Income Statement": 33700000.0,
        "Depreciation And Amortization In Income Statement": 33700000.0,
        "Selling General And Administration": 33200000.0,
        "General And Administrative Expense": 33200000.0,
        "Other Gand A": 33200000.0,
        "Gross Profit": 155300000.0,
        "Cost Of Revenue": 562100000.0,
        "Total Revenue": 717400000.0,
        "Operating Revenue": 717400000.0
    },
    "2024-06-30": {
        "Tax Effect Of Unusual Items": -4439400.0,
        "Tax Rate For Calcs": 0.147,
        "Normalized EBITDA": 149800000.0,
        "Total Unusual Items": -30200000.0,
        "Total Unusual Items Excluding Goodwill": -30200000.0,
        "Net Income From Continuing Operation Net Minority Interest": -15500000.0,
        "Reconciled Depreciation": 34800000.0,
        "Reconciled Cost Of Revenue": 582900000.0,
        "EBITDA": 119600000.0,
        "EBIT": 84800000.0,
        "Net Interest Income": -51500000.0,
        "Interest Expense": 51500000.0,
        "Normalized Income": 10260600.0,
        "Net Income From Continuing And Discontinued Operation": -15500000.0,
        "Total Expenses": 658000000.0,
        "Rent Expense Supplemental": 22200000.0,
        "Total Operating Income As Reported": 84800000.0,
        "Diluted Average Shares": 126134000.0,
        "Basic Average Shares": 126134000.0,
        "Diluted EPS": -0.12,
        "Basic EPS": -0.12,
        "Diluted NI Availto Com Stockholders": -15500000.0,
        "Net Income Common Stockholders": -15500000.0,
        "Net Income": -15500000.0,
        "Minority Interests": -43900000.0,
        "Net Income Including Noncontrolling Interests": 28400000.0,
        "Net Income Continuous Operations": 28400000.0,
        "Tax Provision": 4900000.0,
        "Pretax Income": 33300000.0,
        "Other Income Expense": -19300000.0,
        "Other Non Operating Income Expenses": 6500000.0,
        "Special Income Charges": -30200000.0,
        "Gain On Sale Of Business": -5300000.0,
        "Other Special Charges": 5600000.0,
        "Restructuring And Mergern Acquisition": 19300000.0,
        "Earnings From Equity Interest": 4400000.0,
        "Net Non Operating Interest Income Expense": -51500000.0,
        "Interest Expense Non Operating": 51500000.0,
        "Operating Income": 104100000.0,
        "Operating Expense": 75100000.0,
        "Other Operating Expenses": NaN,
        "Depreciation Amortization Depletion Income Statement": 34800000.0,
        "Depreciation And Amortization In Income Statement": 34800000.0,
        "Selling General And Administration": 40300000.0,
        "General And Administrative Expense": 40300000.0,
        "Other Gand A": 40300000.0,
        "Gross Profit": 179200000.0,
        "Cost Of Revenue": 582900000.0,
        "Total Revenue": 762100000.0,
        "Operating Revenue": 762100000.0
    },
    "2024-09-30": {
        "Tax Effect Of Unusual Items": -9366000.0,
        "Tax Rate For Calcs": 0.21,
        "Normalized EBITDA": 155700000.0,
        "Total Unusual Items": -44600000.0,
        "Total Unusual Items Excluding Goodwill": -44600000.0,
        "Net Income From Continuing Operation Net Minority Interest": -31700000.0,
        "Reconciled Depreciation": 50200000.0,
        "Reconciled Cost Of Revenue": 592900000.0,
        "EBITDA": 111100000.0,
        "EBIT": 60900000.0,
        "Net Interest Income": -50000000.0,
        "Interest Expense": 50000000.0,
        "Normalized Income": 3534000.0,
        "Net Income From Continuing And Discontinued Operation": -31700000.0,
        "Total Expenses": 670100000.0,
        "Rent Expense Supplemental": 23900000.0,
        "Total Operating Income As Reported": 60900000.0,
        "Diluted Average Shares": 126172000.0,
        "Basic Average Shares": 126172000.0,
        "Diluted EPS": -0.25,
        "Basic EPS": -0.25,
        "Diluted NI Availto Com Stockholders": -31700000.0,
        "Net Income Common Stockholders": -31700000.0,
        "Net Income": -31700000.0,
        "Minority Interests": -38100000.0,
        "Net Income Including Noncontrolling Interests": 6400000.0,
        "Net Income Continuous Operations": 6400000.0,
        "Tax Provision": 4500000.0,
        "Pretax Income": 10900000.0,
        "Other Income Expense": -39400000.0,
        "Other Non Operating Income Expenses": NaN,
        "Special Income Charges": -44600000.0,
        "Gain On Sale Of Business": -14700000.0,
        "Other Special Charges": 500000.0,
        "Restructuring And Mergern Acquisition": 29400000.0,
        "Earnings From Equity Interest": 5200000.0,
        "Net Non Operating Interest Income Expense": -50000000.0,
        "Interest Expense Non Operating": 50000000.0,
        "Operating Income": 100300000.0,
        "Operating Expense": 77200000.0,
        "Other Operating Expenses": -2200000.0,
        "Depreciation Amortization Depletion Income Statement": 50200000.0,
        "Depreciation And Amortization In Income Statement": 50200000.0,
        "Selling General And Administration": 29200000.0,
        "General And Administrative Expense": 29200000.0,
        "Other Gand A": 29200000.0,
        "Gross Profit": 177500000.0,
        "Cost Of Revenue": 592900000.0,
        "Total Revenue": 770400000.0,
        "Operating Revenue": 770400000.0
    }
}