{
    "2023-03-31": {
        "Tax Effect Of Unusual Items": -151620.0,
        "Tax Rate For Calcs": 0.21,
        "Normalized EBITDA": 22131000.0,
        "Total Unusual Items": -722000.0,
        "Total Unusual Items Excluding Goodwill": -722000.0,
        "Net Income From Continuing Operation Net Minority Interest": -1534000.0,
        "Reconciled Depreciation": 21761000.0,
        "Reconciled Cost Of Revenue": 145597000.0,
        "EBITDA": 21409000.0,
        "EBIT": -352000.0,
        "Net Interest Income": -403000.0,
        "Interest Expense": 403000.0,
        "Normalized Income": -963620.0,
        "Net Income From Continuing And Discontinued Operation": -1534000.0,
        "Total Expenses": 255745000.0,
        "Rent Expense Supplemental": 18583000.0,
        "Total Operating Income As Reported": -3189000.0,
        "Diluted Average Shares": 39332000.0,
        "Basic Average Shares": 39332000.0,
        "Diluted EPS": -0.04,
        "Basic EPS": -0.04,
        "Diluted NI Availto Com Stockholders": -1534000.0,
        "Average Dilution Earnings": NaN,
        "Net Income Common Stockholders": -1534000.0,
        "Net Income": -1534000.0,
        "Minority Interests": 88000.0,
        "Net Income Including Noncontrolling Interests": -1622000.0,
        "Net Income Continuous Operations": -1622000.0,
        "Tax Provision": 867000.0,
        "Pretax Income": -755000.0,
        "Other Income Expense": 2115000.0,
        "Other Non Operating Income Expenses": 2837000.0,
        "Special Income Charges": -722000.0,
        "Other Special Charges": 3557000.0,
        "Impairment Of Capital Assets": 722000.0,
        "Net Non Operating Interest Income Expense": -403000.0,
        "Interest Expense Non Operating": 403000.0,
        "Operating Income": -2467000.0,
        "Operating Expense": 109709000.0,
        "Other Operating Expenses": 38493000.0,
        "Depreciation Amortization Depletion Income Statement": 21322000.0,
        "Depreciation And Amortization In Income Statement": 21322000.0,
        "Selling General And Administration": 49894000.0,
        "General And Administrative Expense": 49894000.0,
        "Other Gand A": 31311000.0,
        "Rent And Landing Fees": 18583000.0,
        "Gross Profit": 107242000.0,
        "Cost Of Revenue": 146036000.0,
        "Total Revenue": 253278000.0,
        "Operating Revenue": 253278000.0
    },
    "2022-12-31": {
        "Tax Effect Of Unusual Items": -1512420.0,
        "Tax Rate For Calcs": 0.21,
        "Normalized EBITDA": 22911000.0,
        "Total Unusual Items": -7202000.0,
        "Total Unusual Items Excluding Goodwill": -7202000.0,
        "Net Income From Continuing Operation Net Minority Interest": -10717000.0,
        "Reconciled Depreciation": 19627000.0,
        "Reconciled Cost Of Revenue": 133923000.0,
        "EBITDA": 15709000.0,
        "EBIT": -3918000.0,
        "Net Interest Income": -373000.0,
        "Interest Expense": 373000.0,
        "Normalized Income": -5027420.0,
        "Net Income From Continuing And Discontinued Operation": -10717000.0,
        "Total Expenses": 237641000.0,
        "Rent Expense Supplemental": 18238000.0,
        "Total Operating Income As Reported": -6314000.0,
        "Diluted Average Shares": 39283000.0,
        "Basic Average Shares": 39283000.0,
        "Diluted EPS": -0.27,
        "Basic EPS": -0.27,
        "Diluted NI Availto Com Stockholders": -10717000.0,
        "Average Dilution Earnings": NaN,
        "Net Income Common Stockholders": -10717000.0,
        "Net Income": -10717000.0,
        "Minority Interests": 354000.0,
        "Net Income Including Noncontrolling Interests": -11071000.0,
        "Net Income Continuous Operations": -11071000.0,
        "Tax Provision": 6780000.0,
        "Pretax Income": -4291000.0,
        "Other Income Expense": -4806000.0,
        "Other Non Operating Income Expenses": 2396000.0,
        "Special Income Charges": -7202000.0,
        "Other Special Charges": 6474000.0,
        "Impairment Of Capital Assets": 728000.0,
        "Net Non Operating Interest Income Expense": -373000.0,
        "Interest Expense Non Operating": 373000.0,
        "Operating Income": 888000.0,
        "Operating Expense": 103298000.0,
        "Other Operating Expenses": 34103000.0,
        "Depreciation Amortization Depletion Income Statement": 19207000.0,
        "Depreciation And Amortization In Income Statement": 19207000.0,
        "Selling General And Administration": 49988000.0,
        "General And Administrative Expense": 49988000.0,
        "Other Gand A": 31750000.0,
        "Rent And Landing Fees": 18238000.0,
        "Gross Profit": 104186000.0,
        "Cost Of Revenue": 134343000.0,
        "Total Revenue": 238529000.0,
        "Operating Revenue": 238529000.0
    },
    "2022-09-30": {
        "Tax Effect Of Unusual Items": -233761.717727,
        "Tax Rate For Calcs": 0.394868,
        "Normalized EBITDA": 16292000.0,
        "Total Unusual Items": -592000.0,
        "Total Unusual Items Excluding Goodwill": -592000.0,
        "Net Income From Continuing Operation Net Minority Interest": -2024000.0,
        "Reconciled Depreciation": 19044000.0,
        "Reconciled Cost Of Revenue": 132015000.0,
        "EBITDA": 15700000.0,
        "EBIT": -3344000.0,
        "Net Interest Income": -475000.0,
        "Interest Expense": 475000.0,
        "Normalized Income": -1665761.717727,
        "Net Income From Continuing And Discontinued Operation": -2024000.0,
        "Total Expenses": 232048000.0,
        "Rent Expense Supplemental": 17337000.0,
        "Total Operating Income As Reported": -4826000.0,
        "Diluted Average Shares": 39274000.0,
        "Basic Average Shares": 39274000.0,
        "Diluted EPS": -0.05,
        "Basic EPS": -0.05,
        "Diluted NI Availto Com Stockholders": -2024000.0,
        "Average Dilution Earnings": 0.0,
        "Net Income Common Stockholders": -2024000.0,
        "Net Income": -2024000.0,
        "Minority Interests": 287000.0,
        "Net Income Including Noncontrolling Interests": -2311000.0,
        "Net Income Continuous Operations": -2311000.0,
        "Tax Provision": -1508000.0,
        "Pretax Income": -3819000.0,
        "Other Income Expense": 890000.0,
        "Other Non Operating Income Expenses": 1482000.0,
        "Special Income Charges": -592000.0,
        "Impairment Of Capital Assets": 592000.0,
        "Net Non Operating Interest Income Expense": -475000.0,
        "Interest Expense Non Operating": 475000.0,
        "Operating Income": -4234000.0,
        "Operating Expense": 99636000.0,
        "Other Operating Expenses": 37007000.0,
        "Depreciation Amortization Depletion Income Statement": 18647000.0,
        "Depreciation And Amortization In Income Statement": 18647000.0,
        "Selling General And Administration": 43982000.0,
        "General And Administrative Expense": 43982000.0,
        "Other Gand A": 26645000.0,
        "Rent And Landing Fees": 17337000.0,
        "Gross Profit": 95402000.0,
        "Cost Of Revenue": 132412000.0,
        "Total Revenue": 227814000.0,
        "Operating Revenue": 227814000.0
    },
    "2022-06-30": {
        "Tax Effect Of Unusual Items": -211200.0,
        "Tax Rate For Calcs": 0.4,
        "Normalized EBITDA": 18334000.0,
        "Total Unusual Items": -528000.0,
        "Total Unusual Items Excluding Goodwill": -528000.0,
        "Net Income From Continuing Operation Net Minority Interest": -1188000.0,
        "Reconciled Depreciation": 18087000.0,
        "Reconciled Cost Of Revenue": 131838000.0,
        "EBITDA": 17806000.0,
        "EBIT": -281000.0,
        "Net Interest Income": -315000.0,
        "Interest Expense": 315000.0,
        "Normalized Income": -871200.0,
        "Net Income From Continuing And Discontinued Operation": -1188000.0,
        "Total Expenses": 231043000.0,
        "Rent Expense Supplemental": 16657000.0,
        "Total Operating Income As Reported": -819000.0,
        "Diluted Average Shares": 39227000.0,
        "Basic Average Shares": 39227000.0,
        "Diluted EPS": -0.03,
        "Basic EPS": -0.03,
        "Diluted NI Availto Com Stockholders": -1188000.0,
        "Average Dilution Earnings": 0.0,
        "Net Income Common Stockholders": -1188000.0,
        "Net Income": -1188000.0,
        "Minority Interests": 115000.0,
        "Net Income Including Noncontrolling Interests": -1303000.0,
        "Net Income Continuous Operations": -1303000.0,
        "Tax Provision": 707000.0,
        "Pretax Income": -596000.0,
        "Other Income Expense": 10000.0,
        "Other Non Operating Income Expenses": 538000.0,
        "Special Income Charges": -528000.0,
        "Impairment Of Capital Assets": 528000.0,
        "Net Non Operating Interest Income Expense": -315000.0,
        "Interest Expense Non Operating": 315000.0,
        "Operating Income": -291000.0,
        "Operating Expense": 99205000.0,
        "Other Operating Expenses": 35386000.0,
        "Depreciation Amortization Depletion Income Statement": 18087000.0,
        "Depreciation And Amortization In Income Statement": 18087000.0,
        "Selling General And Administration": 45732000.0,
        "General And Administrative Expense": 45732000.0,
        "Other Gand A": 29075000.0,
        "Rent And Landing Fees": 16657000.0,
        "Gross Profit": 98914000.0,
        "Cost Of Revenue": 131838000.0,
        "Total Revenue": 230752000.0,
        "Operating Revenue": 230752000.0
    },
    "2023-06-30": {
        "Tax Effect Of Unusual Items": -40664.0,
        "Tax Rate For Calcs": 0.046,
        "Normalized EBITDA": 31552000.0,
        "Total Unusual Items": -884000.0,
        "Total Unusual Items Excluding Goodwill": -884000.0,
        "Net Income From Continuing Operation Net Minority Interest": 6948000.0,
        "Reconciled Depreciation": 22693000.0,
        "Reconciled Cost Of Revenue": 150517000.0,
        "EBITDA": 30668000.0,
        "EBIT": 7975000.0,
        "Net Interest Income": -405000.0,
        "Interest Expense": 405000.0,
        "Normalized Income": 7791336.0,
        "Net Income From Continuing And Discontinued Operation": 6948000.0,
        "Total Expenses": 266173000.0,
        "Rent Expense Supplemental": 19801000.0,
        "Total Operating Income As Reported": 4748000.0,
        "Diluted Average Shares": 43886000.0,
        "Basic Average Shares": 39416000.0,
        "Diluted EPS": 0.16,
        "Basic EPS": 0.18,
        "Diluted NI Availto Com Stockholders": 6948000.0,
        "Average Dilution Earnings": NaN,
        "Net Income Common Stockholders": 6948000.0,
        "Net Income": 6948000.0,
        "Minority Interests": -275000.0,
        "Net Income Including Noncontrolling Interests": 7223000.0,
        "Net Income Continuous Operations": 7223000.0,
        "Tax Provision": 347000.0,
        "Pretax Income": 7570000.0,
        "Other Income Expense": 2343000.0,
        "Other Non Operating Income Expenses": 3227000.0,
        "Special Income Charges": -884000.0,
        "Other Special Charges": 5577000.0,
        "Impairment Of Capital Assets": 884000.0,
        "Net Non Operating Interest Income Expense": -405000.0,
        "Interest Expense Non Operating": 405000.0,
        "Operating Income": 5632000.0,
        "Operating Expense": 115215000.0,
        "Other Operating Expenses": 41686000.0,
        "Depreciation Amortization Depletion Income Statement": 22252000.0,
        "Depreciation And Amortization In Income Statement": 22252000.0,
        "Selling General And Administration": 51277000.0,
        "General And Administrative Expense": 51277000.0,
        "Other Gand A": 31476000.0,
        "Rent And Landing Fees": 19801000.0,
        "Gross Profit": 120847000.0,
        "Cost Of Revenue": 150958000.0,
        "Total Revenue": 271805000.0,
        "Operating Revenue": 271805000.0
    },
    "2022-03-31": {
        "Diluted EPS": -0.26,
        "Total Revenue": 203,
        "Gross Profit": 37,
        "Operating Income": -15,
        "EBIT": 3,
        "Net Income": -10
    },
    "2021-12-31": {
        "Diluted EPS": -0.22,
        "Total Revenue": 203,
        "Gross Profit": 40,
        "Operating Income": -6,
        "EBIT": 10,
        "Net Income": -10
    },
    "2021-09-30": {
        "Diluted EPS": -0.06,
        "Total Revenue": 194,
        "Gross Profit": 37,
        "Operating Income": -3,
        "EBIT": 13,
        "Net Income": -2
    },
    "2021-06-30": {
        "Diluted EPS": 0.05,
        "Total Revenue": 187,
        "Gross Profit": 41,
        "Operating Income": 3,
        "EBIT": 18,
        "Net Income": 2
    },
    "2021-03-31": {
        "Diluted EPS": 0.01,
        "Total Revenue": 155,
        "Gross Profit": 27,
        "Operating Income": -10,
        "EBIT": 4,
        "Net Income": 1
    },
    "2020-12-31": {
        "Diluted EPS": -0.53,
        "Total Revenue": 158,
        "Gross Profit": 29,
        "Operating Income": -12,
        "EBIT": 1,
        "Net Income": -19
    },
    "2020-09-30": {
        "Diluted EPS": -0.15,
        "Total Revenue": 130,
        "Gross Profit": 23,
        "Operating Income": -7,
        "EBIT": 6,
        "Net Income": -6
    },
    "2020-06-30": {
        "Diluted EPS": -0.43,
        "Total Revenue": 92,
        "Gross Profit": 4,
        "Operating Income": -24,
        "EBIT": -12,
        "Net Income": -16
    },
    "2020-03-31": {
        "Diluted EPS": -0.03,
        "Total Revenue": 143,
        "Gross Profit": 32,
        "Operating Income": -1,
        "EBIT": 11,
        "Net Income": -1
    },
    "2019-12-31": {
        "Diluted EPS": -0.07,
        "Total Revenue": 151,
        "Gross Profit": 35,
        "Operating Income": 0,
        "EBIT": 12,
        "Net Income": -2
    },
    "2019-09-30": {
        "Diluted EPS": 0.31,
        "Total Revenue": 158,
        "Gross Profit": 41,
        "Operating Income": 8,
        "EBIT": 19,
        "Net Income": 10
    },
    "2019-06-30": {
        "Diluted EPS": 0.29,
        "Total Revenue": 153,
        "Gross Profit": 41,
        "Operating Income": 12,
        "EBIT": 22,
        "Net Income": 9
    },
    "2019-03-31": {
        "Diluted EPS": 0.08,
        "Total Revenue": 133,
        "Gross Profit": 31,
        "Operating Income": 5,
        "EBIT": 14,
        "Net Income": 3
    },
    "2018-12-31": {
        "Diluted EPS": -0.04,
        "Total Revenue": 124,
        "Gross Profit": 31,
        "Operating Income": 3,
        "EBIT": 11,
        "Net Income": -1
    },
    "2018-09-30": {
        "Diluted EPS": 0.17,
        "Total Revenue": 120,
        "Gross Profit": 34,
        "Operating Income": 9,
        "EBIT": 17,
        "Net Income": 5
    },
    "2018-06-30": {
        "Diluted EPS": 0.26,
        "Total Revenue": 116,
        "Gross Profit": 35,
        "Operating Income": 13,
        "EBIT": 20,
        "Net Income": 8
    },
    "2018-03-31": {
        "Diluted EPS": 0.13,
        "Total Revenue": 99,
        "Gross Profit": 27,
        "Operating Income": 7,
        "EBIT": 13,
        "Net Income": 4
    },
    "2017-12-31": {
        "Diluted EPS": -0.48,
        "Total Revenue": 96,
        "Gross Profit": 27,
        "Operating Income": 6,
        "EBIT": 12,
        "Net Income": -12
    },
    "2017-09-30": {
        "Diluted EPS": 0.19,
        "Total Revenue": 95,
        "Gross Profit": 28,
        "Operating Income": 11,
        "EBIT": 16,
        "Net Income": 5
    },
    "2017-06-30": {
        "Diluted EPS": 0.19,
        "Total Revenue": 91,
        "Gross Profit": 29,
        "Operating Income": 12,
        "EBIT": 17,
        "Net Income": 5
    },
    "2017-03-31": {
        "Diluted EPS": 0.09,
        "Total Revenue": 77,
        "Gross Profit": 21,
        "Operating Income": 6,
        "EBIT": 10,
        "Net Income": 2
    },
    "2016-12-31": {
        "Diluted EPS": 0.17,
        "Total Revenue": 73,
        "Gross Profit": 20,
        "Operating Income": 5,
        "EBIT": 9,
        "Net Income": 4
    },
    "2016-09-30": {
        "Diluted EPS": 0.15,
        "Total Revenue": 75,
        "Gross Profit": 23,
        "Operating Income": 9,
        "EBIT": 13,
        "Net Income": 4
    },
    "2016-06-30": {
        "Diluted EPS": 0.14,
        "Total Revenue": 66,
        "Gross Profit": 22,
        "Operating Income": 9,
        "EBIT": 12,
        "Net Income": 3
    },
    "2016-03-31": {
        "Diluted EPS": 0.07,
        "Total Revenue": 54,
        "Gross Profit": 17,
        "Operating Income": 5,
        "EBIT": 8,
        "Net Income": 1
    },
    "2015-12-31": {
        "Diluted EPS": 0.23,
        "Total Revenue": 51,
        "Gross Profit": 16,
        "Operating Income": 4,
        "EBIT": 7,
        "Net Income": 1
    },
    "2015-09-30": {
        "Diluted EPS": 0.1,
        "Total Revenue": 53,
        "Gross Profit": 18,
        "Operating Income": 8,
        "EBIT": 10,
        "Net Income": 2
    },
    "2015-06-30": {
        "Diluted EPS": 0.08,
        "Total Revenue": 48,
        "Gross Profit": 16,
        "Operating Income": 6,
        "EBIT": 9,
        "Net Income": 1
    },
    "2015-03-31": {
        "Diluted EPS": -1.06,
        "Total Revenue": 38,
        "Gross Profit": 11,
        "Operating Income": -11,
        "EBIT": -9,
        "Net Income": -13
    },
    "2014-12-31": {
        "Diluted EPS": -0.05,
        "Total Revenue": 35,
        "Gross Profit": 9,
        "Operating Income": -1,
        "EBIT": 1,
        "Net Income": -1
    },
    "2014-09-30": {
        "Diluted EPS": 0.02,
        "Total Revenue": 32,
        "Gross Profit": 9,
        "Operating Income": 1,
        "EBIT": 2,
        "Net Income": 1
    },
    "2014-06-30": {
        "Diluted EPS": 0.06,
        "Total Revenue": 28,
        "Gross Profit": 8,
        "Operating Income": 2,
        "EBIT": 3,
        "Net Income": 2
    },
    "2014-03-31": {
        "Diluted EPS": 0.04,
        "Total Revenue": 24,
        "Gross Profit": 7,
        "Operating Income": 1,
        "EBIT": 2,
        "Net Income": 1
    },
    "2013-12-31": {
        "Diluted EPS": 0.0,
        "Total Revenue": NaN,
        "Gross Profit": NaN,
        "Operating Income": NaN,
        "EBIT": NaN,
        "Net Income": NaN
    },
    "2012-12-31": {
        "Diluted EPS": 0.0,
        "Total Revenue": NaN,
        "Gross Profit": NaN,
        "Operating Income": NaN,
        "EBIT": NaN,
        "Net Income": NaN
    },
    "2023-09-30": {
        "Tax Effect Of Unusual Items": -30012.0,
        "Tax Rate For Calcs": 0.061,
        "Normalized EBITDA": 33160000.0,
        "Total Unusual Items": -492000.0,
        "Total Unusual Items Excluding Goodwill": -492000.0,
        "Net Income From Continuing Operation Net Minority Interest": 7627000.0,
        "Reconciled Depreciation": 23570000.0,
        "Reconciled Cost Of Revenue": 152973000.0,
        "EBITDA": 32668000.0,
        "EBIT": 9098000.0,
        "Net Interest Income": -433000.0,
        "Interest Expense": 433000.0,
        "Normalized Income": 8088988.0,
        "Net Income From Continuing And Discontinued Operation": 7627000.0,
        "Total Expenses": 270058000.0,
        "Rent Expense Supplemental": 20300000.0,
        "Total Operating Income As Reported": 5657000.0,
        "Diluted Average Shares": 43978000.0,
        "Basic Average Shares": 39460000.0,
        "Diluted EPS": 0.19,
        "Basic EPS": 0.19,
        "Diluted NI Availto Com Stockholders": 8136000.0,
        "Average Dilution Earnings": 509000.0,
        "Net Income Common Stockholders": 7627000.0,
        "Net Income": 7627000.0,
        "Minority Interests": -509000.0,
        "Net Income Including Noncontrolling Interests": 8136000.0,
        "Net Income Continuous Operations": 8136000.0,
        "Tax Provision": 529000.0,
        "Pretax Income": 8665000.0,
        "Other Income Expense": 2949000.0,
        "Other Non Operating Income Expenses": 3441000.0,
        "Special Income Charges": -492000.0,
        "Other Special Charges": 4969000.0,
        "Impairment Of Capital Assets": 492000.0,
        "Net Non Operating Interest Income Expense": -433000.0,
        "Interest Expense Non Operating": 433000.0,
        "Operating Income": 6149000.0,
        "Operating Expense": 116645000.0,
        "Other Operating Expenses": 42276000.0,
        "Depreciation Amortization Depletion Income Statement": 23130000.0,
        "Depreciation And Amortization In Income Statement": 23130000.0,
        "Selling General And Administration": 51239000.0,
        "General And Administrative Expense": 51239000.0,
        "Other Gand A": 30939000.0,
        "Rent And Landing Fees": 20300000.0,
        "Gross Profit": 122794000.0,
        "Cost Of Revenue": 153413000.0,
        "Total Revenue": 276207000.0,
        "Operating Revenue": 276207000.0
    },
    "2023-12-31": {
        "Tax Effect Of Unusual Items": -190890.0,
        "Tax Rate For Calcs": 0.21,
        "Normalized EBITDA": 27901000.0,
        "Total Unusual Items": -909000.0,
        "Total Unusual Items Excluding Goodwill": -909000.0,
        "Net Income From Continuing Operation Net Minority Interest": 7223000.0,
        "Reconciled Depreciation": 25016000.0,
        "Reconciled Cost Of Revenue": 158410000.0,
        "EBITDA": 26992000.0,
        "EBIT": 1976000.0,
        "Net Interest Income": -476000.0,
        "Interest Expense": 476000.0,
        "Normalized Income": 7941110.0,
        "Net Income From Continuing And Discontinued Operation": 7223000.0,
        "Total Expenses": 286629000.0,
        "Rent Expense Supplemental": 21162000.0,
        "Total Operating Income As Reported": -1295000.0,
        "Diluted Average Shares": 43944000.0,
        "Basic Average Shares": 39470000.0,
        "Diluted EPS": 0.15,
        "Basic EPS": 0.17,
        "Diluted NI Availto Com Stockholders": 6527000.0,
        "Average Dilution Earnings": NaN,
        "Net Income Common Stockholders": 7223000.0,
        "Net Income": 7223000.0,
        "Minority Interests": -30000.0,
        "Net Income Including Noncontrolling Interests": 7253000.0,
        "Net Income Continuous Operations": 7253000.0,
        "Tax Provision": -5753000.0,
        "Pretax Income": 1500000.0,
        "Other Income Expense": 2362000.0,
        "Other Non Operating Income Expenses": 3271000.0,
        "Special Income Charges": -909000.0,
        "Other Special Charges": 5128000.0,
        "Impairment Of Capital Assets": 909000.0,
        "Net Non Operating Interest Income Expense": -476000.0,
        "Interest Expense Non Operating": 476000.0,
        "Operating Income": -386000.0,
        "Operating Expense": 127741000.0,
        "Other Operating Expenses": 46225000.0,
        "Depreciation Amortization Depletion Income Statement": 24538000.0,
        "Depreciation And Amortization In Income Statement": 24538000.0,
        "Selling General And Administration": 56978000.0,
        "General And Administrative Expense": 56978000.0,
        "Other Gand A": 35816000.0,
        "Rent And Landing Fees": 21162000.0,
        "Gross Profit": 127355000.0,
        "Cost Of Revenue": 158888000.0,
        "Total Revenue": 286243000.0,
        "Operating Revenue": 286243000.0
    },
    "2024-03-31": {
        "Tax Effect Of Unusual Items": -99940.0,
        "Tax Rate For Calcs": 0.19,
        "Normalized EBITDA": 29725000.0,
        "Total Unusual Items": -526000.0,
        "Total Unusual Items Excluding Goodwill": -526000.0,
        "Net Income From Continuing Operation Net Minority Interest": 2040000.0,
        "Reconciled Depreciation": 25959000.0,
        "Reconciled Cost Of Revenue": 161244000.0,
        "EBITDA": 29199000.0,
        "EBIT": 3240000.0,
        "Net Interest Income": -508000.0,
        "Interest Expense": 508000.0,
        "Normalized Income": 2466060.0,
        "Net Income From Continuing And Discontinued Operation": 2040000.0,
        "Total Expenses": 289944000.0,
        "Rent Expense Supplemental": 22188000.0,
        "Total Operating Income As Reported": 34000.0,
        "Diluted Average Shares": 41259000.0,
        "Basic Average Shares": 39515000.0,
        "Diluted EPS": 0.05,
        "Basic EPS": 0.05,
        "Diluted NI Availto Com Stockholders": 2040000.0,
        "Average Dilution Earnings": NaN,
        "Net Income Common Stockholders": 2040000.0,
        "Net Income": 2040000.0,
        "Minority Interests": -174000.0,
        "Net Income Including Noncontrolling Interests": 2214000.0,
        "Net Income Continuous Operations": 2214000.0,
        "Tax Provision": 518000.0,
        "Pretax Income": 2732000.0,
        "Other Income Expense": 2680000.0,
        "Other Non Operating Income Expenses": 3206000.0,
        "Special Income Charges": -526000.0,
        "Other Special Charges": NaN,
        "Impairment Of Capital Assets": 526000.0,
        "Net Non Operating Interest Income Expense": -508000.0,
        "Interest Expense Non Operating": 508000.0,
        "Operating Income": 560000.0,
        "Operating Expense": 128182000.0,
        "Other Operating Expenses": 44609000.0,
        "Depreciation Amortization Depletion Income Statement": 25441000.0,
        "Depreciation And Amortization In Income Statement": 25441000.0,
        "Selling General And Administration": 58132000.0,
        "General And Administrative Expense": 58132000.0,
        "Other Gand A": 35944000.0,
        "Rent And Landing Fees": 22188000.0,
        "Gross Profit": 128742000.0,
        "Cost Of Revenue": 161762000.0,
        "Total Revenue": 290504000.0,
        "Operating Revenue": 290504000.0
    }
}