{
    "2023-06-30": {
        "Tax Effect Of Unusual Items": -324387.0,
        "Tax Rate For Calcs": 0.271,
        "Total Unusual Items": -1197000.0,
        "Total Unusual Items Excluding Goodwill": -1197000.0,
        "Net Income From Continuing Operation Net Minority Interest": 4018000.0,
        "Reconciled Depreciation": 1361000.0,
        "Net Interest Income": 22494000.0,
        "Interest Expense": 14139000.0,
        "Interest Income": 36633000.0,
        "Normalized Income": 4890613.0,
        "Net Income From Continuing And Discontinued Operation": 4018000.0,
        "Diluted Average Shares": 19903000.0,
        "Basic Average Shares": 19903000.0,
        "Diluted EPS": 0.2,
        "Basic EPS": 0.2,
        "Diluted NI Availto Com Stockholders": 4018000.0,
        "Net Income Common Stockholders": 4018000.0,
        "Net Income": 4018000.0,
        "Net Income Including Noncontrolling Interests": 4018000.0,
        "Net Income Continuous Operations": 4018000.0,
        "Tax Provision": 1495000.0,
        "Pretax Income": 5513000.0,
        "Special Income Charges": -1197000.0,
        "Other Special Charges": NaN,
        "Restructuring And Mergern Acquisition": 1197000.0,
        "Gain On Sale Of Security": NaN,
        "Depreciation Amortization Depletion Income Statement": 435000.0,
        "Depreciation And Amortization In Income Statement": 435000.0,
        "Amortization": 435000.0,
        "Amortization Of Intangibles Income Statement": 435000.0,
        "Selling General And Administration": 12338000.0,
        "General And Administrative Expense": 12338000.0,
        "Insurance And Claims": 758000.0,
        "Salaries And Wages": 11580000.0,
        "Total Revenue": 27788000.0,
        "Operating Revenue": 27788000.0,
        "Occupancy And Equipment": 2076000.0,
        "Professional Expense And Contract Services Expense": 959000.0,
        "Other Non Interest Expense": 4603000.0
    },
    "2023-03-31": {
        "Tax Effect Of Unusual Items": -207692.0,
        "Tax Rate For Calcs": 0.274,
        "Total Unusual Items": -758000.0,
        "Total Unusual Items Excluding Goodwill": -758000.0,
        "Net Income From Continuing Operation Net Minority Interest": 6457000.0,
        "Reconciled Depreciation": 1383000.0,
        "Net Interest Income": 25664000.0,
        "Interest Expense": 9398000.0,
        "Interest Income": 35062000.0,
        "Normalized Income": 7007308.0,
        "Net Income From Continuing And Discontinued Operation": 6457000.0,
        "Diluted Average Shares": 19886000.0,
        "Basic Average Shares": 19886000.0,
        "Diluted EPS": 0.32,
        "Basic EPS": 0.32,
        "Diluted NI Availto Com Stockholders": 6457000.0,
        "Net Income Common Stockholders": 6457000.0,
        "Net Income": 6457000.0,
        "Net Income Including Noncontrolling Interests": 6457000.0,
        "Net Income Continuous Operations": 6457000.0,
        "Tax Provision": 2435000.0,
        "Pretax Income": 8892000.0,
        "Special Income Charges": -758000.0,
        "Other Special Charges": 67000.0,
        "Restructuring And Mergern Acquisition": 691000.0,
        "Gain On Sale Of Security": 0.0,
        "Depreciation Amortization Depletion Income Statement": 441000.0,
        "Depreciation And Amortization In Income Statement": 441000.0,
        "Amortization": 441000.0,
        "Amortization Of Intangibles Income Statement": 441000.0,
        "Selling General And Administration": 12226000.0,
        "General And Administrative Expense": 12226000.0,
        "Insurance And Claims": 371000.0,
        "Salaries And Wages": 11855000.0,
        "Total Revenue": 30998000.0,
        "Operating Revenue": 30998000.0,
        "Occupancy And Equipment": 2153000.0,
        "Professional Expense And Contract Services Expense": 750000.0,
        "Other Non Interest Expense": 4565000.0
    },
    "2022-12-31": {
        "Tax Effect Of Unusual Items": NaN,
        "Tax Rate For Calcs": NaN,
        "Total Unusual Items": NaN,
        "Total Unusual Items Excluding Goodwill": NaN,
        "Net Income From Continuing Operation Net Minority Interest": NaN,
        "Reconciled Depreciation": NaN,
        "Net Interest Income": NaN,
        "Interest Expense": NaN,
        "Interest Income": NaN,
        "Normalized Income": NaN,
        "Net Income From Continuing And Discontinued Operation": NaN,
        "Diluted Average Shares": NaN,
        "Basic Average Shares": NaN,
        "Diluted EPS": NaN,
        "Basic EPS": NaN,
        "Diluted NI Availto Com Stockholders": NaN,
        "Net Income Common Stockholders": NaN,
        "Net Income": NaN,
        "Net Income Including Noncontrolling Interests": NaN,
        "Net Income Continuous Operations": NaN,
        "Tax Provision": NaN,
        "Pretax Income": NaN,
        "Special Income Charges": NaN,
        "Other Special Charges": NaN,
        "Restructuring And Mergern Acquisition": NaN,
        "Gain On Sale Of Security": 0.0,
        "Depreciation Amortization Depletion Income Statement": NaN,
        "Depreciation And Amortization In Income Statement": NaN,
        "Amortization": NaN,
        "Amortization Of Intangibles Income Statement": NaN,
        "Selling General And Administration": NaN,
        "General And Administrative Expense": NaN,
        "Insurance And Claims": NaN,
        "Salaries And Wages": NaN,
        "Total Revenue": NaN,
        "Operating Revenue": NaN,
        "Occupancy And Equipment": NaN,
        "Professional Expense And Contract Services Expense": NaN,
        "Other Non Interest Expense": NaN
    },
    "2022-09-30": {
        "Tax Effect Of Unusual Items": NaN,
        "Tax Rate For Calcs": NaN,
        "Total Unusual Items": NaN,
        "Total Unusual Items Excluding Goodwill": NaN,
        "Net Income From Continuing Operation Net Minority Interest": NaN,
        "Reconciled Depreciation": NaN,
        "Net Interest Income": NaN,
        "Interest Expense": NaN,
        "Interest Income": NaN,
        "Normalized Income": NaN,
        "Net Income From Continuing And Discontinued Operation": NaN,
        "Diluted Average Shares": NaN,
        "Basic Average Shares": NaN,
        "Diluted EPS": NaN,
        "Basic EPS": NaN,
        "Diluted NI Availto Com Stockholders": NaN,
        "Net Income Common Stockholders": NaN,
        "Net Income": NaN,
        "Net Income Including Noncontrolling Interests": NaN,
        "Net Income Continuous Operations": NaN,
        "Tax Provision": NaN,
        "Pretax Income": NaN,
        "Special Income Charges": NaN,
        "Other Special Charges": NaN,
        "Restructuring And Mergern Acquisition": NaN,
        "Gain On Sale Of Security": 0.0,
        "Depreciation Amortization Depletion Income Statement": NaN,
        "Depreciation And Amortization In Income Statement": NaN,
        "Amortization": NaN,
        "Amortization Of Intangibles Income Statement": NaN,
        "Selling General And Administration": NaN,
        "General And Administrative Expense": NaN,
        "Insurance And Claims": NaN,
        "Salaries And Wages": NaN,
        "Total Revenue": NaN,
        "Operating Revenue": NaN
    },
    "2022-06-30": {
        "Tax Effect Of Unusual Items": -63067.638082,
        "Tax Rate For Calcs": 0.261691,
        "Total Unusual Items": -241000.0,
        "Total Unusual Items Excluding Goodwill": -241000.0,
        "Net Income From Continuing Operation Net Minority Interest": 7499000.0,
        "Reconciled Depreciation": 511000.0,
        "Net Interest Income": 24618000.0,
        "Interest Expense": 2052000.0,
        "Interest Income": 26670000.0,
        "Normalized Income": 7676932.361918,
        "Net Income From Continuing And Discontinued Operation": 7499000.0,
        "Diluted Average Shares": 19847000.0,
        "Basic Average Shares": 19847000.0,
        "Diluted EPS": 0.38,
        "Basic EPS": 0.38,
        "Diluted NI Availto Com Stockholders": 7499000.0,
        "Net Income Common Stockholders": 7499000.0,
        "Net Income": 7499000.0,
        "Net Income Including Noncontrolling Interests": 7499000.0,
        "Net Income Continuous Operations": 7499000.0,
        "Tax Provision": 2658000.0,
        "Pretax Income": 10157000.0,
        "Special Income Charges": -241000.0,
        "Restructuring And Mergern Acquisition": 241000.0,
        "Gain On Sale Of Security": NaN,
        "Depreciation Amortization Depletion Income Statement": 511000.0,
        "Depreciation And Amortization In Income Statement": 511000.0,
        "Amortization": 511000.0,
        "Amortization Of Intangibles Income Statement": 511000.0,
        "Selling General And Administration": 11806000.0,
        "General And Administrative Expense": 11806000.0,
        "Other Gand A": 1668000.0,
        "Insurance And Claims": 429000.0,
        "Salaries And Wages": 11377000.0,
        "Total Revenue": 30451000.0,
        "Operating Revenue": 30451000.0
    },
    "2022-03-31": {
        "Diluted EPS": 0.28,
        "Total Revenue": 30,
        "Gross Profit": 28,
        "Operating Income": 8,
        "EBIT": NaN,
        "Net Income": 6
    },
    "2021-12-31": {
        "Diluted EPS": 0.1,
        "Total Revenue": 28,
        "Gross Profit": 26,
        "Operating Income": 4,
        "EBIT": NaN,
        "Net Income": 3
    },
    "2021-09-30": {
        "Diluted EPS": 0.39,
        "Total Revenue": 20,
        "Gross Profit": 18,
        "Operating Income": 6,
        "EBIT": NaN,
        "Net Income": 5
    },
    "2021-06-30": {
        "Diluted EPS": 0.34,
        "Total Revenue": 18,
        "Gross Profit": 17,
        "Operating Income": 5,
        "EBIT": NaN,
        "Net Income": 4
    },
    "2021-03-31": {
        "Diluted EPS": 0.34,
        "Total Revenue": 18,
        "Gross Profit": 16,
        "Operating Income": 5,
        "EBIT": NaN,
        "Net Income": 4
    },
    "2020-12-31": {
        "Diluted EPS": 0.32,
        "Total Revenue": 19,
        "Gross Profit": 17,
        "Operating Income": 5,
        "EBIT": NaN,
        "Net Income": 4
    },
    "2020-09-30": {
        "Diluted EPS": 0.27,
        "Total Revenue": 17,
        "Gross Profit": 16,
        "Operating Income": 5,
        "EBIT": NaN,
        "Net Income": 3
    },
    "2020-06-30": {
        "Diluted EPS": 0.43,
        "Total Revenue": 17,
        "Gross Profit": 16,
        "Operating Income": 7,
        "EBIT": NaN,
        "Net Income": 5
    },
    "2020-03-31": {
        "Diluted EPS": 0.25,
        "Total Revenue": 17,
        "Gross Profit": 15,
        "Operating Income": 4,
        "EBIT": NaN,
        "Net Income": 3
    },
    "2019-12-31": {
        "Diluted EPS": 0.32,
        "Total Revenue": 18,
        "Gross Profit": 15,
        "Operating Income": 5,
        "EBIT": NaN,
        "Net Income": 4
    },
    "2019-09-30": {
        "Diluted EPS": 0.33,
        "Total Revenue": 18,
        "Gross Profit": 15,
        "Operating Income": 6,
        "EBIT": NaN,
        "Net Income": 4
    },
    "2019-06-30": {
        "Diluted EPS": 0.33,
        "Total Revenue": 17,
        "Gross Profit": 15,
        "Operating Income": 6,
        "EBIT": NaN,
        "Net Income": 4
    },
    "2019-03-31": {
        "Diluted EPS": 0.29,
        "Total Revenue": 17,
        "Gross Profit": 15,
        "Operating Income": 5,
        "EBIT": NaN,
        "Net Income": 4
    },
    "2018-12-31": {
        "Diluted EPS": 0.95,
        "Total Revenue": 17,
        "Gross Profit": 15,
        "Operating Income": 5,
        "EBIT": NaN,
        "Net Income": 12
    },
    "2018-09-30": {
        "Diluted EPS": 0.35,
        "Total Revenue": 17,
        "Gross Profit": 15,
        "Operating Income": 6,
        "EBIT": NaN,
        "Net Income": 4
    },
    "2018-06-30": {
        "Diluted EPS": 0.34,
        "Total Revenue": 16,
        "Gross Profit": 15,
        "Operating Income": 6,
        "EBIT": NaN,
        "Net Income": 4
    },
    "2018-03-31": {
        "Diluted EPS": 0.32,
        "Total Revenue": 15,
        "Gross Profit": 14,
        "Operating Income": 4,
        "EBIT": NaN,
        "Net Income": 4
    },
    "2017-12-31": {
        "Diluted EPS": 0.21,
        "Total Revenue": 8,
        "Gross Profit": 7,
        "Operating Income": 4,
        "EBIT": NaN,
        "Net Income": 3
    },
    "2017-09-30": {
        "Diluted EPS": 0.27,
        "Total Revenue": 17,
        "Gross Profit": 17,
        "Operating Income": 6,
        "EBIT": NaN,
        "Net Income": 3
    },
    "2017-06-30": {
        "Diluted EPS": 0.19,
        "Total Revenue": 16,
        "Gross Profit": 15,
        "Operating Income": 4,
        "EBIT": NaN,
        "Net Income": 2
    },
    "2017-03-31": {
        "Diluted EPS": 0.22,
        "Total Revenue": 15,
        "Gross Profit": 15,
        "Operating Income": 5,
        "EBIT": NaN,
        "Net Income": 3
    },
    "2016-12-31": {
        "Diluted EPS": 0.2,
        "Total Revenue": 15,
        "Gross Profit": 14,
        "Operating Income": 5,
        "EBIT": NaN,
        "Net Income": 2
    },
    "2016-09-30": {
        "Diluted EPS": 0.19,
        "Total Revenue": 14,
        "Gross Profit": 14,
        "Operating Income": 4,
        "EBIT": NaN,
        "Net Income": 2
    },
    "2016-06-30": {
        "Diluted EPS": 0.18,
        "Total Revenue": 14,
        "Gross Profit": 13,
        "Operating Income": 4,
        "EBIT": NaN,
        "Net Income": 2
    },
    "2016-03-31": {
        "Diluted EPS": 0.19,
        "Total Revenue": 14,
        "Gross Profit": 14,
        "Operating Income": 4,
        "EBIT": NaN,
        "Net Income": 2
    },
    "2015-12-31": {
        "Diluted EPS": 0.17,
        "Total Revenue": 14,
        "Gross Profit": 13,
        "Operating Income": 4,
        "EBIT": NaN,
        "Net Income": 2
    },
    "2015-09-30": {
        "Diluted EPS": 0.15,
        "Total Revenue": 14,
        "Gross Profit": 13,
        "Operating Income": 3,
        "EBIT": NaN,
        "Net Income": 2
    },
    "2015-06-30": {
        "Diluted EPS": 0.13,
        "Total Revenue": 13,
        "Gross Profit": 12,
        "Operating Income": 3,
        "EBIT": NaN,
        "Net Income": 2
    },
    "2015-03-31": {
        "Diluted EPS": 0.11,
        "Total Revenue": 14,
        "Gross Profit": 13,
        "Operating Income": 2,
        "EBIT": NaN,
        "Net Income": 1
    },
    "2014-12-31": {
        "Diluted EPS": 0.08,
        "Total Revenue": 13,
        "Gross Profit": 12,
        "Operating Income": 2,
        "EBIT": NaN,
        "Net Income": 1
    },
    "2014-09-30": {
        "Diluted EPS": 0.1,
        "Total Revenue": 14,
        "Gross Profit": 13,
        "Operating Income": 2,
        "EBIT": NaN,
        "Net Income": 1
    },
    "2014-06-30": {
        "Diluted EPS": 0.13,
        "Total Revenue": 14,
        "Gross Profit": 13,
        "Operating Income": 2,
        "EBIT": NaN,
        "Net Income": 1
    },
    "2014-03-31": {
        "Diluted EPS": 0.15,
        "Total Revenue": 14,
        "Gross Profit": 13,
        "Operating Income": 2,
        "EBIT": NaN,
        "Net Income": 1
    },
    "2013-12-31": {
        "Diluted EPS": 0.14,
        "Total Revenue": 14,
        "Gross Profit": 13,
        "Operating Income": 2,
        "EBIT": NaN,
        "Net Income": 1
    },
    "2013-09-30": {
        "Diluted EPS": -1.35,
        "Total Revenue": 15,
        "Gross Profit": 14,
        "Operating Income": -19,
        "EBIT": NaN,
        "Net Income": -11
    },
    "2013-06-30": {
        "Diluted EPS": 0.04,
        "Total Revenue": 15,
        "Gross Profit": 13,
        "Operating Income": 1,
        "EBIT": NaN,
        "Net Income": 0
    },
    "2013-03-31": {
        "Diluted EPS": 0.03,
        "Total Revenue": 15,
        "Gross Profit": 13,
        "Operating Income": 1,
        "EBIT": NaN,
        "Net Income": 0
    },
    "2012-12-31": {
        "Diluted EPS": -0.59,
        "Total Revenue": 14,
        "Gross Profit": 11,
        "Operating Income": -8,
        "EBIT": NaN,
        "Net Income": -5
    },
    "2012-09-30": {
        "Diluted EPS": -0.22,
        "Total Revenue": 15,
        "Gross Profit": 13,
        "Operating Income": -3,
        "EBIT": NaN,
        "Net Income": -2
    },
    "2012-06-30": {
        "Diluted EPS": 0.03,
        "Total Revenue": 16,
        "Gross Profit": 14,
        "Operating Income": 1,
        "EBIT": NaN,
        "Net Income": 0
    },
    "2012-03-31": {
        "Diluted EPS": -0.36,
        "Total Revenue": 16,
        "Gross Profit": 14,
        "Operating Income": -5,
        "EBIT": NaN,
        "Net Income": -3
    },
    "2011-12-31": {
        "Diluted EPS": 0.04,
        "Total Revenue": 17,
        "Gross Profit": 14,
        "Operating Income": 1,
        "EBIT": NaN,
        "Net Income": 0
    },
    "2011-09-30": {
        "Diluted EPS": 0.01,
        "Total Revenue": 17,
        "Gross Profit": 15,
        "Operating Income": 2,
        "EBIT": NaN,
        "Net Income": 0
    },
    "2011-06-30": {
        "Diluted EPS": -0.03,
        "Total Revenue": 17,
        "Gross Profit": 14,
        "Operating Income": 0,
        "EBIT": NaN,
        "Net Income": 0
    },
    "2011-03-31": {
        "Diluted EPS": -0.13,
        "Total Revenue": 17,
        "Gross Profit": 14,
        "Operating Income": -2,
        "EBIT": NaN,
        "Net Income": -1
    },
    "2010-12-31": {
        "Diluted EPS": 0.11,
        "Total Revenue": 18,
        "Gross Profit": 15,
        "Operating Income": 2,
        "EBIT": NaN,
        "Net Income": 1
    },
    "2010-09-30": {
        "Diluted EPS": -0.17,
        "Total Revenue": 18,
        "Gross Profit": 15,
        "Operating Income": 2,
        "EBIT": NaN,
        "Net Income": -1
    },
    "2010-06-30": {
        "Diluted EPS": 0.05,
        "Total Revenue": 19,
        "Gross Profit": 15,
        "Operating Income": 1,
        "EBIT": NaN,
        "Net Income": 0
    },
    "2010-03-31": {
        "Diluted EPS": -0.19,
        "Total Revenue": 19,
        "Gross Profit": 15,
        "Operating Income": -3,
        "EBIT": NaN,
        "Net Income": -2
    },
    "2009-12-31": {
        "Diluted EPS": 0.15,
        "Total Revenue": 19,
        "Gross Profit": 15,
        "Operating Income": 2,
        "EBIT": NaN,
        "Net Income": 1
    },
    "2009-09-30": {
        "Diluted EPS": 0.23,
        "Total Revenue": 20,
        "Gross Profit": 15,
        "Operating Income": 3,
        "EBIT": NaN,
        "Net Income": 2
    },
    "2009-06-30": {
        "Diluted EPS": 0.04,
        "Total Revenue": 20,
        "Gross Profit": 15,
        "Operating Income": 3,
        "EBIT": NaN,
        "Net Income": 0
    },
    "2009-03-31": {
        "Diluted EPS": 0.22,
        "Total Revenue": 20,
        "Gross Profit": 15,
        "Operating Income": 4,
        "EBIT": NaN,
        "Net Income": 2
    },
    "2023-09-30": {
        "Tax Effect Of Unusual Items": -2050213.878327,
        "Tax Rate For Calcs": 0.338878,
        "Total Unusual Items": -6050000.0,
        "Total Unusual Items Excluding Goodwill": -6050000.0,
        "Net Income From Continuing Operation Net Minority Interest": -9737000.0,
        "Reconciled Depreciation": 4103000.0,
        "Net Interest Income": 45622000.0,
        "Interest Expense": 25626000.0,
        "Interest Income": 71248000.0,
        "Normalized Income": -5737213.878327,
        "Net Income From Continuing And Discontinued Operation": -9737000.0,
        "Diluted Average Shares": 33129000.0,
        "Basic Average Shares": 33129000.0,
        "Diluted EPS": -0.29,
        "Basic EPS": -0.29,
        "Diluted NI Availto Com Stockholders": -9737000.0,
        "Net Income Common Stockholders": -9737000.0,
        "Net Income": -9737000.0,
        "Net Income Including Noncontrolling Interests": -9737000.0,
        "Net Income Continuous Operations": -9737000.0,
        "Tax Provision": -4991000.0,
        "Pretax Income": -14728000.0,
        "Special Income Charges": -6050000.0,
        "Other Special Charges": NaN,
        "Restructuring And Mergern Acquisition": 6050000.0,
        "Gain On Sale Of Security": -2166000.0,
        "Depreciation Amortization Depletion Income Statement": 2634000.0,
        "Depreciation And Amortization In Income Statement": 2634000.0,
        "Amortization": 2634000.0,
        "Amortization Of Intangibles Income Statement": 2634000.0,
        "Selling General And Administration": 18703000.0,
        "General And Administrative Expense": 18703000.0,
        "Insurance And Claims": 618000.0,
        "Salaries And Wages": 18085000.0,
        "Total Revenue": 51790000.0,
        "Operating Revenue": 51790000.0,
        "Occupancy And Equipment": 2995000.0,
        "Professional Expense And Contract Services Expense": 1217000.0,
        "Other Non Interest Expense": 6743000.0
    },
    "2023-12-31": {
        "Tax Effect Of Unusual Items": -1424126.24406,
        "Tax Rate For Calcs": 0.360082,
        "Total Unusual Items": -3955000.0,
        "Total Unusual Items Excluding Goodwill": -3955000.0,
        "Net Income From Continuing Operation Net Minority Interest": 7137000.0,
        "Reconciled Depreciation": 4092000.0,
        "Net Interest Income": 41525000.0,
        "Interest Expense": 29611000.0,
        "Interest Income": 71136000.0,
        "Normalized Income": 9667873.75594,
        "Net Income From Continuing And Discontinued Operation": 7137000.0,
        "Diluted Average Shares": 33322000.0,
        "Basic Average Shares": 33322000.0,
        "Diluted EPS": 0.32,
        "Basic EPS": 0.32,
        "Diluted NI Availto Com Stockholders": 7137000.0,
        "Net Income Common Stockholders": 7137000.0,
        "Net Income": 7137000.0,
        "Net Income Including Noncontrolling Interests": 7137000.0,
        "Net Income Continuous Operations": 7137000.0,
        "Tax Provision": 4016000.0,
        "Pretax Income": 11153000.0,
        "Special Income Charges": -3955000.0,
        "Other Special Charges": NaN,
        "Restructuring And Mergern Acquisition": 3955000.0,
        "Gain On Sale Of Security": 0.0,
        "Depreciation Amortization Depletion Income Statement": 2595000.0,
        "Depreciation And Amortization In Income Statement": 2595000.0,
        "Amortization": 2595000.0,
        "Amortization Of Intangibles Income Statement": 2595000.0,
        "Selling General And Administration": 18371000.0,
        "General And Administrative Expense": 18371000.0,
        "Insurance And Claims": 1732000.0,
        "Salaries And Wages": 16639000.0,
        "Total Revenue": 49071000.0,
        "Operating Revenue": 49071000.0,
        "Occupancy And Equipment": 3118000.0,
        "Professional Expense And Contract Services Expense": 1411000.0,
        "Other Non Interest Expense": 7571000.0
    },
    "2024-03-31": {
        "Tax Effect Of Unusual Items": -1026456.0,
        "Tax Rate For Calcs": 0.228,
        "Total Unusual Items": -4502000.0,
        "Total Unusual Items Excluding Goodwill": -4502000.0,
        "Net Income From Continuing Operation Net Minority Interest": 8184000.0,
        "Reconciled Depreciation": 4099000.0,
        "Net Interest Income": 41135000.0,
        "Interest Expense": 30004000.0,
        "Interest Income": 71139000.0,
        "Normalized Income": 11659544.0,
        "Net Income From Continuing And Discontinued Operation": 8184000.0,
        "Diluted Average Shares": 33191000.0,
        "Basic Average Shares": 33189000.0,
        "Diluted EPS": 0.25,
        "Basic EPS": 0.25,
        "Diluted NI Availto Com Stockholders": 8184000.0,
        "Net Income Common Stockholders": 8184000.0,
        "Net Income": 8184000.0,
        "Net Income Including Noncontrolling Interests": 8184000.0,
        "Net Income Continuous Operations": 8184000.0,
        "Tax Provision": 2413000.0,
        "Pretax Income": 10597000.0,
        "Special Income Charges": -4502000.0,
        "Other Special Charges": 4502000.0,
        "Restructuring And Mergern Acquisition": 0.0,
        "Gain On Sale Of Security": NaN,
        "Depreciation Amortization Depletion Income Statement": 2576000.0,
        "Depreciation And Amortization In Income Statement": 2576000.0,
        "Amortization": 2576000.0,
        "Amortization Of Intangibles Income Statement": 2576000.0,
        "Selling General And Administration": 17394000.0,
        "General And Administrative Expense": 17394000.0,
        "Insurance And Claims": 1150000.0,
        "Salaries And Wages": 16244000.0,
        "Total Revenue": 47702000.0,
        "Operating Revenue": 47702000.0,
        "Occupancy And Equipment": 3320000.0,
        "Professional Expense And Contract Services Expense": 1599000.0,
        "Other Non Interest Expense": 7307000.0
    }
}