{
    "2023-03-31": {
        "Tax Effect Of Unusual Items": NaN,
        "Tax Rate For Calcs": NaN,
        "Normalized EBITDA": NaN,
        "Total Unusual Items": NaN,
        "Total Unusual Items Excluding Goodwill": NaN,
        "Net Income From Continuing Operation Net Minority Interest": NaN,
        "Reconciled Depreciation": NaN,
        "Reconciled Cost Of Revenue": NaN,
        "EBITDA": NaN,
        "EBIT": NaN,
        "Net Interest Income": NaN,
        "Interest Expense": NaN,
        "Normalized Income": NaN,
        "Net Income From Continuing And Discontinued Operation": NaN,
        "Total Expenses": NaN,
        "Total Operating Income As Reported": NaN,
        "Diluted Average Shares": NaN,
        "Basic Average Shares": NaN,
        "Diluted EPS": NaN,
        "Basic EPS": NaN,
        "Diluted NI Availto Com Stockholders": NaN,
        "Net Income Common Stockholders": NaN,
        "Otherunder Preferred Stock Dividend": 18000.0,
        "Net Income": NaN,
        "Net Income Including Noncontrolling Interests": NaN,
        "Net Income Continuous Operations": NaN,
        "Tax Provision": NaN,
        "Pretax Income": NaN,
        "Other Income Expense": NaN,
        "Other Non Operating Income Expenses": NaN,
        "Special Income Charges": NaN,
        "Other Special Charges": NaN,
        "Write Off": NaN,
        "Gain On Sale Of Security": NaN,
        "Net Non Operating Interest Income Expense": NaN,
        "Interest Expense Non Operating": NaN,
        "Operating Income": NaN,
        "Operating Expense": NaN,
        "Depreciation Amortization Depletion Income Statement": NaN,
        "Depreciation And Amortization In Income Statement": NaN,
        "Amortization": NaN,
        "Amortization Of Intangibles Income Statement": NaN,
        "Selling General And Administration": NaN,
        "Gross Profit": NaN,
        "Cost Of Revenue": NaN,
        "Total Revenue": NaN,
        "Operating Revenue": NaN
    },
    "2022-12-31": {
        "Tax Effect Of Unusual Items": NaN,
        "Tax Rate For Calcs": NaN,
        "Normalized EBITDA": NaN,
        "Total Unusual Items": NaN,
        "Total Unusual Items Excluding Goodwill": NaN,
        "Net Income From Continuing Operation Net Minority Interest": NaN,
        "Reconciled Depreciation": NaN,
        "Reconciled Cost Of Revenue": NaN,
        "EBITDA": NaN,
        "EBIT": NaN,
        "Net Interest Income": NaN,
        "Interest Expense": NaN,
        "Normalized Income": NaN,
        "Net Income From Continuing And Discontinued Operation": NaN,
        "Total Expenses": NaN,
        "Total Operating Income As Reported": NaN,
        "Diluted Average Shares": NaN,
        "Basic Average Shares": NaN,
        "Diluted EPS": NaN,
        "Basic EPS": NaN,
        "Diluted NI Availto Com Stockholders": NaN,
        "Net Income Common Stockholders": NaN,
        "Otherunder Preferred Stock Dividend": NaN,
        "Net Income": NaN,
        "Minority Interests": 0.0,
        "Net Income Including Noncontrolling Interests": NaN,
        "Net Income Continuous Operations": NaN,
        "Tax Provision": NaN,
        "Pretax Income": NaN,
        "Other Income Expense": NaN,
        "Other Non Operating Income Expenses": NaN,
        "Special Income Charges": -408000000.0,
        "Other Special Charges": NaN,
        "Write Off": 0.0,
        "Gain On Sale Of Security": NaN,
        "Net Non Operating Interest Income Expense": NaN,
        "Interest Expense Non Operating": NaN,
        "Operating Income": NaN,
        "Operating Expense": NaN,
        "Depreciation Amortization Depletion Income Statement": NaN,
        "Depreciation And Amortization In Income Statement": NaN,
        "Amortization": NaN,
        "Amortization Of Intangibles Income Statement": NaN,
        "Selling General And Administration": NaN,
        "Gross Profit": NaN,
        "Cost Of Revenue": NaN,
        "Total Revenue": NaN,
        "Operating Revenue": NaN
    },
    "2022-09-30": {
        "Tax Effect Of Unusual Items": NaN,
        "Tax Rate For Calcs": NaN,
        "Normalized EBITDA": NaN,
        "Total Unusual Items": NaN,
        "Total Unusual Items Excluding Goodwill": NaN,
        "Net Income From Continuing Operation Net Minority Interest": NaN,
        "Reconciled Depreciation": NaN,
        "Reconciled Cost Of Revenue": NaN,
        "EBITDA": NaN,
        "EBIT": NaN,
        "Net Interest Income": NaN,
        "Interest Expense": NaN,
        "Normalized Income": NaN,
        "Net Income From Continuing And Discontinued Operation": NaN,
        "Total Expenses": NaN,
        "Total Operating Income As Reported": NaN,
        "Diluted Average Shares": NaN,
        "Basic Average Shares": NaN,
        "Diluted EPS": NaN,
        "Basic EPS": NaN,
        "Diluted NI Availto Com Stockholders": NaN,
        "Net Income Common Stockholders": NaN,
        "Otherunder Preferred Stock Dividend": 223000.0,
        "Net Income": NaN,
        "Minority Interests": 0.0,
        "Net Income Including Noncontrolling Interests": NaN,
        "Net Income Continuous Operations": NaN,
        "Tax Provision": NaN,
        "Pretax Income": NaN,
        "Other Income Expense": NaN,
        "Other Non Operating Income Expenses": NaN,
        "Special Income Charges": 0.0,
        "Other Special Charges": NaN,
        "Write Off": 0.0,
        "Gain On Sale Of Security": NaN,
        "Net Non Operating Interest Income Expense": NaN,
        "Interest Expense Non Operating": NaN,
        "Operating Income": NaN,
        "Operating Expense": NaN,
        "Depreciation Amortization Depletion Income Statement": NaN,
        "Depreciation And Amortization In Income Statement": NaN,
        "Amortization": NaN,
        "Amortization Of Intangibles Income Statement": NaN,
        "Selling General And Administration": NaN,
        "Gross Profit": NaN,
        "Cost Of Revenue": NaN,
        "Total Revenue": NaN,
        "Operating Revenue": NaN
    },
    "2022-06-30": {
        "Tax Effect Of Unusual Items": -3259744.0,
        "Tax Rate For Calcs": 0.368,
        "Normalized EBITDA": 107950000.0,
        "Total Unusual Items": -8858000.0,
        "Total Unusual Items Excluding Goodwill": -8858000.0,
        "Net Income From Continuing Operation Net Minority Interest": 30418000.0,
        "Reconciled Depreciation": 36940000.0,
        "Reconciled Cost Of Revenue": 95072000.0,
        "EBITDA": 99092000.0,
        "EBIT": 62152000.0,
        "Net Interest Income": -14044000.0,
        "Interest Expense": 14044000.0,
        "Normalized Income": 36016256.0,
        "Net Income From Continuing And Discontinued Operation": 30418000.0,
        "Total Expenses": 195144000.0,
        "Total Operating Income As Reported": 71495000.0,
        "Diluted Average Shares": 280171000.0,
        "Basic Average Shares": 279990000.0,
        "Diluted EPS": 0.11,
        "Basic EPS": 0.11,
        "Diluted NI Availto Com Stockholders": 30418000.0,
        "Net Income Common Stockholders": 30418000.0,
        "Otherunder Preferred Stock Dividend": NaN,
        "Net Income": 30418000.0,
        "Minority Interests": 0.0,
        "Net Income Including Noncontrolling Interests": 30418000.0,
        "Net Income Continuous Operations": 30418000.0,
        "Tax Provision": 17690000.0,
        "Pretax Income": 48108000.0,
        "Other Income Expense": -9343000.0,
        "Other Non Operating Income Expenses": -485000.0,
        "Special Income Charges": -9613000.0,
        "Other Special Charges": NaN,
        "Write Off": 9613000.0,
        "Gain On Sale Of Security": 755000.0,
        "Net Non Operating Interest Income Expense": -14044000.0,
        "Interest Expense Non Operating": 14044000.0,
        "Operating Income": 71495000.0,
        "Operating Expense": 78901000.0,
        "Depreciation Amortization Depletion Income Statement": 15769000.0,
        "Depreciation And Amortization In Income Statement": 15769000.0,
        "Amortization": 15769000.0,
        "Amortization Of Intangibles Income Statement": 15769000.0,
        "Selling General And Administration": 63132000.0,
        "Gross Profit": 150396000.0,
        "Cost Of Revenue": 116243000.0,
        "Total Revenue": 266639000.0,
        "Operating Revenue": 266639000.0
    },
    "2023-06-30": {
        "Tax Effect Of Unusual Items": -147947.803393,
        "Tax Rate For Calcs": 0.318167,
        "Normalized EBITDA": 105168000.0,
        "Total Unusual Items": -465000.0,
        "Total Unusual Items Excluding Goodwill": -465000.0,
        "Net Income From Continuing Operation Net Minority Interest": 23513000.0,
        "Reconciled Depreciation": 39490000.0,
        "Reconciled Cost Of Revenue": 92301000.0,
        "EBITDA": 104703000.0,
        "EBIT": 65213000.0,
        "Net Interest Income": -30728000.0,
        "Interest Expense": 30728000.0,
        "Normalized Income": 23830052.196607,
        "Net Income From Continuing And Discontinued Operation": 23513000.0,
        "Total Expenses": 192078000.0,
        "Total Operating Income As Reported": 63204000.0,
        "Diluted Average Shares": 283147000.0,
        "Basic Average Shares": 280893000.0,
        "Diluted EPS": 0.08,
        "Basic EPS": 0.08,
        "Diluted NI Availto Com Stockholders": 23376000.0,
        "Net Income Common Stockholders": 23376000.0,
        "Otherunder Preferred Stock Dividend": 137000.0,
        "Net Income": 23513000.0,
        "Net Income Including Noncontrolling Interests": 23513000.0,
        "Net Income Continuous Operations": 23513000.0,
        "Tax Provision": 10972000.0,
        "Pretax Income": 34485000.0,
        "Other Income Expense": 2009000.0,
        "Other Non Operating Income Expenses": 2474000.0,
        "Special Income Charges": 0.0,
        "Other Special Charges": NaN,
        "Write Off": 0.0,
        "Gain On Sale Of Security": -465000.0,
        "Net Non Operating Interest Income Expense": -30728000.0,
        "Interest Expense Non Operating": 30728000.0,
        "Operating Income": 63204000.0,
        "Operating Expense": 76384000.0,
        "Depreciation Amortization Depletion Income Statement": 16097000.0,
        "Depreciation And Amortization In Income Statement": 16097000.0,
        "Amortization": 16097000.0,
        "Amortization Of Intangibles Income Statement": 16097000.0,
        "Selling General And Administration": 60287000.0,
        "Gross Profit": 139588000.0,
        "Cost Of Revenue": 115694000.0,
        "Total Revenue": 255282000.0,
        "Operating Revenue": 255282000.0
    },
    "2022-03-31": {
        "Diluted EPS": 0.11,
        "Total Revenue": 237,
        "Gross Profit": 129,
        "Operating Income": 53,
        "EBIT": 91,
        "Net Income": 31
    },
    "2021-12-31": {
        "Diluted EPS": 0.12,
        "Total Revenue": 241,
        "Gross Profit": 134,
        "Operating Income": 66,
        "EBIT": 106,
        "Net Income": 36
    },
    "2021-09-30": {
        "Diluted EPS": 0.1,
        "Total Revenue": 226,
        "Gross Profit": 126,
        "Operating Income": 66,
        "EBIT": 105,
        "Net Income": 27
    },
    "2021-06-30": {
        "Diluted EPS": 0.15,
        "Total Revenue": 252,
        "Gross Profit": 144,
        "Operating Income": 78,
        "EBIT": 117,
        "Net Income": 43
    },
    "2021-03-31": {
        "Diluted EPS": 0.04,
        "Total Revenue": 212,
        "Gross Profit": 115,
        "Operating Income": 46,
        "EBIT": 86,
        "Net Income": 11
    },
    "2020-12-31": {
        "Diluted EPS": -0.17,
        "Total Revenue": 217,
        "Gross Profit": 121,
        "Operating Income": 52,
        "EBIT": 92,
        "Net Income": -44
    },
    "2020-09-30": {
        "Diluted EPS": 0.0,
        "Total Revenue": 200,
        "Gross Profit": 108,
        "Operating Income": 47,
        "EBIT": 86,
        "Net Income": 0
    },
    "2020-06-30": {
        "Diluted EPS": 0.03,
        "Total Revenue": 213,
        "Gross Profit": 119,
        "Operating Income": 62,
        "EBIT": 100,
        "Net Income": 7
    },
    "2020-03-31": {
        "Diluted EPS": -0.01,
        "Total Revenue": 188,
        "Gross Profit": 97,
        "Operating Income": 45,
        "EBIT": 84,
        "Net Income": -2
    },
    "2019-12-31": {
        "Diluted EPS": 0.0,
        "Total Revenue": NaN,
        "Gross Profit": NaN,
        "Operating Income": NaN,
        "EBIT": NaN,
        "Net Income": NaN
    },
    "2018-12-31": {
        "Diluted EPS": 0.0,
        "Total Revenue": NaN,
        "Gross Profit": NaN,
        "Operating Income": NaN,
        "EBIT": NaN,
        "Net Income": NaN
    },
    "2023-09-30": {
        "Tax Effect Of Unusual Items": -7260540.0,
        "Tax Rate For Calcs": 0.21,
        "Normalized EBITDA": 113846000.0,
        "Total Unusual Items": -34574000.0,
        "Total Unusual Items Excluding Goodwill": -34574000.0,
        "Net Income From Continuing Operation Net Minority Interest": -13660000.0,
        "Reconciled Depreciation": 38175000.0,
        "Reconciled Cost Of Revenue": 94792000.0,
        "EBITDA": 79272000.0,
        "EBIT": 41097000.0,
        "Net Interest Income": -40627000.0,
        "Interest Expense": 40627000.0,
        "Normalized Income": 13653460.0,
        "Net Income From Continuing And Discontinued Operation": -13660000.0,
        "Total Expenses": 187079000.0,
        "Total Operating Income As Reported": 76098000.0,
        "Diluted Average Shares": 281105000.0,
        "Basic Average Shares": 281105000.0,
        "Diluted EPS": -0.05,
        "Basic EPS": -0.05,
        "Diluted NI Availto Com Stockholders": -13660000.0,
        "Net Income Common Stockholders": -13660000.0,
        "Otherunder Preferred Stock Dividend": 0.0,
        "Net Income": -13660000.0,
        "Net Income Including Noncontrolling Interests": -13660000.0,
        "Net Income Continuous Operations": -13660000.0,
        "Tax Provision": 14130000.0,
        "Pretax Income": 470000.0,
        "Other Income Expense": -35001000.0,
        "Other Non Operating Income Expenses": -427000.0,
        "Special Income Charges": -35000000.0,
        "Other Special Charges": 35000000.0,
        "Write Off": 0.0,
        "Gain On Sale Of Security": 426000.0,
        "Net Non Operating Interest Income Expense": -40627000.0,
        "Interest Expense Non Operating": 40627000.0,
        "Operating Income": 76098000.0,
        "Operating Expense": 69886000.0,
        "Depreciation Amortization Depletion Income Statement": 15774000.0,
        "Depreciation And Amortization In Income Statement": 15774000.0,
        "Amortization": 15774000.0,
        "Amortization Of Intangibles Income Statement": 15774000.0,
        "Selling General And Administration": 54112000.0,
        "Gross Profit": 145984000.0,
        "Cost Of Revenue": 117193000.0,
        "Total Revenue": 263177000.0,
        "Operating Revenue": 263177000.0
    },
    "2023-12-31": {
        "Tax Effect Of Unusual Items": 47670.0,
        "Tax Rate For Calcs": 0.21,
        "Normalized EBITDA": 148818000.0,
        "Total Unusual Items": 227000.0,
        "Total Unusual Items Excluding Goodwill": 227000.0,
        "Net Income From Continuing Operation Net Minority Interest": 38681000.0,
        "Reconciled Depreciation": 40722000.0,
        "Reconciled Cost Of Revenue": 105135000.0,
        "EBITDA": 149045000.0,
        "EBIT": 108323000.0,
        "Net Interest Income": -42653000.0,
        "Interest Expense": 42653000.0,
        "Normalized Income": 38501670.0,
        "Net Income From Continuing And Discontinued Operation": 38681000.0,
        "Total Expenses": 206215000.0,
        "Total Operating Income As Reported": 104024000.0,
        "Diluted Average Shares": 283339000.0,
        "Basic Average Shares": 281335000.0,
        "Diluted EPS": 0.14,
        "Basic EPS": 0.14,
        "Diluted NI Availto Com Stockholders": 38755000.0,
        "Net Income Common Stockholders": 38755000.0,
        "Otherunder Preferred Stock Dividend": NaN,
        "Net Income": 38681000.0,
        "Net Income Including Noncontrolling Interests": 38681000.0,
        "Net Income Continuous Operations": 38681000.0,
        "Tax Provision": 26989000.0,
        "Pretax Income": 65670000.0,
        "Other Income Expense": 4299000.0,
        "Other Non Operating Income Expenses": 4072000.0,
        "Special Income Charges": 0.0,
        "Other Special Charges": 0.0,
        "Write Off": 0.0,
        "Gain On Sale Of Security": 227000.0,
        "Net Non Operating Interest Income Expense": -42653000.0,
        "Interest Expense Non Operating": 42653000.0,
        "Operating Income": 104024000.0,
        "Operating Expense": 76059000.0,
        "Depreciation Amortization Depletion Income Statement": 15701000.0,
        "Depreciation And Amortization In Income Statement": 15701000.0,
        "Amortization": 15701000.0,
        "Amortization Of Intangibles Income Statement": 15701000.0,
        "Selling General And Administration": 60358000.0,
        "Gross Profit": 180083000.0,
        "Cost Of Revenue": 130156000.0,
        "Total Revenue": 310239000.0,
        "Operating Revenue": 310239000.0
    },
    "2024-03-31": {
        "Tax Effect Of Unusual Items": 120120.0,
        "Tax Rate For Calcs": 0.21,
        "Normalized EBITDA": 92643000.0,
        "Total Unusual Items": 572000.0,
        "Total Unusual Items Excluding Goodwill": 572000.0,
        "Net Income From Continuing Operation Net Minority Interest": 6323000.0,
        "Reconciled Depreciation": 40430000.0,
        "Reconciled Cost Of Revenue": 96363000.0,
        "EBITDA": 93215000.0,
        "EBIT": 52785000.0,
        "Net Interest Income": -41771000.0,
        "Interest Expense": 41771000.0,
        "Normalized Income": 5871120.0,
        "Net Income From Continuing And Discontinued Operation": 6323000.0,
        "Total Expenses": 195002000.0,
        "Total Operating Income As Reported": 53174000.0,
        "Diluted Average Shares": 284062000.0,
        "Basic Average Shares": 281913000.0,
        "Diluted EPS": 0.02,
        "Basic EPS": 0.02,
        "Diluted NI Availto Com Stockholders": 6301000.0,
        "Net Income Common Stockholders": 6301000.0,
        "Otherunder Preferred Stock Dividend": 22000.0,
        "Net Income": 6323000.0,
        "Net Income Including Noncontrolling Interests": 6323000.0,
        "Net Income Continuous Operations": 6323000.0,
        "Tax Provision": 4691000.0,
        "Pretax Income": 11014000.0,
        "Other Income Expense": -389000.0,
        "Other Non Operating Income Expenses": -961000.0,
        "Special Income Charges": NaN,
        "Other Special Charges": NaN,
        "Write Off": NaN,
        "Gain On Sale Of Security": 572000.0,
        "Net Non Operating Interest Income Expense": -41771000.0,
        "Interest Expense Non Operating": 41771000.0,
        "Operating Income": 53174000.0,
        "Operating Expense": 73941000.0,
        "Depreciation Amortization Depletion Income Statement": 15732000.0,
        "Depreciation And Amortization In Income Statement": 15732000.0,
        "Amortization": 15732000.0,
        "Amortization Of Intangibles Income Statement": 15732000.0,
        "Selling General And Administration": 58209000.0,
        "Gross Profit": 127115000.0,
        "Cost Of Revenue": 121061000.0,
        "Total Revenue": 248176000.0,
        "Operating Revenue": 248176000.0
    },
    "2024-06-30": {
        "Tax Effect Of Unusual Items": -4785690.0,
        "Tax Rate For Calcs": 0.21,
        "Normalized EBITDA": 118149000.0,
        "Total Unusual Items": -22789000.0,
        "Total Unusual Items Excluding Goodwill": -22789000.0,
        "Net Income From Continuing Operation Net Minority Interest": 8754000.0,
        "Reconciled Depreciation": 39830000.0,
        "Reconciled Cost Of Revenue": 99390000.0,
        "EBITDA": 95360000.0,
        "EBIT": 55530000.0,
        "Net Interest Income": -40388000.0,
        "Interest Expense": 40388000.0,
        "Normalized Income": 26757310.0,
        "Net Income From Continuing And Discontinued Operation": 8754000.0,
        "Total Expenses": 199795000.0,
        "Total Operating Income As Reported": 76799000.0,
        "Diluted Average Shares": 284541000.0,
        "Basic Average Shares": 282894000.0,
        "Diluted EPS": 0.03,
        "Basic EPS": 0.03,
        "Diluted NI Availto Com Stockholders": 8747000.0,
        "Net Income Common Stockholders": 8747000.0,
        "Otherunder Preferred Stock Dividend": 7000.0,
        "Net Income": 8754000.0,
        "Net Income Including Noncontrolling Interests": 8754000.0,
        "Net Income Continuous Operations": 8754000.0,
        "Tax Provision": 6388000.0,
        "Pretax Income": 15142000.0,
        "Other Income Expense": -21269000.0,
        "Other Non Operating Income Expenses": 1520000.0,
        "Special Income Charges": -23400000.0,
        "Other Special Charges": 23400000.0,
        "Write Off": NaN,
        "Gain On Sale Of Security": 611000.0,
        "Net Non Operating Interest Income Expense": -40388000.0,
        "Interest Expense Non Operating": 40388000.0,
        "Operating Income": 76799000.0,
        "Operating Expense": 75992000.0,
        "Depreciation Amortization Depletion Income Statement": 15417000.0,
        "Depreciation And Amortization In Income Statement": 15417000.0,
        "Amortization": 15417000.0,
        "Amortization Of Intangibles Income Statement": 15417000.0,
        "Selling General And Administration": 60575000.0,
        "Gross Profit": 152791000.0,
        "Cost Of Revenue": 123803000.0,
        "Total Revenue": 276594000.0,
        "Operating Revenue": 276594000.0
    }
}