{
    "2023-03-31": {
        "Tax Effect Of Unusual Items": 28980.0,
        "Tax Rate For Calcs": 0.21,
        "Normalized EBITDA": -19901000.0,
        "Total Unusual Items": 138000.0,
        "Total Unusual Items Excluding Goodwill": 138000.0,
        "Net Income From Continuing Operation Net Minority Interest": -34659000.0,
        "Reconciled Depreciation": 14781000.0,
        "Reconciled Cost Of Revenue": 67890000.0,
        "EBITDA": -19763000.0,
        "EBIT": -34544000.0,
        "Net Interest Income": 1250000.0,
        "Interest Expense": 430000.0,
        "Interest Income": 1680000.0,
        "Normalized Income": -34768020.0,
        "Net Income From Continuing And Discontinued Operation": -34659000.0,
        "Total Expenses": 152948000.0,
        "Total Operating Income As Reported": -36653000.0,
        "Diluted Average Shares": 352923217.0,
        "Basic Average Shares": 352923217.0,
        "Diluted EPS": -0.1,
        "Basic EPS": -0.1,
        "Diluted NI Availto Com Stockholders": -34659000.0,
        "Net Income Common Stockholders": -34659000.0,
        "Net Income": -34659000.0,
        "Minority Interests": 346000.0,
        "Net Income Including Noncontrolling Interests": -35005000.0,
        "Net Income Continuous Operations": -35005000.0,
        "Tax Provision": 31000.0,
        "Pretax Income": -34974000.0,
        "Other Income Expense": 429000.0,
        "Other Non Operating Income Expenses": 291000.0,
        "Special Income Charges": 138000.0,
        "Restructuring And Mergern Acquisition": -138000.0,
        "Gain On Sale Of Security": NaN,
        "Net Non Operating Interest Income Expense": 1250000.0,
        "Interest Expense Non Operating": 430000.0,
        "Interest Income Non Operating": 1680000.0,
        "Operating Income": -36653000.0,
        "Operating Expense": 85058000.0,
        "Depreciation Amortization Depletion Income Statement": 14781000.0,
        "Depreciation And Amortization In Income Statement": 14781000.0,
        "Research And Development": 20808000.0,
        "Selling General And Administration": 49469000.0,
        "Selling And Marketing Expense": 15348000.0,
        "General And Administrative Expense": 34121000.0,
        "Other Gand A": 34121000.0,
        "Gross Profit": 48405000.0,
        "Cost Of Revenue": 67890000.0,
        "Total Revenue": 116295000.0,
        "Operating Revenue": 116295000.0
    },
    "2022-12-31": {
        "Tax Effect Of Unusual Items": NaN,
        "Tax Rate For Calcs": NaN,
        "Normalized EBITDA": NaN,
        "Total Unusual Items": NaN,
        "Total Unusual Items Excluding Goodwill": NaN,
        "Net Income From Continuing Operation Net Minority Interest": NaN,
        "Reconciled Depreciation": NaN,
        "Reconciled Cost Of Revenue": NaN,
        "EBITDA": NaN,
        "EBIT": NaN,
        "Net Interest Income": NaN,
        "Interest Expense": NaN,
        "Interest Income": NaN,
        "Normalized Income": NaN,
        "Net Income From Continuing And Discontinued Operation": NaN,
        "Total Expenses": NaN,
        "Total Operating Income As Reported": NaN,
        "Diluted Average Shares": NaN,
        "Basic Average Shares": NaN,
        "Diluted EPS": NaN,
        "Basic EPS": NaN,
        "Diluted NI Availto Com Stockholders": NaN,
        "Net Income Common Stockholders": NaN,
        "Net Income": NaN,
        "Minority Interests": NaN,
        "Net Income Including Noncontrolling Interests": NaN,
        "Net Income Continuous Operations": NaN,
        "Tax Provision": NaN,
        "Pretax Income": NaN,
        "Other Income Expense": NaN,
        "Other Non Operating Income Expenses": NaN,
        "Special Income Charges": NaN,
        "Restructuring And Mergern Acquisition": NaN,
        "Gain On Sale Of Security": 1745000.0,
        "Net Non Operating Interest Income Expense": NaN,
        "Interest Expense Non Operating": NaN,
        "Interest Income Non Operating": NaN,
        "Operating Income": NaN,
        "Operating Expense": NaN,
        "Depreciation Amortization Depletion Income Statement": NaN,
        "Depreciation And Amortization In Income Statement": NaN,
        "Research And Development": NaN,
        "Selling General And Administration": NaN,
        "Selling And Marketing Expense": NaN,
        "General And Administrative Expense": NaN,
        "Other Gand A": NaN,
        "Gross Profit": NaN,
        "Cost Of Revenue": NaN,
        "Total Revenue": NaN,
        "Operating Revenue": NaN
    },
    "2022-09-30": {
        "Tax Effect Of Unusual Items": -66457.044184,
        "Tax Rate For Calcs": 0.022323,
        "Normalized EBITDA": -12509000.0,
        "Total Unusual Items": -2977000.0,
        "Total Unusual Items Excluding Goodwill": -2977000.0,
        "Net Income From Continuing Operation Net Minority Interest": -27357000.0,
        "Reconciled Depreciation": 12053000.0,
        "Reconciled Cost Of Revenue": 60322000.0,
        "EBITDA": -15486000.0,
        "EBIT": -27539000.0,
        "Net Interest Income": -229000.0,
        "Interest Expense": 548000.0,
        "Interest Income": 319000.0,
        "Normalized Income": -24446457.044184,
        "Net Income From Continuing And Discontinued Operation": -27357000.0,
        "Total Expenses": 140095000.0,
        "Total Operating Income As Reported": -25476000.0,
        "Diluted Average Shares": 349615224.0,
        "Basic Average Shares": 349615224.0,
        "Diluted EPS": -0.08,
        "Basic EPS": -0.08,
        "Diluted NI Availto Com Stockholders": -27357000.0,
        "Net Income Common Stockholders": -27357000.0,
        "Net Income": -27357000.0,
        "Minority Interests": 103000.0,
        "Net Income Including Noncontrolling Interests": -27460000.0,
        "Net Income Continuous Operations": -27460000.0,
        "Tax Provision": -627000.0,
        "Pretax Income": -28087000.0,
        "Other Income Expense": -2382000.0,
        "Other Non Operating Income Expenses": 595000.0,
        "Special Income Charges": -2121000.0,
        "Restructuring And Mergern Acquisition": 2121000.0,
        "Gain On Sale Of Security": -856000.0,
        "Net Non Operating Interest Income Expense": -229000.0,
        "Interest Expense Non Operating": 548000.0,
        "Interest Income Non Operating": 319000.0,
        "Operating Income": -25476000.0,
        "Operating Expense": 79773000.0,
        "Depreciation Amortization Depletion Income Statement": 12053000.0,
        "Depreciation And Amortization In Income Statement": 12053000.0,
        "Research And Development": 17136000.0,
        "Selling General And Administration": 50584000.0,
        "Selling And Marketing Expense": 12032000.0,
        "General And Administrative Expense": 38552000.0,
        "Other Gand A": 38552000.0,
        "Gross Profit": 54297000.0,
        "Cost Of Revenue": 60322000.0,
        "Total Revenue": 114619000.0,
        "Operating Revenue": 114619000.0
    },
    "2022-06-30": {
        "Tax Effect Of Unusual Items": 2549600.0,
        "Tax Rate For Calcs": 0.4,
        "Normalized EBITDA": -24186000.0,
        "Total Unusual Items": 6374000.0,
        "Total Unusual Items Excluding Goodwill": 6374000.0,
        "Net Income From Continuing Operation Net Minority Interest": -29025000.0,
        "Reconciled Depreciation": 10900000.0,
        "Reconciled Cost Of Revenue": 53239000.0,
        "EBITDA": -17812000.0,
        "EBIT": -28713000.0,
        "Net Interest Income": -437000.0,
        "Interest Expense": 539000.0,
        "Interest Income": 102000.0,
        "Normalized Income": -32849400.0,
        "Net Income From Continuing And Discontinued Operation": -29025000.0,
        "Total Expenses": 139465000.0,
        "Total Operating Income As Reported": -35642000.0,
        "Diluted Average Shares": 347334401.0,
        "Basic Average Shares": 347334401.0,
        "Diluted EPS": -0.08,
        "Basic EPS": -0.08,
        "Diluted NI Availto Com Stockholders": -29025000.0,
        "Net Income Common Stockholders": -29025000.0,
        "Net Income": -29025000.0,
        "Minority Interests": 496000.0,
        "Net Income Including Noncontrolling Interests": -29521000.0,
        "Net Income Continuous Operations": -29521000.0,
        "Tax Provision": 269000.0,
        "Pretax Income": -29252000.0,
        "Other Income Expense": 6827000.0,
        "Other Non Operating Income Expenses": 453000.0,
        "Special Income Charges": 4475000.0,
        "Restructuring And Mergern Acquisition": -4475000.0,
        "Gain On Sale Of Security": 1899000.0,
        "Net Non Operating Interest Income Expense": -437000.0,
        "Interest Expense Non Operating": 539000.0,
        "Interest Income Non Operating": 102000.0,
        "Operating Income": -35642000.0,
        "Operating Expense": 86227000.0,
        "Depreciation Amortization Depletion Income Statement": 10901000.0,
        "Depreciation And Amortization In Income Statement": 10901000.0,
        "Research And Development": 17680000.0,
        "Selling General And Administration": 57646000.0,
        "Selling And Marketing Expense": 14155000.0,
        "General And Administrative Expense": 43491000.0,
        "Other Gand A": 43491000.0,
        "Gross Profit": 50585000.0,
        "Cost Of Revenue": 53238000.0,
        "Total Revenue": 103823000.0,
        "Operating Revenue": 103823000.0
    },
    "2022-03-31": {
        "Diluted EPS": -0.11,
        "Total Revenue": 101,
        "Gross Profit": 49,
        "Operating Income": -51,
        "EBIT": -41,
        "Net Income": -38
    },
    "2021-12-31": {
        "Diluted EPS": 0.06,
        "Total Revenue": 119,
        "Gross Profit": 60,
        "Operating Income": -39,
        "EBIT": -29,
        "Net Income": 10
    },
    "2021-09-30": {
        "Diluted EPS": -0.13,
        "Total Revenue": 106,
        "Gross Profit": 54,
        "Operating Income": -30,
        "EBIT": -21,
        "Net Income": -43
    },
    "2021-06-30": {
        "Diluted EPS": -0.09,
        "Total Revenue": 98,
        "Gross Profit": 50,
        "Operating Income": -4,
        "EBIT": 3,
        "Net Income": -20
    },
    "2021-03-31": {
        "Diluted EPS": -0.14,
        "Total Revenue": 90,
        "Gross Profit": 46,
        "Operating Income": -12,
        "EBIT": -6,
        "Net Income": -31
    },
    "2020-12-31": {
        "Diluted EPS": 0.0,
        "Total Revenue": NaN,
        "Gross Profit": NaN,
        "Operating Income": NaN,
        "EBIT": NaN,
        "Net Income": NaN
    },
    "2020-09-30": {
        "Diluted EPS": -0.03,
        "Total Revenue": 80,
        "Gross Profit": 43,
        "Operating Income": 5,
        "EBIT": 5,
        "Net Income": -6
    },
    "2019-12-31": {
        "Diluted EPS": 0.0,
        "Total Revenue": NaN,
        "Gross Profit": NaN,
        "Operating Income": NaN,
        "EBIT": NaN,
        "Net Income": NaN
    },
    "2023-06-30": {
        "Tax Effect Of Unusual Items": -20160.0,
        "Tax Rate For Calcs": 0.21,
        "Normalized EBITDA": -20849000.0,
        "Total Unusual Items": -96000.0,
        "Total Unusual Items Excluding Goodwill": -96000.0,
        "Net Income From Continuing Operation Net Minority Interest": -35143000.0,
        "Reconciled Depreciation": 14184000.0,
        "Reconciled Cost Of Revenue": 62948000.0,
        "EBITDA": -20945000.0,
        "EBIT": -35129000.0,
        "Net Interest Income": 1193000.0,
        "Interest Expense": 453000.0,
        "Interest Income": 1646000.0,
        "Normalized Income": -35067160.0,
        "Net Income From Continuing And Discontinued Operation": -35143000.0,
        "Total Expenses": 144497000.0,
        "Total Operating Income As Reported": -34144000.0,
        "Diluted Average Shares": 354049808.0,
        "Basic Average Shares": 354049808.0,
        "Diluted EPS": -0.1,
        "Basic EPS": -0.1,
        "Diluted NI Availto Com Stockholders": -35143000.0,
        "Net Income Common Stockholders": -35143000.0,
        "Net Income": -35143000.0,
        "Minority Interests": 504000.0,
        "Net Income Including Noncontrolling Interests": -35647000.0,
        "Net Income Continuous Operations": -35647000.0,
        "Tax Provision": 65000.0,
        "Pretax Income": -35582000.0,
        "Other Income Expense": -2631000.0,
        "Other Non Operating Income Expenses": -2535000.0,
        "Special Income Charges": 770000.0,
        "Restructuring And Mergern Acquisition": -770000.0,
        "Gain On Sale Of Security": -866000.0,
        "Net Non Operating Interest Income Expense": 1193000.0,
        "Interest Expense Non Operating": 453000.0,
        "Interest Income Non Operating": 1646000.0,
        "Operating Income": -34144000.0,
        "Operating Expense": 81549000.0,
        "Depreciation Amortization Depletion Income Statement": 14184000.0,
        "Depreciation And Amortization In Income Statement": 14184000.0,
        "Research And Development": 17035000.0,
        "Selling General And Administration": 50330000.0,
        "Selling And Marketing Expense": 14959000.0,
        "General And Administrative Expense": 35371000.0,
        "Other Gand A": 35371000.0,
        "Gross Profit": 47405000.0,
        "Cost Of Revenue": 62948000.0,
        "Total Revenue": 110353000.0,
        "Operating Revenue": 110353000.0
    },
    "2023-09-30": {
        "Tax Effect Of Unusual Items": 5590.304557,
        "Tax Rate For Calcs": 0.001692,
        "Normalized EBITDA": -10022000.0,
        "Total Unusual Items": 3304000.0,
        "Total Unusual Items Excluding Goodwill": 3304000.0,
        "Net Income From Continuing Operation Net Minority Interest": -24451000.0,
        "Reconciled Depreciation": 18183000.0,
        "Reconciled Cost Of Revenue": 60797000.0,
        "EBITDA": -6718000.0,
        "EBIT": -24901000.0,
        "Net Interest Income": 1022000.0,
        "Interest Expense": 513000.0,
        "Interest Income": 1535000.0,
        "Normalized Income": -27749409.695443,
        "Net Income From Continuing And Discontinued Operation": -24451000.0,
        "Total Expenses": 143049000.0,
        "Total Operating Income As Reported": -29722000.0,
        "Diluted Average Shares": 351519172.0,
        "Basic Average Shares": 351519172.0,
        "Diluted EPS": -0.07,
        "Basic EPS": -0.07,
        "Diluted NI Availto Com Stockholders": -24451000.0,
        "Net Income Common Stockholders": -24451000.0,
        "Net Income": -24451000.0,
        "Minority Interests": 920000.0,
        "Net Income Including Noncontrolling Interests": -25371000.0,
        "Net Income Continuous Operations": -25371000.0,
        "Tax Provision": -43000.0,
        "Pretax Income": -25414000.0,
        "Other Income Expense": 3286000.0,
        "Other Non Operating Income Expenses": -18000.0,
        "Special Income Charges": 520000.0,
        "Restructuring And Mergern Acquisition": -520000.0,
        "Gain On Sale Of Security": 2784000.0,
        "Net Non Operating Interest Income Expense": 1022000.0,
        "Interest Expense Non Operating": 513000.0,
        "Interest Income Non Operating": 1535000.0,
        "Operating Income": -29722000.0,
        "Operating Expense": 78682000.0,
        "Depreciation Amortization Depletion Income Statement": 14613000.0,
        "Depreciation And Amortization In Income Statement": 14613000.0,
        "Research And Development": 15269000.0,
        "Selling General And Administration": 48800000.0,
        "Selling And Marketing Expense": 13549000.0,
        "General And Administrative Expense": 35251000.0,
        "Other Gand A": 35251000.0,
        "Gross Profit": 48960000.0,
        "Cost Of Revenue": 64367000.0,
        "Total Revenue": 113327000.0,
        "Operating Revenue": 113327000.0
    },
    "2023-12-31": {
        "Tax Effect Of Unusual Items": 1338.647047,
        "Tax Rate For Calcs": 0.007649,
        "Normalized EBITDA": -15242000.0,
        "Total Unusual Items": 175000.0,
        "Total Unusual Items Excluding Goodwill": 175000.0,
        "Net Income From Continuing Operation Net Minority Interest": -34245000.0,
        "Reconciled Depreciation": 18819000.0,
        "Reconciled Cost Of Revenue": 58148000.0,
        "EBITDA": -15067000.0,
        "EBIT": -33886000.0,
        "Net Interest Income": 1070000.0,
        "Interest Expense": 365000.0,
        "Interest Income": 1435000.0,
        "Normalized Income": -34418661.352953,
        "Net Income From Continuing And Discontinued Operation": -34245000.0,
        "Total Expenses": 140730000.0,
        "Total Operating Income As Reported": -35454000.0,
        "Diluted Average Shares": 351519172.0,
        "Basic Average Shares": 351519172.0,
        "Diluted EPS": -0.1,
        "Basic EPS": -0.1,
        "Diluted NI Availto Com Stockholders": -34245000.0,
        "Net Income Common Stockholders": -34245000.0,
        "Net Income": -34245000.0,
        "Minority Interests": -256000.0,
        "Net Income Including Noncontrolling Interests": -33989000.0,
        "Net Income Continuous Operations": -33989000.0,
        "Tax Provision": -262000.0,
        "Pretax Income": -34251000.0,
        "Other Income Expense": 133000.0,
        "Other Non Operating Income Expenses": -42000.0,
        "Special Income Charges": 56000.0,
        "Restructuring And Mergern Acquisition": -56000.0,
        "Gain On Sale Of Security": 119000.0,
        "Net Non Operating Interest Income Expense": 1070000.0,
        "Interest Expense Non Operating": 365000.0,
        "Interest Income Non Operating": 1435000.0,
        "Operating Income": -35454000.0,
        "Operating Expense": 81392000.0,
        "Depreciation Amortization Depletion Income Statement": 17629000.0,
        "Depreciation And Amortization In Income Statement": 17629000.0,
        "Research And Development": 16934000.0,
        "Selling General And Administration": 46829000.0,
        "Selling And Marketing Expense": 13562000.0,
        "General And Administrative Expense": 33267000.0,
        "Other Gand A": 33267000.0,
        "Gross Profit": 45938000.0,
        "Cost Of Revenue": 59338000.0,
        "Total Revenue": 105276000.0,
        "Operating Revenue": 105276000.0
    },
    "2024-03-31": {
        "Tax Effect Of Unusual Items": 334.015636,
        "Tax Rate For Calcs": 0.000881,
        "Normalized EBITDA": -22006000.0,
        "Total Unusual Items": 379000.0,
        "Total Unusual Items Excluding Goodwill": 379000.0,
        "Net Income From Continuing Operation Net Minority Interest": -35087000.0,
        "Reconciled Depreciation": 13331000.0,
        "Reconciled Cost Of Revenue": 51121000.0,
        "EBITDA": -21627000.0,
        "EBIT": -34958000.0,
        "Net Interest Income": 1057000.0,
        "Interest Expense": 217000.0,
        "Interest Income": 1274000.0,
        "Normalized Income": -35465665.984364,
        "Net Income From Continuing And Discontinued Operation": -35087000.0,
        "Total Expenses": 127461000.0,
        "Total Operating Income As Reported": -36600000.0,
        "Diluted Average Shares": 354208908.0,
        "Basic Average Shares": 354208908.0,
        "Diluted EPS": -0.1,
        "Basic EPS": -0.1,
        "Diluted NI Availto Com Stockholders": -35087000.0,
        "Net Income Common Stockholders": -35087000.0,
        "Net Income": -35087000.0,
        "Minority Interests": 57000.0,
        "Net Income Including Noncontrolling Interests": -35144000.0,
        "Net Income Continuous Operations": -35144000.0,
        "Tax Provision": -31000.0,
        "Pretax Income": -35175000.0,
        "Other Income Expense": 368000.0,
        "Other Non Operating Income Expenses": -11000.0,
        "Special Income Charges": 294000.0,
        "Restructuring And Mergern Acquisition": -294000.0,
        "Gain On Sale Of Security": 85000.0,
        "Net Non Operating Interest Income Expense": 1057000.0,
        "Interest Expense Non Operating": 217000.0,
        "Interest Income Non Operating": 1274000.0,
        "Operating Income": -36600000.0,
        "Operating Expense": 76340000.0,
        "Depreciation Amortization Depletion Income Statement": 13331000.0,
        "Depreciation And Amortization In Income Statement": 13331000.0,
        "Research And Development": 14544000.0,
        "Selling General And Administration": 48465000.0,
        "Selling And Marketing Expense": 13558000.0,
        "General And Administrative Expense": 34907000.0,
        "Other Gand A": 34907000.0,
        "Gross Profit": 39740000.0,
        "Cost Of Revenue": 51121000.0,
        "Total Revenue": 90861000.0,
        "Operating Revenue": 90861000.0
    }
}