{
    "2023-03-31": {
        "Tax Effect Of Unusual Items": NaN,
        "Tax Rate For Calcs": NaN,
        "Normalized EBITDA": NaN,
        "Total Unusual Items": NaN,
        "Total Unusual Items Excluding Goodwill": NaN,
        "Net Income From Continuing Operation Net Minority Interest": NaN,
        "Reconciled Depreciation": NaN,
        "Reconciled Cost Of Revenue": NaN,
        "EBITDA": NaN,
        "EBIT": NaN,
        "Net Interest Income": -392000.0,
        "Interest Expense": 392000.0,
        "Normalized Income": NaN,
        "Net Income From Continuing And Discontinued Operation": NaN,
        "Total Expenses": NaN,
        "Total Operating Income As Reported": NaN,
        "Diluted Average Shares": NaN,
        "Basic Average Shares": NaN,
        "Diluted EPS": NaN,
        "Basic EPS": NaN,
        "Diluted NI Availto Com Stockholders": NaN,
        "Net Income Common Stockholders": NaN,
        "Net Income": NaN,
        "Net Income Including Noncontrolling Interests": NaN,
        "Net Income Discontinuous Operations": 1325000.0,
        "Net Income Continuous Operations": NaN,
        "Tax Provision": NaN,
        "Pretax Income": NaN,
        "Other Income Expense": NaN,
        "Other Non Operating Income Expenses": NaN,
        "Special Income Charges": NaN,
        "Write Off": NaN,
        "Impairment Of Capital Assets": NaN,
        "Restructuring And Mergern Acquisition": NaN,
        "Net Non Operating Interest Income Expense": -392000.0,
        "Interest Expense Non Operating": 392000.0,
        "Operating Income": NaN,
        "Operating Expense": NaN,
        "Depreciation Amortization Depletion Income Statement": NaN,
        "Depreciation And Amortization In Income Statement": NaN,
        "Selling General And Administration": NaN,
        "Gross Profit": NaN,
        "Cost Of Revenue": NaN,
        "Total Revenue": NaN,
        "Operating Revenue": NaN
    },
    "2022-12-31": {
        "Tax Effect Of Unusual Items": NaN,
        "Tax Rate For Calcs": NaN,
        "Normalized EBITDA": NaN,
        "Total Unusual Items": -577000.0,
        "Total Unusual Items Excluding Goodwill": -577000.0,
        "Net Income From Continuing Operation Net Minority Interest": NaN,
        "Reconciled Depreciation": NaN,
        "Reconciled Cost Of Revenue": NaN,
        "EBITDA": NaN,
        "EBIT": NaN,
        "Net Interest Income": NaN,
        "Interest Expense": NaN,
        "Normalized Income": NaN,
        "Net Income From Continuing And Discontinued Operation": NaN,
        "Total Expenses": NaN,
        "Total Operating Income As Reported": NaN,
        "Diluted Average Shares": NaN,
        "Basic Average Shares": NaN,
        "Diluted EPS": NaN,
        "Basic EPS": NaN,
        "Diluted NI Availto Com Stockholders": NaN,
        "Net Income Common Stockholders": NaN,
        "Net Income": NaN,
        "Net Income Including Noncontrolling Interests": NaN,
        "Net Income Discontinuous Operations": 0.0,
        "Net Income Continuous Operations": NaN,
        "Tax Provision": NaN,
        "Pretax Income": NaN,
        "Other Income Expense": NaN,
        "Other Non Operating Income Expenses": NaN,
        "Special Income Charges": -577000.0,
        "Write Off": 357000.0,
        "Impairment Of Capital Assets": 357000.0,
        "Restructuring And Mergern Acquisition": 220000.0,
        "Net Non Operating Interest Income Expense": NaN,
        "Interest Expense Non Operating": NaN,
        "Operating Income": NaN,
        "Operating Expense": NaN,
        "Depreciation Amortization Depletion Income Statement": NaN,
        "Depreciation And Amortization In Income Statement": NaN,
        "Selling General And Administration": NaN,
        "Gross Profit": NaN,
        "Cost Of Revenue": NaN,
        "Total Revenue": NaN,
        "Operating Revenue": NaN
    },
    "2022-09-30": {
        "Tax Effect Of Unusual Items": NaN,
        "Tax Rate For Calcs": NaN,
        "Normalized EBITDA": NaN,
        "Total Unusual Items": -1118000.0,
        "Total Unusual Items Excluding Goodwill": -1118000.0,
        "Net Income From Continuing Operation Net Minority Interest": NaN,
        "Reconciled Depreciation": NaN,
        "Reconciled Cost Of Revenue": NaN,
        "EBITDA": NaN,
        "EBIT": NaN,
        "Net Interest Income": NaN,
        "Interest Expense": NaN,
        "Normalized Income": NaN,
        "Net Income From Continuing And Discontinued Operation": NaN,
        "Total Expenses": NaN,
        "Total Operating Income As Reported": NaN,
        "Diluted Average Shares": NaN,
        "Basic Average Shares": NaN,
        "Diluted EPS": NaN,
        "Basic EPS": NaN,
        "Diluted NI Availto Com Stockholders": NaN,
        "Net Income Common Stockholders": NaN,
        "Net Income": NaN,
        "Net Income Including Noncontrolling Interests": NaN,
        "Net Income Discontinuous Operations": 0.0,
        "Net Income Continuous Operations": NaN,
        "Tax Provision": NaN,
        "Pretax Income": NaN,
        "Other Income Expense": NaN,
        "Other Non Operating Income Expenses": NaN,
        "Special Income Charges": -1118000.0,
        "Write Off": 477000.0,
        "Impairment Of Capital Assets": 477000.0,
        "Restructuring And Mergern Acquisition": 641000.0,
        "Net Non Operating Interest Income Expense": NaN,
        "Interest Expense Non Operating": NaN,
        "Operating Income": NaN,
        "Operating Expense": NaN,
        "Depreciation Amortization Depletion Income Statement": NaN,
        "Depreciation And Amortization In Income Statement": NaN,
        "Selling General And Administration": NaN,
        "Gross Profit": NaN,
        "Cost Of Revenue": NaN,
        "Total Revenue": NaN,
        "Operating Revenue": NaN
    },
    "2022-06-30": {
        "Tax Effect Of Unusual Items": -608030.595813,
        "Tax Rate For Calcs": 0.134461,
        "Normalized EBITDA": 20697000.0,
        "Total Unusual Items": -4522000.0,
        "Total Unusual Items Excluding Goodwill": -4522000.0,
        "Net Income From Continuing Operation Net Minority Interest": -3225000.0,
        "Reconciled Depreciation": 14451000.0,
        "Reconciled Cost Of Revenue": 27095000.0,
        "EBITDA": 16175000.0,
        "EBIT": 1385000.0,
        "Normalized Income": 688969.404187,
        "Net Income From Continuing And Discontinued Operation": -3225000.0,
        "Total Expenses": 64636000.0,
        "Total Operating Income As Reported": -3137000.0,
        "Diluted Average Shares": 50157000.0,
        "Basic Average Shares": 50157000.0,
        "Diluted EPS": -0.06,
        "Basic EPS": -0.06,
        "Diluted NI Availto Com Stockholders": -3225000.0,
        "Net Income Common Stockholders": -3225000.0,
        "Net Income": -3225000.0,
        "Net Income Including Noncontrolling Interests": -3225000.0,
        "Net Income Discontinuous Operations": 0.0,
        "Net Income Continuous Operations": -3225000.0,
        "Tax Provision": -501000.0,
        "Pretax Income": -3726000.0,
        "Other Income Expense": -5111000.0,
        "Other Non Operating Income Expenses": -589000.0,
        "Special Income Charges": -4522000.0,
        "Impairment Of Capital Assets": 4068000.0,
        "Restructuring And Mergern Acquisition": 454000.0,
        "Operating Income": 1385000.0,
        "Operating Expense": 37880000.0,
        "Depreciation Amortization Depletion Income Statement": 14790000.0,
        "Depreciation And Amortization In Income Statement": 14790000.0,
        "Selling General And Administration": 23090000.0,
        "Gross Profit": 39265000.0,
        "Cost Of Revenue": 26756000.0,
        "Total Revenue": 66021000.0,
        "Operating Revenue": 66021000.0
    },
    "2023-06-30": {
        "Tax Effect Of Unusual Items": -238770.0,
        "Tax Rate For Calcs": 0.21,
        "Normalized EBITDA": 17932000.0,
        "Total Unusual Items": -1137000.0,
        "Total Unusual Items Excluding Goodwill": -1137000.0,
        "Net Income From Continuing Operation Net Minority Interest": -1400000.0,
        "Reconciled Depreciation": 15647000.0,
        "Reconciled Cost Of Revenue": 24937000.0,
        "EBITDA": 16795000.0,
        "EBIT": 964000.0,
        "Net Interest Income": -905000.0,
        "Interest Expense": 905000.0,
        "Normalized Income": -501770.0,
        "Net Income From Continuing And Discontinued Operation": 1790000.0,
        "Total Expenses": 65625000.0,
        "Total Operating Income As Reported": -118000.0,
        "Diluted Average Shares": 50366000.0,
        "Basic Average Shares": 50366000.0,
        "Diluted EPS": 0.04,
        "Basic EPS": 0.04,
        "Diluted NI Availto Com Stockholders": 1790000.0,
        "Net Income Common Stockholders": 1790000.0,
        "Net Income": 1790000.0,
        "Net Income Including Noncontrolling Interests": 1790000.0,
        "Net Income Discontinuous Operations": 3190000.0,
        "Net Income Continuous Operations": -1400000.0,
        "Tax Provision": 1459000.0,
        "Pretax Income": 59000.0,
        "Other Income Expense": -55000.0,
        "Other Non Operating Income Expenses": 1082000.0,
        "Special Income Charges": -1137000.0,
        "Write Off": 836000.0,
        "Impairment Of Capital Assets": 836000.0,
        "Restructuring And Mergern Acquisition": 301000.0,
        "Net Non Operating Interest Income Expense": -905000.0,
        "Interest Expense Non Operating": 905000.0,
        "Operating Income": 1019000.0,
        "Operating Expense": 40872000.0,
        "Depreciation Amortization Depletion Income Statement": 15831000.0,
        "Depreciation And Amortization In Income Statement": 15831000.0,
        "Selling General And Administration": 25041000.0,
        "Gross Profit": 41891000.0,
        "Cost Of Revenue": 24753000.0,
        "Total Revenue": 66644000.0,
        "Operating Revenue": 66644000.0
    },
    "2022-03-31": {
        "Diluted EPS": -0.01,
        "Total Revenue": 64,
        "Gross Profit": 38,
        "Operating Income": 0,
        "EBIT": 14,
        "Net Income": -1
    },
    "2021-12-31": {
        "Diluted EPS": 0.02,
        "Total Revenue": 63,
        "Gross Profit": 34,
        "Operating Income": -8,
        "EBIT": 7,
        "Net Income": 1
    },
    "2021-09-30": {
        "Diluted EPS": 17.81,
        "Total Revenue": 62,
        "Gross Profit": 36,
        "Operating Income": 1,
        "EBIT": 15,
        "Net Income": 893
    },
    "2021-06-30": {
        "Diluted EPS": 1.06,
        "Total Revenue": 61,
        "Gross Profit": 36,
        "Operating Income": 2,
        "EBIT": 16,
        "Net Income": 53
    },
    "2021-03-31": {
        "Diluted EPS": 1.03,
        "Total Revenue": 60,
        "Gross Profit": 36,
        "Operating Income": 2,
        "EBIT": 15,
        "Net Income": 51
    },
    "2020-12-31": {
        "Diluted EPS": 0.98,
        "Total Revenue": 58,
        "Gross Profit": 35,
        "Operating Income": 2,
        "EBIT": 14,
        "Net Income": 49
    },
    "2020-09-30": {
        "Diluted EPS": 0.7,
        "Total Revenue": 55,
        "Gross Profit": 33,
        "Operating Income": 0,
        "EBIT": 13,
        "Net Income": 35
    },
    "2020-06-30": {
        "Diluted EPS": 0.58,
        "Total Revenue": 54,
        "Gross Profit": 32,
        "Operating Income": -2,
        "EBIT": 10,
        "Net Income": 29
    },
    "2020-03-31": {
        "Diluted EPS": 0.27,
        "Total Revenue": 53,
        "Gross Profit": 33,
        "Operating Income": -1,
        "EBIT": 11,
        "Net Income": 13
    },
    "2019-12-31": {
        "Diluted EPS": 0.29,
        "Total Revenue": 54,
        "Gross Profit": 33,
        "Operating Income": -1,
        "EBIT": 13,
        "Net Income": 15
    },
    "2019-09-30": {
        "Diluted EPS": 0.29,
        "Total Revenue": 52,
        "Gross Profit": 31,
        "Operating Income": 1,
        "EBIT": -51,
        "Net Income": 14
    },
    "2019-06-30": {
        "Diluted EPS": 0.26,
        "Total Revenue": 159,
        "Gross Profit": 94,
        "Operating Income": 24,
        "EBIT": 67,
        "Net Income": 13
    },
    "2019-03-31": {
        "Diluted EPS": 0.28,
        "Total Revenue": 159,
        "Gross Profit": 95,
        "Operating Income": 25,
        "EBIT": 67,
        "Net Income": 14
    },
    "2018-12-31": {
        "Diluted EPS": 0.3,
        "Total Revenue": -277,
        "Gross Profit": -165,
        "Operating Income": -69,
        "EBIT": -153,
        "Net Income": 15
    },
    "2018-09-30": {
        "Diluted EPS": 0.31,
        "Total Revenue": 159,
        "Gross Profit": 96,
        "Operating Income": 28,
        "EBIT": 70,
        "Net Income": 16
    },
    "2018-06-30": {
        "Diluted EPS": 0.19,
        "Total Revenue": 157,
        "Gross Profit": 92,
        "Operating Income": 21,
        "EBIT": 64,
        "Net Income": 10
    },
    "2018-03-31": {
        "Diluted EPS": 0.13,
        "Total Revenue": 154,
        "Gross Profit": 89,
        "Operating Income": 17,
        "EBIT": 61,
        "Net Income": 7
    },
    "2017-12-31": {
        "Diluted EPS": 1.21,
        "Total Revenue": 153,
        "Gross Profit": 105,
        "Operating Income": 18,
        "EBIT": 63,
        "Net Income": 61
    },
    "2017-09-30": {
        "Diluted EPS": 0.07,
        "Total Revenue": 152,
        "Gross Profit": 96,
        "Operating Income": 9,
        "EBIT": 55,
        "Net Income": 4
    },
    "2017-06-30": {
        "Diluted EPS": -0.0,
        "Total Revenue": 153,
        "Gross Profit": 100,
        "Operating Income": 8,
        "EBIT": 55,
        "Net Income": 0
    },
    "2017-03-31": {
        "Diluted EPS": 0.05,
        "Total Revenue": 154,
        "Gross Profit": 100,
        "Operating Income": 11,
        "EBIT": 57,
        "Net Income": 2
    },
    "2016-12-31": {
        "Diluted EPS": 0.0,
        "Total Revenue": 156,
        "Gross Profit": 102,
        "Operating Income": 11,
        "EBIT": 51,
        "Net Income": 0
    },
    "2016-09-30": {
        "Diluted EPS": -0.16,
        "Total Revenue": 157,
        "Gross Profit": 99,
        "Operating Income": -4,
        "EBIT": 50,
        "Net Income": -8
    },
    "2016-06-30": {
        "Diluted EPS": -0.14,
        "Total Revenue": 130,
        "Gross Profit": 80,
        "Operating Income": -6,
        "EBIT": 31,
        "Net Income": -7
    },
    "2016-03-31": {
        "Diluted EPS": 0.28,
        "Total Revenue": 93,
        "Gross Profit": 61,
        "Operating Income": 21,
        "EBIT": 39,
        "Net Income": 14
    },
    "2015-12-31": {
        "Diluted EPS": 0.25,
        "Total Revenue": 87,
        "Gross Profit": 57,
        "Operating Income": 22,
        "EBIT": 39,
        "Net Income": 12
    },
    "2015-09-30": {
        "Diluted EPS": 0.16,
        "Total Revenue": 85,
        "Gross Profit": 55,
        "Operating Income": 15,
        "EBIT": 34,
        "Net Income": 8
    },
    "2015-06-30": {
        "Diluted EPS": 0.21,
        "Total Revenue": 86,
        "Gross Profit": 55,
        "Operating Income": 19,
        "EBIT": 37,
        "Net Income": 10
    },
    "2015-03-31": {
        "Diluted EPS": 0.21,
        "Total Revenue": 84,
        "Gross Profit": 54,
        "Operating Income": 19,
        "EBIT": 35,
        "Net Income": 10
    },
    "2014-12-31": {
        "Diluted EPS": 0.18,
        "Total Revenue": 83,
        "Gross Profit": 51,
        "Operating Income": 16,
        "EBIT": 34,
        "Net Income": 9
    },
    "2014-09-30": {
        "Diluted EPS": 0.17,
        "Total Revenue": 82,
        "Gross Profit": 49,
        "Operating Income": 14,
        "EBIT": 31,
        "Net Income": 8
    },
    "2014-06-30": {
        "Diluted EPS": 0.18,
        "Total Revenue": 81,
        "Gross Profit": 49,
        "Operating Income": 16,
        "EBIT": 33,
        "Net Income": 9
    },
    "2014-03-31": {
        "Diluted EPS": 0.18,
        "Total Revenue": 80,
        "Gross Profit": 48,
        "Operating Income": 16,
        "EBIT": 31,
        "Net Income": 9
    },
    "2013-12-31": {
        "Diluted EPS": 0.13,
        "Total Revenue": 78,
        "Gross Profit": 46,
        "Operating Income": 12,
        "EBIT": 29,
        "Net Income": 7
    },
    "2013-09-30": {
        "Diluted EPS": 0.14,
        "Total Revenue": 78,
        "Gross Profit": 46,
        "Operating Income": 13,
        "EBIT": 28,
        "Net Income": 7
    },
    "2013-06-30": {
        "Diluted EPS": 0.17,
        "Total Revenue": 77,
        "Gross Profit": 47,
        "Operating Income": 15,
        "EBIT": 31,
        "Net Income": 8
    },
    "2013-03-31": {
        "Diluted EPS": 0.18,
        "Total Revenue": 76,
        "Gross Profit": 45,
        "Operating Income": 15,
        "EBIT": 29,
        "Net Income": 8
    },
    "2012-12-31": {
        "Diluted EPS": 0.1,
        "Total Revenue": 75,
        "Gross Profit": 50,
        "Operating Income": 9,
        "EBIT": 37,
        "Net Income": 5
    },
    "2012-09-30": {
        "Diluted EPS": 0.03,
        "Total Revenue": 73,
        "Gross Profit": 40,
        "Operating Income": 5,
        "EBIT": 22,
        "Net Income": 1
    },
    "2012-06-30": {
        "Diluted EPS": 0.12,
        "Total Revenue": 71,
        "Gross Profit": 41,
        "Operating Income": 11,
        "EBIT": 26,
        "Net Income": 6
    },
    "2012-03-31": {
        "Diluted EPS": 0.1,
        "Total Revenue": 69,
        "Gross Profit": 40,
        "Operating Income": 9,
        "EBIT": 25,
        "Net Income": 4
    },
    "2011-12-31": {
        "Diluted EPS": 0.08,
        "Total Revenue": 67,
        "Gross Profit": 37,
        "Operating Income": 8,
        "EBIT": 22,
        "Net Income": 4
    },
    "2011-09-30": {
        "Diluted EPS": 0.07,
        "Total Revenue": 63,
        "Gross Profit": 37,
        "Operating Income": 9,
        "EBIT": 23,
        "Net Income": 3
    },
    "2011-06-30": {
        "Diluted EPS": 0.07,
        "Total Revenue": 62,
        "Gross Profit": 36,
        "Operating Income": 8,
        "EBIT": 22,
        "Net Income": 3
    },
    "2011-03-31": {
        "Diluted EPS": 0.07,
        "Total Revenue": 60,
        "Gross Profit": 34,
        "Operating Income": 7,
        "EBIT": 21,
        "Net Income": 3
    },
    "2010-12-31": {
        "Diluted EPS": 0.06,
        "Total Revenue": 58,
        "Gross Profit": 34,
        "Operating Income": 7,
        "EBIT": 21,
        "Net Income": 3
    },
    "2010-09-30": {
        "Diluted EPS": 0.09,
        "Total Revenue": 53,
        "Gross Profit": 32,
        "Operating Income": 10,
        "EBIT": 22,
        "Net Income": 4
    },
    "2010-06-30": {
        "Diluted EPS": 0.1,
        "Total Revenue": 42,
        "Gross Profit": 27,
        "Operating Income": 8,
        "EBIT": 16,
        "Net Income": 5
    },
    "2010-03-31": {
        "Diluted EPS": 0.15,
        "Total Revenue": 42,
        "Gross Profit": 28,
        "Operating Income": 12,
        "EBIT": 20,
        "Net Income": 7
    },
    "2009-12-31": {
        "Diluted EPS": 0.13,
        "Total Revenue": 41,
        "Gross Profit": 26,
        "Operating Income": 9,
        "EBIT": 17,
        "Net Income": 6
    },
    "2009-09-30": {
        "Diluted EPS": 0.14,
        "Total Revenue": 40,
        "Gross Profit": 26,
        "Operating Income": 11,
        "EBIT": 19,
        "Net Income": 6
    },
    "2009-06-30": {
        "Diluted EPS": 0.15,
        "Total Revenue": 40,
        "Gross Profit": 27,
        "Operating Income": 12,
        "EBIT": 20,
        "Net Income": 7
    },
    "2009-03-31": {
        "Diluted EPS": -0.09,
        "Total Revenue": 40,
        "Gross Profit": 27,
        "Operating Income": 12,
        "EBIT": 20,
        "Net Income": -4
    },
    "2023-09-30": {
        "Tax Effect Of Unusual Items": -476887.159533,
        "Tax Rate For Calcs": 0.311284,
        "Normalized EBITDA": 22272000.0,
        "Total Unusual Items": -1532000.0,
        "Total Unusual Items Excluding Goodwill": -1532000.0,
        "Net Income From Continuing Operation Net Minority Interest": 1593000.0,
        "Reconciled Depreciation": 17721000.0,
        "Reconciled Cost Of Revenue": 26700000.0,
        "EBITDA": 20740000.0,
        "EBIT": 3019000.0,
        "Net Interest Income": NaN,
        "Interest Expense": NaN,
        "Normalized Income": 2648112.840467,
        "Net Income From Continuing And Discontinued Operation": 1593000.0,
        "Total Expenses": 68823000.0,
        "Total Operating Income As Reported": 1487000.0,
        "Diluted Average Shares": 50836000.0,
        "Basic Average Shares": 50379000.0,
        "Diluted EPS": 0.03,
        "Basic EPS": 0.03,
        "Diluted NI Availto Com Stockholders": 1593000.0,
        "Net Income Common Stockholders": 1593000.0,
        "Net Income": 1593000.0,
        "Net Income Including Noncontrolling Interests": 1593000.0,
        "Net Income Discontinuous Operations": NaN,
        "Net Income Continuous Operations": 1593000.0,
        "Tax Provision": 720000.0,
        "Pretax Income": 2313000.0,
        "Other Income Expense": -706000.0,
        "Other Non Operating Income Expenses": 826000.0,
        "Special Income Charges": -1532000.0,
        "Write Off": 1532000.0,
        "Impairment Of Capital Assets": NaN,
        "Restructuring And Mergern Acquisition": 0.0,
        "Net Non Operating Interest Income Expense": NaN,
        "Interest Expense Non Operating": NaN,
        "Operating Income": 3019000.0,
        "Operating Expense": 41072000.0,
        "Depreciation Amortization Depletion Income Statement": 16670000.0,
        "Depreciation And Amortization In Income Statement": 16670000.0,
        "Selling General And Administration": 24402000.0,
        "Gross Profit": 44091000.0,
        "Cost Of Revenue": 27751000.0,
        "Total Revenue": 71842000.0,
        "Operating Revenue": 71842000.0
    },
    "2023-12-31": {
        "Tax Effect Of Unusual Items": 0.0,
        "Tax Rate For Calcs": 0.21,
        "Normalized EBITDA": 19874000.0,
        "Total Unusual Items": 0.0,
        "Total Unusual Items Excluding Goodwill": 0.0,
        "Net Income From Continuing Operation Net Minority Interest": 2589000.0,
        "Reconciled Depreciation": 16834000.0,
        "Reconciled Cost Of Revenue": 25707000.0,
        "EBITDA": 19874000.0,
        "EBIT": 3040000.0,
        "Net Interest Income": NaN,
        "Interest Expense": NaN,
        "Normalized Income": 2589000.0,
        "Net Income From Continuing And Discontinued Operation": 2589000.0,
        "Total Expenses": 69470000.0,
        "Total Operating Income As Reported": 3040000.0,
        "Diluted Average Shares": 50971000.0,
        "Basic Average Shares": 50422000.0,
        "Diluted EPS": 0.05,
        "Basic EPS": 0.05,
        "Diluted NI Availto Com Stockholders": 2589000.0,
        "Net Income Common Stockholders": 2589000.0,
        "Net Income": 2589000.0,
        "Net Income Including Noncontrolling Interests": 2589000.0,
        "Net Income Discontinuous Operations": NaN,
        "Net Income Continuous Operations": 2589000.0,
        "Tax Provision": -282000.0,
        "Pretax Income": 2307000.0,
        "Other Income Expense": -733000.0,
        "Other Non Operating Income Expenses": -733000.0,
        "Special Income Charges": 0.0,
        "Write Off": 0.0,
        "Impairment Of Capital Assets": NaN,
        "Restructuring And Mergern Acquisition": 0.0,
        "Net Non Operating Interest Income Expense": NaN,
        "Interest Expense Non Operating": NaN,
        "Operating Income": 3040000.0,
        "Operating Expense": 43763000.0,
        "Depreciation Amortization Depletion Income Statement": 16834000.0,
        "Depreciation And Amortization In Income Statement": 16834000.0,
        "Selling General And Administration": 26929000.0,
        "Gross Profit": 46803000.0,
        "Cost Of Revenue": 25707000.0,
        "Total Revenue": 72510000.0,
        "Operating Revenue": 72510000.0
    },
    "2024-03-31": {
        "Tax Effect Of Unusual Items": 0.0,
        "Tax Rate For Calcs": 0.200547,
        "Normalized EBITDA": 16403000.0,
        "Total Unusual Items": NaN,
        "Total Unusual Items Excluding Goodwill": NaN,
        "Net Income From Continuing Operation Net Minority Interest": -4090000.0,
        "Reconciled Depreciation": 17443000.0,
        "Reconciled Cost Of Revenue": 25985000.0,
        "EBITDA": 16403000.0,
        "EBIT": -1040000.0,
        "Net Interest Income": -4076000.0,
        "Interest Expense": 4076000.0,
        "Normalized Income": -4090000.0,
        "Net Income From Continuing And Discontinued Operation": 214696000.0,
        "Total Expenses": 72024000.0,
        "Total Operating Income As Reported": -2776000.0,
        "Diluted Average Shares": 51011000.0,
        "Basic Average Shares": 50520000.0,
        "Diluted EPS": 4.21,
        "Basic EPS": 4.25,
        "Diluted NI Availto Com Stockholders": 214696000.0,
        "Net Income Common Stockholders": 214696000.0,
        "Net Income": 214696000.0,
        "Net Income Including Noncontrolling Interests": 214696000.0,
        "Net Income Discontinuous Operations": 218786000.0,
        "Net Income Continuous Operations": -4090000.0,
        "Tax Provision": -1026000.0,
        "Pretax Income": -5116000.0,
        "Other Income Expense": 1736000.0,
        "Other Non Operating Income Expenses": 1736000.0,
        "Special Income Charges": NaN,
        "Write Off": NaN,
        "Impairment Of Capital Assets": NaN,
        "Restructuring And Mergern Acquisition": NaN,
        "Net Non Operating Interest Income Expense": -4076000.0,
        "Interest Expense Non Operating": 4076000.0,
        "Operating Income": -2776000.0,
        "Operating Expense": 46039000.0,
        "Depreciation Amortization Depletion Income Statement": 17443000.0,
        "Depreciation And Amortization In Income Statement": 17443000.0,
        "Selling General And Administration": 28596000.0,
        "Gross Profit": 43263000.0,
        "Cost Of Revenue": 25985000.0,
        "Total Revenue": 69248000.0,
        "Operating Revenue": 69248000.0
    },
    "2024-06-30": {
        "Tax Effect Of Unusual Items": -3276581.538975,
        "Tax Rate For Calcs": 0.289323,
        "Normalized EBITDA": 22927000.0,
        "Total Unusual Items": -11325000.0,
        "Total Unusual Items Excluding Goodwill": -11325000.0,
        "Net Income From Continuing Operation Net Minority Interest": -12773000.0,
        "Reconciled Depreciation": 25579000.0,
        "Reconciled Cost Of Revenue": 34541000.0,
        "EBITDA": 11602000.0,
        "EBIT": -13977000.0,
        "Net Interest Income": -3996000.0,
        "Interest Expense": 3996000.0,
        "Normalized Income": -4724581.538975,
        "Net Income From Continuing And Discontinued Operation": -12872000.0,
        "Total Expenses": 90359000.0,
        "Total Operating Income As Reported": -15885000.0,
        "Diluted Average Shares": 54730000.0,
        "Basic Average Shares": 54730000.0,
        "Diluted EPS": -0.24,
        "Basic EPS": -0.24,
        "Diluted NI Availto Com Stockholders": -12872000.0,
        "Net Income Common Stockholders": -12872000.0,
        "Net Income": -12872000.0,
        "Net Income Including Noncontrolling Interests": -12872000.0,
        "Net Income Discontinuous Operations": -99000.0,
        "Net Income Continuous Operations": -12773000.0,
        "Tax Provision": -5200000.0,
        "Pretax Income": -17973000.0,
        "Other Income Expense": -9417000.0,
        "Other Non Operating Income Expenses": 1908000.0,
        "Special Income Charges": -11325000.0,
        "Write Off": 0.0,
        "Impairment Of Capital Assets": NaN,
        "Restructuring And Mergern Acquisition": 11325000.0,
        "Net Non Operating Interest Income Expense": -3996000.0,
        "Interest Expense Non Operating": 3996000.0,
        "Operating Income": -4560000.0,
        "Operating Expense": 55818000.0,
        "Depreciation Amortization Depletion Income Statement": 25579000.0,
        "Depreciation And Amortization In Income Statement": 25579000.0,
        "Selling General And Administration": 30239000.0,
        "Gross Profit": 51258000.0,
        "Cost Of Revenue": 34541000.0,
        "Total Revenue": 85799000.0,
        "Operating Revenue": 85799000.0
    }
}