{
    "2023-03-31": {
        "Tax Effect Of Unusual Items": 0.0,
        "Tax Rate For Calcs": 0.155,
        "Normalized EBITDA": 28607000.0,
        "Total Unusual Items": NaN,
        "Total Unusual Items Excluding Goodwill": NaN,
        "Net Income From Continuing Operation Net Minority Interest": 14296000.0,
        "Reconciled Depreciation": 2507000.0,
        "Reconciled Cost Of Revenue": 56487000.0,
        "EBITDA": 28607000.0,
        "EBIT": 26100000.0,
        "Net Interest Income": -5996000.0,
        "Interest Expense": 5996000.0,
        "Normalized Income": 14296000.0,
        "Net Income From Continuing And Discontinued Operation": 14296000.0,
        "Total Expenses": 78986000.0,
        "Total Operating Income As Reported": 26100000.0,
        "Diluted Average Shares": 147107000.0,
        "Basic Average Shares": 146409000.0,
        "Diluted EPS": 0.1,
        "Basic EPS": 0.1,
        "Diluted NI Availto Com Stockholders": 14296000.0,
        "Net Income Common Stockholders": 14296000.0,
        "Net Income": 14296000.0,
        "Minority Interests": -2687000.0,
        "Net Income Including Noncontrolling Interests": 16983000.0,
        "Net Income Continuous Operations": 16983000.0,
        "Tax Provision": 3121000.0,
        "Pretax Income": 20104000.0,
        "Special Income Charges": NaN,
        "Net Non Operating Interest Income Expense": -5996000.0,
        "Interest Expense Non Operating": 5996000.0,
        "Operating Income": 26100000.0,
        "Operating Expense": 22157000.0,
        "Depreciation Amortization Depletion Income Statement": 2165000.0,
        "Depreciation And Amortization In Income Statement": 2165000.0,
        "Selling General And Administration": 19992000.0,
        "General And Administrative Expense": 19992000.0,
        "Other Gand A": 19992000.0,
        "Gross Profit": 48257000.0,
        "Cost Of Revenue": 56829000.0,
        "Total Revenue": 105086000.0,
        "Operating Revenue": 105086000.0
    },
    "2022-12-31": {
        "Tax Effect Of Unusual Items": NaN,
        "Tax Rate For Calcs": NaN,
        "Normalized EBITDA": NaN,
        "Total Unusual Items": 0.0,
        "Total Unusual Items Excluding Goodwill": 0.0,
        "Net Income From Continuing Operation Net Minority Interest": NaN,
        "Reconciled Depreciation": NaN,
        "Reconciled Cost Of Revenue": NaN,
        "EBITDA": NaN,
        "EBIT": NaN,
        "Net Interest Income": NaN,
        "Interest Expense": NaN,
        "Normalized Income": NaN,
        "Net Income From Continuing And Discontinued Operation": NaN,
        "Total Expenses": NaN,
        "Total Operating Income As Reported": NaN,
        "Diluted Average Shares": NaN,
        "Basic Average Shares": NaN,
        "Diluted EPS": NaN,
        "Basic EPS": NaN,
        "Diluted NI Availto Com Stockholders": NaN,
        "Net Income Common Stockholders": NaN,
        "Net Income": NaN,
        "Minority Interests": NaN,
        "Net Income Including Noncontrolling Interests": NaN,
        "Net Income Continuous Operations": NaN,
        "Tax Provision": NaN,
        "Pretax Income": NaN,
        "Special Income Charges": 0.0,
        "Net Non Operating Interest Income Expense": NaN,
        "Interest Expense Non Operating": NaN,
        "Operating Income": NaN,
        "Operating Expense": NaN,
        "Depreciation Amortization Depletion Income Statement": NaN,
        "Depreciation And Amortization In Income Statement": NaN,
        "Selling General And Administration": NaN,
        "General And Administrative Expense": NaN,
        "Other Gand A": NaN,
        "Gross Profit": NaN,
        "Cost Of Revenue": NaN,
        "Total Revenue": NaN,
        "Operating Revenue": NaN
    },
    "2022-09-30": {
        "Tax Effect Of Unusual Items": NaN,
        "Tax Rate For Calcs": NaN,
        "Normalized EBITDA": NaN,
        "Total Unusual Items": 0.0,
        "Total Unusual Items Excluding Goodwill": 0.0,
        "Net Income From Continuing Operation Net Minority Interest": NaN,
        "Reconciled Depreciation": NaN,
        "Reconciled Cost Of Revenue": NaN,
        "EBITDA": NaN,
        "EBIT": NaN,
        "Net Interest Income": NaN,
        "Interest Expense": NaN,
        "Normalized Income": NaN,
        "Net Income From Continuing And Discontinued Operation": NaN,
        "Total Expenses": NaN,
        "Total Operating Income As Reported": NaN,
        "Diluted Average Shares": NaN,
        "Basic Average Shares": NaN,
        "Diluted EPS": NaN,
        "Basic EPS": NaN,
        "Diluted NI Availto Com Stockholders": NaN,
        "Net Income Common Stockholders": NaN,
        "Net Income": NaN,
        "Minority Interests": NaN,
        "Net Income Including Noncontrolling Interests": NaN,
        "Net Income Continuous Operations": NaN,
        "Tax Provision": NaN,
        "Pretax Income": NaN,
        "Special Income Charges": 0.0,
        "Net Non Operating Interest Income Expense": NaN,
        "Interest Expense Non Operating": NaN,
        "Operating Income": NaN,
        "Operating Expense": NaN,
        "Depreciation Amortization Depletion Income Statement": NaN,
        "Depreciation And Amortization In Income Statement": NaN,
        "Selling General And Administration": NaN,
        "General And Administrative Expense": NaN,
        "Other Gand A": NaN,
        "Gross Profit": NaN,
        "Cost Of Revenue": NaN,
        "Total Revenue": NaN,
        "Operating Revenue": NaN
    },
    "2022-06-30": {
        "Tax Effect Of Unusual Items": 0.0,
        "Tax Rate For Calcs": 0.171,
        "Normalized EBITDA": 15692000.0,
        "Total Unusual Items": 0.0,
        "Total Unusual Items Excluding Goodwill": 0.0,
        "Net Income From Continuing Operation Net Minority Interest": 4402000.0,
        "Reconciled Depreciation": 2708000.0,
        "Reconciled Cost Of Revenue": 44533000.0,
        "EBITDA": 15692000.0,
        "EBIT": 12984000.0,
        "Net Interest Income": -4170000.0,
        "Interest Expense": 4170000.0,
        "Normalized Income": 4402000.0,
        "Net Income From Continuing And Discontinued Operation": 4402000.0,
        "Total Expenses": 60506000.0,
        "Total Operating Income As Reported": 12984000.0,
        "Diluted Average Shares": 112616000.0,
        "Basic Average Shares": 112489000.0,
        "Diluted EPS": 0.04,
        "Basic EPS": 0.04,
        "Diluted NI Availto Com Stockholders": 4402000.0,
        "Net Income Common Stockholders": 4402000.0,
        "Net Income": 4402000.0,
        "Minority Interests": -2901000.0,
        "Net Income Including Noncontrolling Interests": 7303000.0,
        "Net Income Continuous Operations": 7303000.0,
        "Tax Provision": 1511000.0,
        "Pretax Income": 8814000.0,
        "Other Income Expense": NaN,
        "Other Non Operating Income Expenses": NaN,
        "Special Income Charges": 0.0,
        "Net Non Operating Interest Income Expense": -4170000.0,
        "Interest Expense Non Operating": 4170000.0,
        "Operating Income": 12984000.0,
        "Operating Expense": 15609000.0,
        "Depreciation Amortization Depletion Income Statement": 2344000.0,
        "Depreciation And Amortization In Income Statement": 2344000.0,
        "Selling General And Administration": 13265000.0,
        "General And Administrative Expense": 13265000.0,
        "Other Gand A": 13265000.0,
        "Gross Profit": 28593000.0,
        "Cost Of Revenue": 44897000.0,
        "Total Revenue": 73490000.0,
        "Operating Revenue": 73490000.0
    },
    "2023-06-30": {
        "Tax Effect Of Unusual Items": 0.0,
        "Tax Rate For Calcs": 0.248,
        "Normalized EBITDA": 34221000.0,
        "Net Income From Continuing Operation Net Minority Interest": 18924000.0,
        "Reconciled Depreciation": 2585000.0,
        "Reconciled Cost Of Revenue": 68264000.0,
        "EBITDA": 34221000.0,
        "EBIT": 31636000.0,
        "Net Interest Income": -6505000.0,
        "Interest Expense": 6505000.0,
        "Normalized Income": 18924000.0,
        "Net Income From Continuing And Discontinued Operation": 18924000.0,
        "Total Expenses": 87572000.0,
        "Total Operating Income As Reported": 31636000.0,
        "Diluted Average Shares": 170241000.0,
        "Basic Average Shares": 169887000.0,
        "Diluted EPS": 0.11,
        "Basic EPS": 0.11,
        "Diluted NI Availto Com Stockholders": 18924000.0,
        "Net Income Common Stockholders": 18924000.0,
        "Net Income": 18924000.0,
        "Minority Interests": 0.0,
        "Net Income Including Noncontrolling Interests": 18924000.0,
        "Net Income Continuous Operations": 18924000.0,
        "Tax Provision": 6207000.0,
        "Pretax Income": 25131000.0,
        "Net Non Operating Interest Income Expense": -6505000.0,
        "Interest Expense Non Operating": 6505000.0,
        "Operating Income": 31636000.0,
        "Operating Expense": 18881000.0,
        "Depreciation Amortization Depletion Income Statement": 2158000.0,
        "Depreciation And Amortization In Income Statement": 2158000.0,
        "Selling General And Administration": 16723000.0,
        "General And Administrative Expense": 16723000.0,
        "Other Gand A": 16723000.0,
        "Gross Profit": 50517000.0,
        "Cost Of Revenue": 68691000.0,
        "Total Revenue": 119208000.0,
        "Operating Revenue": 119208000.0
    },
    "2022-03-31": {
        "Diluted EPS": 0.02,
        "Total Revenue": 68,
        "Gross Profit": 26,
        "Operating Income": 10,
        "EBIT": 13,
        "Net Income": 3
    },
    "2021-12-31": {
        "Diluted EPS": -0.01,
        "Total Revenue": 48,
        "Gross Profit": 16,
        "Operating Income": 3,
        "EBIT": 6,
        "Net Income": -2
    },
    "2021-09-30": {
        "Diluted EPS": 0.02,
        "Total Revenue": 60,
        "Gross Profit": 22,
        "Operating Income": 10,
        "EBIT": 12,
        "Net Income": 2
    },
    "2021-06-30": {
        "Diluted EPS": 0.05,
        "Total Revenue": 60,
        "Gross Profit": 26,
        "Operating Income": 14,
        "EBIT": 17,
        "Net Income": 5
    },
    "2021-03-31": {
        "Diluted EPS": -0.06,
        "Total Revenue": 46,
        "Gross Profit": 19,
        "Operating Income": 10,
        "EBIT": 17,
        "Net Income": -3
    },
    "2020-12-31": {
        "Diluted EPS": 0.0,
        "Total Revenue": 39,
        "Gross Profit": 15,
        "Operating Income": 7,
        "EBIT": 10,
        "Net Income": 4
    },
    "2020-09-30": {
        "Diluted EPS": 0.0,
        "Total Revenue": 53,
        "Gross Profit": 21,
        "Operating Income": 15,
        "EBIT": 17,
        "Net Income": 15
    },
    "2020-06-30": {
        "Diluted EPS": 0.0,
        "Total Revenue": 43,
        "Gross Profit": 17,
        "Operating Income": 5,
        "EBIT": 8,
        "Net Income": 5
    },
    "2020-03-31": {
        "Diluted EPS": 0.0,
        "Total Revenue": 41,
        "Gross Profit": 14,
        "Operating Income": 10,
        "EBIT": 12,
        "Net Income": 9
    },
    "2019-12-31": {
        "Diluted EPS": 0.0,
        "Total Revenue": NaN,
        "Gross Profit": NaN,
        "Operating Income": NaN,
        "EBIT": NaN,
        "Net Income": NaN
    },
    "2019-09-30": {
        "Diluted EPS": 0.0,
        "Total Revenue": NaN,
        "Gross Profit": NaN,
        "Operating Income": NaN,
        "EBIT": NaN,
        "Net Income": NaN
    },
    "2018-12-31": {
        "Diluted EPS": 0.0,
        "Total Revenue": NaN,
        "Gross Profit": NaN,
        "Operating Income": NaN,
        "EBIT": NaN,
        "Net Income": NaN
    },
    "2023-09-30": {
        "Tax Effect Of Unusual Items": 0.0,
        "Tax Rate For Calcs": 0.4,
        "Normalized EBITDA": -7919000.0,
        "Net Income From Continuing Operation Net Minority Interest": -9828000.0,
        "Reconciled Depreciation": 2652000.0,
        "Reconciled Cost Of Revenue": 119577000.0,
        "EBITDA": -7919000.0,
        "EBIT": -10571000.0,
        "Net Interest Income": -5899000.0,
        "Interest Expense": 5899000.0,
        "Normalized Income": -9828000.0,
        "Net Income From Continuing And Discontinued Operation": -9828000.0,
        "Total Expenses": 144780000.0,
        "Total Operating Income As Reported": -10571000.0,
        "Diluted Average Shares": 169965000.0,
        "Basic Average Shares": 169965000.0,
        "Diluted EPS": -0.06,
        "Basic EPS": -0.06,
        "Diluted NI Availto Com Stockholders": -9828000.0,
        "Net Income Common Stockholders": -9828000.0,
        "Net Income": -9828000.0,
        "Minority Interests": 0.0,
        "Net Income Including Noncontrolling Interests": -9828000.0,
        "Net Income Continuous Operations": -9828000.0,
        "Tax Provision": -6642000.0,
        "Pretax Income": -16470000.0,
        "Net Non Operating Interest Income Expense": -5899000.0,
        "Interest Expense Non Operating": 5899000.0,
        "Operating Income": -10571000.0,
        "Operating Expense": 24721000.0,
        "Depreciation Amortization Depletion Income Statement": 2170000.0,
        "Depreciation And Amortization In Income Statement": 2170000.0,
        "Selling General And Administration": 22551000.0,
        "General And Administrative Expense": 22551000.0,
        "Other Gand A": 22551000.0,
        "Gross Profit": 14150000.0,
        "Cost Of Revenue": 120059000.0,
        "Total Revenue": 134209000.0,
        "Operating Revenue": 134209000.0
    },
    "2023-12-31": {
        "Tax Effect Of Unusual Items": 0.0,
        "Tax Rate For Calcs": 0.366374,
        "Normalized EBITDA": 34655000.0,
        "Net Income From Continuing Operation Net Minority Interest": 16582000.0,
        "Reconciled Depreciation": 2785000.0,
        "Reconciled Cost Of Revenue": 74328000.0,
        "EBITDA": 34655000.0,
        "EBIT": 31870000.0,
        "Net Interest Income": -5700000.0,
        "Interest Expense": 5700000.0,
        "Normalized Income": 16582000.0,
        "Net Income From Continuing And Discontinued Operation": 16582000.0,
        "Total Expenses": 98566000.0,
        "Total Operating Income As Reported": 31870000.0,
        "Diluted Average Shares": 170287000.0,
        "Basic Average Shares": 170075000.0,
        "Diluted EPS": 0.1,
        "Basic EPS": 0.1,
        "Diluted NI Availto Com Stockholders": 16582000.0,
        "Net Income Common Stockholders": 16582000.0,
        "Net Income": 16582000.0,
        "Minority Interests": 0.0,
        "Net Income Including Noncontrolling Interests": 16582000.0,
        "Net Income Continuous Operations": 16582000.0,
        "Tax Provision": 9588000.0,
        "Pretax Income": 26170000.0,
        "Net Non Operating Interest Income Expense": -5700000.0,
        "Interest Expense Non Operating": 5700000.0,
        "Operating Income": 31870000.0,
        "Operating Expense": 23510000.0,
        "Depreciation Amortization Depletion Income Statement": 2057000.0,
        "Depreciation And Amortization In Income Statement": 2057000.0,
        "Selling General And Administration": 21453000.0,
        "General And Administrative Expense": 21453000.0,
        "Other Gand A": 21453000.0,
        "Gross Profit": 55380000.0,
        "Cost Of Revenue": 75056000.0,
        "Total Revenue": 130436000.0,
        "Operating Revenue": 130436000.0
    },
    "2024-03-31": {
        "Tax Effect Of Unusual Items": 0.0,
        "Tax Rate For Calcs": 0.339,
        "Normalized EBITDA": 14586000.0,
        "Net Income From Continuing Operation Net Minority Interest": 4774000.0,
        "Reconciled Depreciation": 3002000.0,
        "Reconciled Cost Of Revenue": 53449000.0,
        "EBITDA": 14586000.0,
        "EBIT": 11584000.0,
        "Net Interest Income": -4362000.0,
        "Interest Expense": 4362000.0,
        "Normalized Income": 4774000.0,
        "Net Income From Continuing And Discontinued Operation": 4774000.0,
        "Total Expenses": 79223000.0,
        "Total Operating Income As Reported": 11584000.0,
        "Diluted Average Shares": 170514000.0,
        "Basic Average Shares": 170282000.0,
        "Diluted EPS": 0.03,
        "Basic EPS": 0.03,
        "Diluted NI Availto Com Stockholders": 4774000.0,
        "Net Income Common Stockholders": 4774000.0,
        "Net Income": 4774000.0,
        "Minority Interests": 0.0,
        "Net Income Including Noncontrolling Interests": 4774000.0,
        "Net Income Continuous Operations": 4774000.0,
        "Tax Provision": 2448000.0,
        "Pretax Income": 7222000.0,
        "Net Non Operating Interest Income Expense": -4362000.0,
        "Interest Expense Non Operating": 4362000.0,
        "Operating Income": 11584000.0,
        "Operating Expense": 24876000.0,
        "Depreciation Amortization Depletion Income Statement": 2104000.0,
        "Depreciation And Amortization In Income Statement": 2104000.0,
        "Selling General And Administration": 22772000.0,
        "General And Administrative Expense": 22772000.0,
        "Other Gand A": 22772000.0,
        "Gross Profit": 36460000.0,
        "Cost Of Revenue": 54347000.0,
        "Total Revenue": 90807000.0,
        "Operating Revenue": 90807000.0
    },
    "2024-06-30": {
        "Tax Effect Of Unusual Items": 0.0,
        "Tax Rate For Calcs": 0.247,
        "Normalized EBITDA": 21760000.0,
        "Net Income From Continuing Operation Net Minority Interest": 11802000.0,
        "Reconciled Depreciation": 3179000.0,
        "Reconciled Cost Of Revenue": 58271000.0,
        "EBITDA": 21760000.0,
        "EBIT": 18581000.0,
        "Net Interest Income": -3063000.0,
        "Interest Expense": 3063000.0,
        "Normalized Income": 11802000.0,
        "Net Income From Continuing And Discontinued Operation": 11802000.0,
        "Total Expenses": 80668000.0,
        "Total Operating Income As Reported": 18581000.0,
        "Diluted Average Shares": 170100000.0,
        "Basic Average Shares": 169991000.0,
        "Diluted EPS": 0.07,
        "Basic EPS": 0.07,
        "Diluted NI Availto Com Stockholders": 11802000.0,
        "Net Income Common Stockholders": 11802000.0,
        "Net Income": 11802000.0,
        "Minority Interests": 0.0,
        "Net Income Including Noncontrolling Interests": 11802000.0,
        "Net Income Continuous Operations": 11802000.0,
        "Tax Provision": 3716000.0,
        "Pretax Income": 15518000.0,
        "Net Non Operating Interest Income Expense": -3063000.0,
        "Interest Expense Non Operating": 3063000.0,
        "Operating Income": 18581000.0,
        "Operating Expense": 21416000.0,
        "Depreciation Amortization Depletion Income Statement": 2198000.0,
        "Depreciation And Amortization In Income Statement": 2198000.0,
        "Selling General And Administration": 19218000.0,
        "General And Administrative Expense": 19218000.0,
        "Other Gand A": 19218000.0,
        "Gross Profit": 39997000.0,
        "Cost Of Revenue": 59252000.0,
        "Total Revenue": 99249000.0,
        "Operating Revenue": 99249000.0
    },
    "2024-09-30": {
        "Tax Effect Of Unusual Items": 0.0,
        "Tax Rate For Calcs": 0.21,
        "Normalized EBITDA": 7675000.0,
        "Net Income From Continuing Operation Net Minority Interest": -267000.0,
        "Reconciled Depreciation": 3151000.0,
        "Reconciled Cost Of Revenue": 75747000.0,
        "EBITDA": 7675000.0,
        "EBIT": 4524000.0,
        "Net Interest Income": -3088000.0,
        "Interest Expense": 3088000.0,
        "Normalized Income": -267000.0,
        "Net Income From Continuing And Discontinued Operation": -267000.0,
        "Total Expenses": 97641000.0,
        "Total Operating Income As Reported": 4524000.0,
        "Diluted Average Shares": 167381000.0,
        "Basic Average Shares": 167318000.0,
        "Diluted EPS": -0.001596,
        "Basic EPS": -0.001596,
        "Diluted NI Availto Com Stockholders": -267000.0,
        "Net Income Common Stockholders": -267000.0,
        "Net Income": -267000.0,
        "Minority Interests": 0.0,
        "Net Income Including Noncontrolling Interests": -267000.0,
        "Net Income Continuous Operations": -267000.0,
        "Tax Provision": 1703000.0,
        "Pretax Income": 1436000.0,
        "Net Non Operating Interest Income Expense": -3088000.0,
        "Interest Expense Non Operating": 3088000.0,
        "Operating Income": 4524000.0,
        "Operating Expense": 20852000.0,
        "Depreciation Amortization Depletion Income Statement": 2109000.0,
        "Depreciation And Amortization In Income Statement": 2109000.0,
        "Selling General And Administration": 18743000.0,
        "General And Administrative Expense": 18743000.0,
        "Other Gand A": 18743000.0,
        "Gross Profit": 25376000.0,
        "Cost Of Revenue": 76789000.0,
        "Total Revenue": 102165000.0,
        "Operating Revenue": 102165000.0
    }
}