{
    "2023-03-31": {
        "Tax Effect Of Unusual Items": NaN,
        "Tax Rate For Calcs": NaN,
        "Normalized EBITDA": NaN,
        "Total Unusual Items": 0.0,
        "Total Unusual Items Excluding Goodwill": 0.0,
        "Net Income From Continuing Operation Net Minority Interest": NaN,
        "Reconciled Depreciation": NaN,
        "Reconciled Cost Of Revenue": NaN,
        "EBITDA": NaN,
        "EBIT": NaN,
        "Net Interest Income": NaN,
        "Interest Income": 2020000.0,
        "Normalized Income": NaN,
        "Net Income From Continuing And Discontinued Operation": NaN,
        "Total Expenses": NaN,
        "Total Operating Income As Reported": NaN,
        "Diluted Average Shares": NaN,
        "Basic Average Shares": NaN,
        "Diluted EPS": NaN,
        "Basic EPS": NaN,
        "Diluted NI Availto Com Stockholders": NaN,
        "Net Income Common Stockholders": NaN,
        "Net Income": NaN,
        "Minority Interests": NaN,
        "Net Income Including Noncontrolling Interests": NaN,
        "Net Income Continuous Operations": NaN,
        "Tax Provision": NaN,
        "Pretax Income": NaN,
        "Other Income Expense": NaN,
        "Special Income Charges": 0.0,
        "Impairment Of Capital Assets": 0.0,
        "Restructuring And Mergern Acquisition": NaN,
        "Net Non Operating Interest Income Expense": NaN,
        "Total Other Finance Cost": NaN,
        "Interest Income Non Operating": 2020000.0,
        "Operating Income": NaN,
        "Operating Expense": NaN,
        "Other Operating Expenses": NaN,
        "Gross Profit": NaN,
        "Cost Of Revenue": NaN,
        "Total Revenue": NaN,
        "Operating Revenue": NaN
    },
    "2022-12-31": {
        "Tax Effect Of Unusual Items": NaN,
        "Tax Rate For Calcs": NaN,
        "Normalized EBITDA": NaN,
        "Total Unusual Items": 0.0,
        "Total Unusual Items Excluding Goodwill": 0.0,
        "Net Income From Continuing Operation Net Minority Interest": NaN,
        "Reconciled Depreciation": NaN,
        "Reconciled Cost Of Revenue": NaN,
        "EBITDA": NaN,
        "EBIT": NaN,
        "Net Interest Income": NaN,
        "Interest Income": NaN,
        "Normalized Income": NaN,
        "Net Income From Continuing And Discontinued Operation": NaN,
        "Total Expenses": NaN,
        "Total Operating Income As Reported": NaN,
        "Diluted Average Shares": NaN,
        "Basic Average Shares": NaN,
        "Diluted EPS": NaN,
        "Basic EPS": NaN,
        "Diluted NI Availto Com Stockholders": NaN,
        "Net Income Common Stockholders": NaN,
        "Net Income": NaN,
        "Minority Interests": NaN,
        "Net Income Including Noncontrolling Interests": NaN,
        "Net Income Continuous Operations": NaN,
        "Tax Provision": NaN,
        "Pretax Income": NaN,
        "Other Income Expense": NaN,
        "Special Income Charges": 0.0,
        "Impairment Of Capital Assets": 0.0,
        "Restructuring And Mergern Acquisition": NaN,
        "Net Non Operating Interest Income Expense": NaN,
        "Total Other Finance Cost": NaN,
        "Interest Income Non Operating": NaN,
        "Operating Income": NaN,
        "Operating Expense": NaN,
        "Other Operating Expenses": NaN,
        "Gross Profit": NaN,
        "Cost Of Revenue": NaN,
        "Total Revenue": NaN,
        "Operating Revenue": NaN
    },
    "2022-09-30": {
        "Tax Effect Of Unusual Items": NaN,
        "Tax Rate For Calcs": NaN,
        "Normalized EBITDA": NaN,
        "Total Unusual Items": 0.0,
        "Total Unusual Items Excluding Goodwill": 0.0,
        "Net Income From Continuing Operation Net Minority Interest": NaN,
        "Reconciled Depreciation": NaN,
        "Reconciled Cost Of Revenue": NaN,
        "EBITDA": NaN,
        "EBIT": NaN,
        "Net Interest Income": NaN,
        "Interest Income": 1340000.0,
        "Normalized Income": NaN,
        "Net Income From Continuing And Discontinued Operation": NaN,
        "Total Expenses": NaN,
        "Total Operating Income As Reported": NaN,
        "Diluted Average Shares": NaN,
        "Basic Average Shares": NaN,
        "Diluted EPS": NaN,
        "Basic EPS": NaN,
        "Diluted NI Availto Com Stockholders": NaN,
        "Net Income Common Stockholders": NaN,
        "Net Income": NaN,
        "Minority Interests": NaN,
        "Net Income Including Noncontrolling Interests": NaN,
        "Net Income Continuous Operations": NaN,
        "Tax Provision": NaN,
        "Pretax Income": NaN,
        "Other Income Expense": NaN,
        "Special Income Charges": 0.0,
        "Impairment Of Capital Assets": 0.0,
        "Net Non Operating Interest Income Expense": NaN,
        "Total Other Finance Cost": -1340000.0,
        "Interest Income Non Operating": 1340000.0,
        "Operating Income": NaN,
        "Operating Expense": NaN,
        "Other Operating Expenses": NaN,
        "Gross Profit": NaN,
        "Cost Of Revenue": NaN,
        "Total Revenue": NaN,
        "Operating Revenue": NaN
    },
    "2022-06-30": {
        "Tax Effect Of Unusual Items": 0.0,
        "Tax Rate For Calcs": 0.235082,
        "Normalized EBITDA": 70487000.0,
        "Total Unusual Items": 0.0,
        "Total Unusual Items Excluding Goodwill": 0.0,
        "Net Income From Continuing Operation Net Minority Interest": 48460000.0,
        "Reconciled Depreciation": 5248000.0,
        "Reconciled Cost Of Revenue": 317224000.0,
        "EBITDA": 70487000.0,
        "EBIT": 65239000.0,
        "Net Interest Income": -1291000.0,
        "Interest Expense": 1291000.0,
        "Interest Income": NaN,
        "Normalized Income": 48460000.0,
        "Net Income From Continuing And Discontinued Operation": 48460000.0,
        "Total Expenses": 469750000.0,
        "Total Operating Income As Reported": 65239000.0,
        "Diluted Average Shares": 78714000.0,
        "Basic Average Shares": 76556000.0,
        "Diluted EPS": 0.62,
        "Basic EPS": 0.63,
        "Diluted NI Availto Com Stockholders": 48460000.0,
        "Net Income Common Stockholders": 48460000.0,
        "Net Income": 48460000.0,
        "Minority Interests": -455000.0,
        "Net Income Including Noncontrolling Interests": 48915000.0,
        "Net Income Continuous Operations": 48915000.0,
        "Tax Provision": 15033000.0,
        "Pretax Income": 63948000.0,
        "Special Income Charges": 0.0,
        "Impairment Of Capital Assets": 0.0,
        "Net Non Operating Interest Income Expense": -1291000.0,
        "Total Other Finance Cost": NaN,
        "Interest Expense Non Operating": 1291000.0,
        "Interest Income Non Operating": NaN,
        "Operating Income": 65239000.0,
        "Operating Expense": 152526000.0,
        "Other Operating Expenses": 152526000.0,
        "Gross Profit": 217765000.0,
        "Cost Of Revenue": 317224000.0,
        "Total Revenue": 534989000.0,
        "Operating Revenue": 534989000.0
    },
    "2023-06-30": {
        "Tax Effect Of Unusual Items": NaN,
        "Tax Rate For Calcs": NaN,
        "Normalized EBITDA": NaN,
        "Total Unusual Items": 0.0,
        "Total Unusual Items Excluding Goodwill": 0.0,
        "Net Income From Continuing Operation Net Minority Interest": NaN,
        "Reconciled Depreciation": NaN,
        "Reconciled Cost Of Revenue": NaN,
        "EBITDA": NaN,
        "EBIT": NaN,
        "Net Interest Income": NaN,
        "Interest Income": 1956000.0,
        "Normalized Income": NaN,
        "Net Income From Continuing And Discontinued Operation": NaN,
        "Total Expenses": NaN,
        "Total Operating Income As Reported": NaN,
        "Diluted Average Shares": NaN,
        "Basic Average Shares": NaN,
        "Diluted EPS": NaN,
        "Basic EPS": NaN,
        "Diluted NI Availto Com Stockholders": NaN,
        "Net Income Common Stockholders": NaN,
        "Net Income": NaN,
        "Minority Interests": NaN,
        "Net Income Including Noncontrolling Interests": NaN,
        "Net Income Continuous Operations": NaN,
        "Tax Provision": NaN,
        "Pretax Income": NaN,
        "Other Income Expense": NaN,
        "Special Income Charges": 0.0,
        "Impairment Of Capital Assets": 0.0,
        "Restructuring And Mergern Acquisition": 0.0,
        "Net Non Operating Interest Income Expense": NaN,
        "Total Other Finance Cost": -1956000.0,
        "Interest Income Non Operating": 1956000.0,
        "Operating Income": NaN,
        "Operating Expense": NaN,
        "Other Operating Expenses": NaN,
        "Gross Profit": NaN,
        "Cost Of Revenue": NaN,
        "Total Revenue": NaN,
        "Operating Revenue": NaN
    },
    "2022-03-31": {
        "Diluted EPS": 0.94,
        "Total Revenue": 560,
        "Gross Profit": 228,
        "Operating Income": 98,
        "EBIT": 103,
        "Net Income": 75
    },
    "2021-12-31": {
        "Diluted EPS": 0.81,
        "Total Revenue": 578,
        "Gross Profit": 238,
        "Operating Income": 79,
        "EBIT": 86,
        "Net Income": 66
    },
    "2021-09-30": {
        "Diluted EPS": 0.82,
        "Total Revenue": 529,
        "Gross Profit": 220,
        "Operating Income": 88,
        "EBIT": 91,
        "Net Income": 67
    },
    "2021-06-30": {
        "Diluted EPS": 0.45,
        "Total Revenue": 398,
        "Gross Profit": 170,
        "Operating Income": 48,
        "EBIT": 53,
        "Net Income": 37
    },
    "2021-03-31": {
        "Diluted EPS": 0.26,
        "Total Revenue": 361,
        "Gross Profit": 139,
        "Operating Income": 28,
        "EBIT": 32,
        "Net Income": 21
    },
    "2020-12-31": {
        "Diluted EPS": 0.29,
        "Total Revenue": 353,
        "Gross Profit": 135,
        "Operating Income": 21,
        "EBIT": -10,
        "Net Income": 23
    },
    "2020-09-30": {
        "Diluted EPS": -0.09,
        "Total Revenue": 347,
        "Gross Profit": 140,
        "Operating Income": -3,
        "EBIT": 41,
        "Net Income": -7
    },
    "2020-06-30": {
        "Diluted EPS": -0.21,
        "Total Revenue": 143,
        "Gross Profit": 56,
        "Operating Income": -24,
        "EBIT": -18,
        "Net Income": -17
    },
    "2020-03-31": {
        "Diluted EPS": -0.22,
        "Total Revenue": 359,
        "Gross Profit": 133,
        "Operating Income": -26,
        "EBIT": 17,
        "Net Income": -17
    },
    "2019-12-31": {
        "Diluted EPS": 0.21,
        "Total Revenue": 420,
        "Gross Profit": 158,
        "Operating Income": 19,
        "EBIT": 25,
        "Net Income": 18
    },
    "2019-09-30": {
        "Diluted EPS": 0.63,
        "Total Revenue": 502,
        "Gross Profit": 196,
        "Operating Income": 68,
        "EBIT": 75,
        "Net Income": 52
    },
    "2019-06-30": {
        "Diluted EPS": 0.44,
        "Total Revenue": 450,
        "Gross Profit": 170,
        "Operating Income": 45,
        "EBIT": 54,
        "Net Income": 37
    },
    "2019-03-31": {
        "Diluted EPS": 0.41,
        "Total Revenue": 416,
        "Gross Profit": 162,
        "Operating Income": 45,
        "EBIT": 50,
        "Net Income": 35
    },
    "2018-12-31": {
        "Diluted EPS": 0.15,
        "Total Revenue": 434,
        "Gross Profit": 176,
        "Operating Income": 25,
        "EBIT": 30,
        "Net Income": 12
    },
    "2018-09-30": {
        "Diluted EPS": 0.64,
        "Total Revenue": 458,
        "Gross Profit": 175,
        "Operating Income": 70,
        "EBIT": 76,
        "Net Income": 56
    },
    "2018-06-30": {
        "Diluted EPS": 0.38,
        "Total Revenue": 396,
        "Gross Profit": 148,
        "Operating Income": 42,
        "EBIT": 47,
        "Net Income": 32
    },
    "2018-03-31": {
        "Diluted EPS": 0.33,
        "Total Revenue": 389,
        "Gross Profit": 141,
        "Operating Income": 37,
        "EBIT": 42,
        "Net Income": 29
    },
    "2017-12-31": {
        "Diluted EPS": 0.28,
        "Total Revenue": 385,
        "Gross Profit": 161,
        "Operating Income": 32,
        "EBIT": 38,
        "Net Income": 25
    },
    "2017-09-30": {
        "Diluted EPS": 0.51,
        "Total Revenue": 441,
        "Gross Profit": 166,
        "Operating Income": 65,
        "EBIT": 71,
        "Net Income": 44
    },
    "2017-06-30": {
        "Diluted EPS": 0.33,
        "Total Revenue": 374,
        "Gross Profit": 139,
        "Operating Income": 42,
        "EBIT": 47,
        "Net Income": 29
    },
    "2017-03-31": {
        "Diluted EPS": 0.23,
        "Total Revenue": 366,
        "Gross Profit": 133,
        "Operating Income": 31,
        "EBIT": 36,
        "Net Income": 20
    },
    "2016-12-31": {
        "Diluted EPS": 0.32,
        "Total Revenue": 336,
        "Gross Profit": 130,
        "Operating Income": 40,
        "EBIT": 45,
        "Net Income": 29
    },
    "2016-09-30": {
        "Diluted EPS": 0.49,
        "Total Revenue": 408,
        "Gross Profit": 155,
        "Operating Income": 64,
        "EBIT": 69,
        "Net Income": 44
    },
    "2016-06-30": {
        "Diluted EPS": 0.27,
        "Total Revenue": 325,
        "Gross Profit": 121,
        "Operating Income": 36,
        "EBIT": 41,
        "Net Income": 25
    },
    "2016-03-31": {
        "Diluted EPS": 0.26,
        "Total Revenue": 329,
        "Gross Profit": 116,
        "Operating Income": 30,
        "EBIT": 35,
        "Net Income": 24
    },
    "2015-12-31": {
        "Diluted EPS": 0.29,
        "Total Revenue": 344,
        "Gross Profit": 124,
        "Operating Income": 39,
        "EBIT": 46,
        "Net Income": 26
    },
    "2015-09-30": {
        "Diluted EPS": 0.47,
        "Total Revenue": 413,
        "Gross Profit": 149,
        "Operating Income": 66,
        "EBIT": 71,
        "Net Income": 43
    },
    "2015-06-30": {
        "Diluted EPS": 0.27,
        "Total Revenue": 324,
        "Gross Profit": 116,
        "Operating Income": 37,
        "EBIT": 39,
        "Net Income": 25
    },
    "2015-03-31": {
        "Diluted EPS": 0.21,
        "Total Revenue": 324,
        "Gross Profit": 111,
        "Operating Income": 30,
        "EBIT": 37,
        "Net Income": 20
    },
    "2014-12-31": {
        "Diluted EPS": 0.23,
        "Total Revenue": 343,
        "Gross Profit": 117,
        "Operating Income": 32,
        "EBIT": 36,
        "Net Income": 21
    },
    "2014-09-30": {
        "Diluted EPS": 0.41,
        "Total Revenue": 392,
        "Gross Profit": 136,
        "Operating Income": 59,
        "EBIT": 63,
        "Net Income": 39
    },
    "2014-06-30": {
        "Diluted EPS": 0.29,
        "Total Revenue": 296,
        "Gross Profit": 107,
        "Operating Income": 40,
        "EBIT": 44,
        "Net Income": 28
    },
    "2014-03-31": {
        "Diluted EPS": 0.24,
        "Total Revenue": 305,
        "Gross Profit": 108,
        "Operating Income": 36,
        "EBIT": 39,
        "Net Income": 24
    },
    "2013-12-31": {
        "Diluted EPS": 0.36,
        "Total Revenue": 343,
        "Gross Profit": 129,
        "Operating Income": 54,
        "EBIT": 57,
        "Net Income": 36
    },
    "2013-09-30": {
        "Diluted EPS": 0.44,
        "Total Revenue": 395,
        "Gross Profit": 140,
        "Operating Income": 68,
        "EBIT": 71,
        "Net Income": 44
    },
    "2013-06-30": {
        "Diluted EPS": 0.29,
        "Total Revenue": 298,
        "Gross Profit": 111,
        "Operating Income": 46,
        "EBIT": 49,
        "Net Income": 29
    },
    "2013-03-31": {
        "Diluted EPS": 0.23,
        "Total Revenue": 279,
        "Gross Profit": 103,
        "Operating Income": 36,
        "EBIT": 40,
        "Net Income": 23
    },
    "2012-12-31": {
        "Diluted EPS": 0.33,
        "Total Revenue": 316,
        "Gross Profit": 124,
        "Operating Income": 50,
        "EBIT": 53,
        "Net Income": 33
    },
    "2012-09-30": {
        "Diluted EPS": 0.38,
        "Total Revenue": 357,
        "Gross Profit": 131,
        "Operating Income": 56,
        "EBIT": 59,
        "Net Income": 38
    },
    "2012-06-30": {
        "Diluted EPS": 0.27,
        "Total Revenue": 289,
        "Gross Profit": 104,
        "Operating Income": 37,
        "EBIT": 41,
        "Net Income": 27
    },
    "2012-03-31": {
        "Diluted EPS": 0.22,
        "Total Revenue": 266,
        "Gross Profit": 96,
        "Operating Income": 35,
        "EBIT": 38,
        "Net Income": 22
    },
    "2011-12-31": {
        "Diluted EPS": 0.24,
        "Total Revenue": 280,
        "Gross Profit": 99,
        "Operating Income": 39,
        "EBIT": 42,
        "Net Income": 24
    },
    "2011-09-30": {
        "Diluted EPS": 0.33,
        "Total Revenue": 314,
        "Gross Profit": 109,
        "Operating Income": 51,
        "EBIT": 54,
        "Net Income": 32
    },
    "2011-06-30": {
        "Diluted EPS": 0.24,
        "Total Revenue": 209,
        "Gross Profit": 84,
        "Operating Income": 37,
        "EBIT": 40,
        "Net Income": 24
    },
    "2011-03-31": {
        "Diluted EPS": 0.19,
        "Total Revenue": 166,
        "Gross Profit": 69,
        "Operating Income": 27,
        "EBIT": 30,
        "Net Income": 18
    },
    "2010-12-31": {
        "Diluted EPS": 0.18,
        "Total Revenue": 161,
        "Gross Profit": 70,
        "Operating Income": 27,
        "EBIT": 30,
        "Net Income": 18
    },
    "2010-09-30": {
        "Diluted EPS": 0.24,
        "Total Revenue": 184,
        "Gross Profit": 78,
        "Operating Income": 37,
        "EBIT": 40,
        "Net Income": 23
    },
    "2010-06-30": {
        "Diluted EPS": 0.21,
        "Total Revenue": 159,
        "Gross Profit": 69,
        "Operating Income": 32,
        "EBIT": 35,
        "Net Income": 20
    },
    "2010-03-31": {
        "Diluted EPS": 0.16,
        "Total Revenue": 132,
        "Gross Profit": 60,
        "Operating Income": 25,
        "EBIT": 27,
        "Net Income": 15
    },
    "2009-12-31": {
        "Diluted EPS": 0.15,
        "Total Revenue": 140,
        "Gross Profit": 61,
        "Operating Income": 21,
        "EBIT": 23,
        "Net Income": 14
    },
    "2009-09-30": {
        "Diluted EPS": 0.19,
        "Total Revenue": 140,
        "Gross Profit": 62,
        "Operating Income": 28,
        "EBIT": 31,
        "Net Income": 18
    },
    "2009-06-30": {
        "Diluted EPS": 0.13,
        "Total Revenue": 116,
        "Gross Profit": 50,
        "Operating Income": 19,
        "EBIT": 22,
        "Net Income": 12
    },
    "2009-03-31": {
        "Diluted EPS": 0.07,
        "Total Revenue": 107,
        "Gross Profit": 43,
        "Operating Income": 10,
        "EBIT": 13,
        "Net Income": 7
    },
    "2023-09-30": {
        "Tax Effect Of Unusual Items": 0.0,
        "Tax Rate For Calcs": 0.231,
        "Normalized EBITDA": 86619000.0,
        "Total Unusual Items": 0.0,
        "Total Unusual Items Excluding Goodwill": 0.0,
        "Net Income From Continuing Operation Net Minority Interest": 64413000.0,
        "Reconciled Depreciation": 3881000.0,
        "Reconciled Cost Of Revenue": 320107000.0,
        "EBITDA": 86619000.0,
        "EBIT": 82738000.0,
        "Net Interest Income": 1922000.0,
        "Interest Income": 1922000.0,
        "Normalized Income": 64413000.0,
        "Net Income From Continuing And Discontinued Operation": 64413000.0,
        "Total Expenses": 469994000.0,
        "Total Operating Income As Reported": 82738000.0,
        "Diluted Average Shares": 74071000.0,
        "Basic Average Shares": 72943000.0,
        "Diluted EPS": 0.87,
        "Basic EPS": 0.88,
        "Diluted NI Availto Com Stockholders": 64413000.0,
        "Net Income Common Stockholders": 64413000.0,
        "Net Income": 64413000.0,
        "Minority Interests": -695000.0,
        "Net Income Including Noncontrolling Interests": 65108000.0,
        "Net Income Continuous Operations": 65108000.0,
        "Tax Provision": 19552000.0,
        "Pretax Income": 84660000.0,
        "Other Income Expense": NaN,
        "Special Income Charges": 0.0,
        "Impairment Of Capital Assets": 0.0,
        "Restructuring And Mergern Acquisition": 0.0,
        "Net Non Operating Interest Income Expense": 1922000.0,
        "Total Other Finance Cost": NaN,
        "Interest Income Non Operating": 1922000.0,
        "Operating Income": 82738000.0,
        "Operating Expense": 149887000.0,
        "Other Operating Expenses": 149887000.0,
        "Gross Profit": 232625000.0,
        "Cost Of Revenue": 320107000.0,
        "Total Revenue": 552732000.0,
        "Operating Revenue": 552732000.0
    },
    "2023-12-31": {
        "Tax Effect Of Unusual Items": 0.0,
        "Tax Rate For Calcs": 0.106694,
        "Normalized EBITDA": 50816000.0,
        "Total Unusual Items": NaN,
        "Total Unusual Items Excluding Goodwill": NaN,
        "Net Income From Continuing Operation Net Minority Interest": 35881000.0,
        "Reconciled Depreciation": 4363000.0,
        "Reconciled Cost Of Revenue": 304887000.0,
        "EBITDA": 50816000.0,
        "EBIT": 46453000.0,
        "Net Interest Income": 1494000.0,
        "Interest Income": NaN,
        "Normalized Income": 35881000.0,
        "Net Income From Continuing And Discontinued Operation": 35881000.0,
        "Total Expenses": 473261000.0,
        "Total Operating Income As Reported": 39933000.0,
        "Diluted Average Shares": 73491000.0,
        "Basic Average Shares": 72321000.0,
        "Diluted EPS": 0.49,
        "Basic EPS": 0.5,
        "Diluted NI Availto Com Stockholders": 35881000.0,
        "Net Income Common Stockholders": 35881000.0,
        "Net Income": 35881000.0,
        "Minority Interests": -1126000.0,
        "Net Income Including Noncontrolling Interests": 37007000.0,
        "Net Income Continuous Operations": 37007000.0,
        "Tax Provision": 4420000.0,
        "Pretax Income": 41427000.0,
        "Other Income Expense": NaN,
        "Special Income Charges": NaN,
        "Impairment Of Capital Assets": NaN,
        "Restructuring And Mergern Acquisition": NaN,
        "Net Non Operating Interest Income Expense": 1494000.0,
        "Total Other Finance Cost": NaN,
        "Interest Income Non Operating": NaN,
        "Operating Income": 46453000.0,
        "Operating Expense": 168374000.0,
        "Other Operating Expenses": 168374000.0,
        "Gross Profit": 214827000.0,
        "Cost Of Revenue": 304887000.0,
        "Total Revenue": 519714000.0,
        "Operating Revenue": 519714000.0
    },
    "2024-03-31": {
        "Tax Effect Of Unusual Items": -401200.0,
        "Tax Rate For Calcs": 0.236,
        "Normalized EBITDA": 64777000.0,
        "Total Unusual Items": -1700000.0,
        "Total Unusual Items Excluding Goodwill": -1700000.0,
        "Net Income From Continuing Operation Net Minority Interest": 43934000.0,
        "Reconciled Depreciation": 4631000.0,
        "Reconciled Cost Of Revenue": 327566000.0,
        "EBITDA": 63077000.0,
        "EBIT": 58446000.0,
        "Net Interest Income": 1555000.0,
        "Interest Income": 1555000.0,
        "Normalized Income": 45232800.0,
        "Net Income From Continuing And Discontinued Operation": 43934000.0,
        "Total Expenses": 493935000.0,
        "Total Operating Income As Reported": 56746000.0,
        "Diluted Average Shares": 72865000.0,
        "Basic Average Shares": 72292000.0,
        "Diluted EPS": 0.6,
        "Basic EPS": 0.61,
        "Diluted NI Availto Com Stockholders": 43934000.0,
        "Net Income Common Stockholders": 43934000.0,
        "Net Income": 43934000.0,
        "Minority Interests": -628000.0,
        "Net Income Including Noncontrolling Interests": 44562000.0,
        "Net Income Continuous Operations": 44562000.0,
        "Tax Provision": 13739000.0,
        "Pretax Income": 58301000.0,
        "Other Income Expense": -1700000.0,
        "Special Income Charges": -1700000.0,
        "Impairment Of Capital Assets": 1700000.0,
        "Restructuring And Mergern Acquisition": NaN,
        "Net Non Operating Interest Income Expense": 1555000.0,
        "Total Other Finance Cost": NaN,
        "Interest Income Non Operating": 1555000.0,
        "Operating Income": 58446000.0,
        "Operating Expense": 166369000.0,
        "Other Operating Expenses": 166369000.0,
        "Gross Profit": 224815000.0,
        "Cost Of Revenue": 327566000.0,
        "Total Revenue": 552381000.0,
        "Operating Revenue": 552381000.0
    },
    "2024-06-30": {
        "Tax Effect Of Unusual Items": -1532700.0,
        "Tax Rate For Calcs": 0.234,
        "Normalized EBITDA": 64908000.0,
        "Total Unusual Items": -6550000.0,
        "Total Unusual Items Excluding Goodwill": -6550000.0,
        "Net Income From Continuing Operation Net Minority Interest": 35376000.0,
        "Reconciled Depreciation": 4938000.0,
        "Reconciled Cost Of Revenue": 306424000.0,
        "EBITDA": 58358000.0,
        "EBIT": 53420000.0,
        "Net Interest Income": 1354000.0,
        "Interest Income": 1354000.0,
        "Normalized Income": 40393300.0,
        "Net Income From Continuing And Discontinued Operation": 35376000.0,
        "Total Expenses": 470133000.0,
        "Total Operating Income As Reported": 46870000.0,
        "Diluted Average Shares": 72004000.0,
        "Basic Average Shares": 71458000.0,
        "Diluted EPS": 0.49,
        "Basic EPS": 0.5,
        "Diluted NI Availto Com Stockholders": 35376000.0,
        "Net Income Common Stockholders": 35376000.0,
        "Net Income": 35376000.0,
        "Minority Interests": -1572000.0,
        "Net Income Including Noncontrolling Interests": 36948000.0,
        "Net Income Continuous Operations": 36948000.0,
        "Tax Provision": 11276000.0,
        "Pretax Income": 48224000.0,
        "Other Income Expense": -6550000.0,
        "Special Income Charges": -6550000.0,
        "Impairment Of Capital Assets": 0.0,
        "Restructuring And Mergern Acquisition": 6550000.0,
        "Net Non Operating Interest Income Expense": 1354000.0,
        "Total Other Finance Cost": NaN,
        "Interest Income Non Operating": 1354000.0,
        "Operating Income": 53420000.0,
        "Operating Expense": 163709000.0,
        "Other Operating Expenses": 163709000.0,
        "Gross Profit": 217129000.0,
        "Cost Of Revenue": 306424000.0,
        "Total Revenue": 523553000.0,
        "Operating Revenue": 523553000.0
    },
    "2024-09-30": {
        "Tax Effect Of Unusual Items": -1543005.0,
        "Tax Rate For Calcs": 0.255,
        "Normalized EBITDA": 91847000.0,
        "Total Unusual Items": -6051000.0,
        "Total Unusual Items Excluding Goodwill": -6051000.0,
        "Net Income From Continuing Operation Net Minority Interest": 55278000.0,
        "Reconciled Depreciation": 5167000.0,
        "Reconciled Cost Of Revenue": 365131000.0,
        "EBITDA": 85796000.0,
        "EBIT": 80629000.0,
        "Net Interest Income": 1400000.0,
        "Interest Income": 1400000.0,
        "Normalized Income": 59785995.0,
        "Net Income From Continuing And Discontinued Operation": 55278000.0,
        "Total Expenses": 544046000.0,
        "Total Operating Income As Reported": 74578000.0,
        "Diluted Average Shares": 71569000.0,
        "Basic Average Shares": 70806000.0,
        "Diluted EPS": 0.77,
        "Basic EPS": 0.78,
        "Diluted NI Availto Com Stockholders": 55278000.0,
        "Net Income Common Stockholders": 55278000.0,
        "Net Income": 55278000.0,
        "Minority Interests": -1310000.0,
        "Net Income Including Noncontrolling Interests": 56588000.0,
        "Net Income Continuous Operations": 56588000.0,
        "Tax Provision": 19390000.0,
        "Pretax Income": 75978000.0,
        "Other Income Expense": -6051000.0,
        "Special Income Charges": -6051000.0,
        "Impairment Of Capital Assets": 8635000.0,
        "Restructuring And Mergern Acquisition": -2584000.0,
        "Net Non Operating Interest Income Expense": 1400000.0,
        "Total Other Finance Cost": NaN,
        "Interest Income Non Operating": 1400000.0,
        "Operating Income": 80629000.0,
        "Operating Expense": 178915000.0,
        "Other Operating Expenses": 178915000.0,
        "Gross Profit": 259544000.0,
        "Cost Of Revenue": 365131000.0,
        "Total Revenue": 624675000.0,
        "Operating Revenue": 624675000.0
    }
}