{
    "2023-03-31": {
        "Tax Effect Of Unusual Items": NaN,
        "Tax Rate For Calcs": NaN,
        "Normalized EBITDA": NaN,
        "Total Unusual Items": 217000000.0,
        "Total Unusual Items Excluding Goodwill": 217000000.0,
        "Net Income From Continuing Operation Net Minority Interest": NaN,
        "Reconciled Depreciation": NaN,
        "Reconciled Cost Of Revenue": NaN,
        "EBITDA": NaN,
        "EBIT": NaN,
        "Net Interest Income": 52000000.0,
        "Interest Expense": NaN,
        "Interest Income": 52000000.0,
        "Normalized Income": NaN,
        "Net Income From Continuing And Discontinued Operation": NaN,
        "Total Expenses": NaN,
        "Total Operating Income As Reported": NaN,
        "Diluted Average Shares": NaN,
        "Basic Average Shares": NaN,
        "Diluted EPS": NaN,
        "Basic EPS": NaN,
        "Diluted NI Availto Com Stockholders": NaN,
        "Average Dilution Earnings": 1000000.0,
        "Net Income Common Stockholders": NaN,
        "Net Income": NaN,
        "Net Income Including Noncontrolling Interests": NaN,
        "Net Income Continuous Operations": NaN,
        "Tax Provision": NaN,
        "Pretax Income": NaN,
        "Other Income Expense": NaN,
        "Other Non Operating Income Expenses": 269000000.0,
        "Special Income Charges": NaN,
        "Write Off": NaN,
        "Earnings From Equity Interest": NaN,
        "Gain On Sale Of Security": 217000000.0,
        "Net Non Operating Interest Income Expense": 52000000.0,
        "Total Other Finance Cost": NaN,
        "Interest Expense Non Operating": NaN,
        "Interest Income Non Operating": 52000000.0,
        "Operating Income": NaN,
        "Operating Expense": NaN,
        "Other Operating Expenses": NaN,
        "Research And Development": NaN,
        "Selling General And Administration": NaN,
        "Selling And Marketing Expense": NaN,
        "General And Administrative Expense": NaN,
        "Other Gand A": NaN,
        "Gross Profit": NaN,
        "Cost Of Revenue": NaN,
        "Total Revenue": NaN,
        "Operating Revenue": NaN
    },
    "2022-12-31": {
        "Tax Effect Of Unusual Items": NaN,
        "Tax Rate For Calcs": NaN,
        "Normalized EBITDA": NaN,
        "Total Unusual Items": NaN,
        "Total Unusual Items Excluding Goodwill": NaN,
        "Net Income From Continuing Operation Net Minority Interest": NaN,
        "Reconciled Depreciation": NaN,
        "Reconciled Cost Of Revenue": NaN,
        "EBITDA": NaN,
        "EBIT": NaN,
        "Net Interest Income": NaN,
        "Interest Expense": 291000.0,
        "Interest Income": NaN,
        "Normalized Income": NaN,
        "Net Income From Continuing And Discontinued Operation": NaN,
        "Total Expenses": NaN,
        "Total Operating Income As Reported": NaN,
        "Diluted Average Shares": NaN,
        "Basic Average Shares": NaN,
        "Diluted EPS": NaN,
        "Basic EPS": NaN,
        "Diluted NI Availto Com Stockholders": NaN,
        "Average Dilution Earnings": 0.0,
        "Net Income Common Stockholders": NaN,
        "Net Income": NaN,
        "Net Income Including Noncontrolling Interests": NaN,
        "Net Income Continuous Operations": NaN,
        "Tax Provision": NaN,
        "Pretax Income": NaN,
        "Other Income Expense": NaN,
        "Other Non Operating Income Expenses": NaN,
        "Special Income Charges": NaN,
        "Write Off": NaN,
        "Earnings From Equity Interest": NaN,
        "Gain On Sale Of Security": NaN,
        "Net Non Operating Interest Income Expense": NaN,
        "Total Other Finance Cost": 588000.0,
        "Interest Expense Non Operating": 291000.0,
        "Interest Income Non Operating": NaN,
        "Operating Income": NaN,
        "Operating Expense": NaN,
        "Other Operating Expenses": NaN,
        "Research And Development": NaN,
        "Selling General And Administration": NaN,
        "Selling And Marketing Expense": NaN,
        "General And Administrative Expense": NaN,
        "Other Gand A": NaN,
        "Gross Profit": NaN,
        "Cost Of Revenue": NaN,
        "Total Revenue": NaN,
        "Operating Revenue": NaN
    },
    "2022-09-30": {
        "Tax Effect Of Unusual Items": NaN,
        "Tax Rate For Calcs": NaN,
        "Normalized EBITDA": NaN,
        "Total Unusual Items": NaN,
        "Total Unusual Items Excluding Goodwill": NaN,
        "Net Income From Continuing Operation Net Minority Interest": NaN,
        "Reconciled Depreciation": NaN,
        "Reconciled Cost Of Revenue": NaN,
        "EBITDA": NaN,
        "EBIT": NaN,
        "Net Interest Income": NaN,
        "Interest Expense": 290000.0,
        "Interest Income": NaN,
        "Normalized Income": NaN,
        "Net Income From Continuing And Discontinued Operation": NaN,
        "Total Expenses": NaN,
        "Total Operating Income As Reported": NaN,
        "Diluted Average Shares": NaN,
        "Basic Average Shares": NaN,
        "Diluted EPS": NaN,
        "Basic EPS": NaN,
        "Diluted NI Availto Com Stockholders": NaN,
        "Average Dilution Earnings": 0.0,
        "Net Income Common Stockholders": NaN,
        "Net Income": NaN,
        "Net Income Including Noncontrolling Interests": NaN,
        "Net Income Continuous Operations": NaN,
        "Tax Provision": NaN,
        "Pretax Income": NaN,
        "Other Income Expense": NaN,
        "Other Non Operating Income Expenses": NaN,
        "Special Income Charges": 0.0,
        "Write Off": 0.0,
        "Earnings From Equity Interest": 0.0,
        "Gain On Sale Of Security": NaN,
        "Net Non Operating Interest Income Expense": NaN,
        "Total Other Finance Cost": 587000.0,
        "Interest Expense Non Operating": 290000.0,
        "Interest Income Non Operating": NaN,
        "Operating Income": NaN,
        "Operating Expense": NaN,
        "Other Operating Expenses": NaN,
        "Research And Development": NaN,
        "Selling General And Administration": NaN,
        "Selling And Marketing Expense": NaN,
        "General And Administrative Expense": NaN,
        "Other Gand A": NaN,
        "Gross Profit": NaN,
        "Cost Of Revenue": NaN,
        "Total Revenue": NaN,
        "Operating Revenue": NaN
    },
    "2022-06-30": {
        "Tax Effect Of Unusual Items": -407871200.0,
        "Tax Rate For Calcs": 0.4,
        "Normalized EBITDA": -161888000.0,
        "Total Unusual Items": -1019678000.0,
        "Total Unusual Items Excluding Goodwill": -1019678000.0,
        "Net Income From Continuing Operation Net Minority Interest": -1203907000.0,
        "Reconciled Depreciation": 16403000.0,
        "Reconciled Cost Of Revenue": 639421000.0,
        "EBITDA": -1181566000.0,
        "EBIT": -1197969000.0,
        "Net Interest Income": 11636000.0,
        "Interest Expense": 281000.0,
        "Interest Income": 12505000.0,
        "Normalized Income": -592100200.0,
        "Net Income From Continuing And Discontinued Operation": -1203907000.0,
        "Total Expenses": 1485271000.0,
        "Total Operating Income As Reported": -190208000.0,
        "Diluted Average Shares": 1262011665.0,
        "Basic Average Shares": 1262011665.0,
        "Diluted EPS": -0.95,
        "Basic EPS": -0.95,
        "Diluted NI Availto Com Stockholders": -1203907000.0,
        "Average Dilution Earnings": 0.0,
        "Net Income Common Stockholders": -1203907000.0,
        "Net Income": -1203907000.0,
        "Net Income Including Noncontrolling Interests": -1203907000.0,
        "Net Income Continuous Operations": -1203907000.0,
        "Tax Provision": 5657000.0,
        "Pretax Income": -1198250000.0,
        "Other Income Expense": -1019678000.0,
        "Other Non Operating Income Expenses": NaN,
        "Special Income Charges": NaN,
        "Write Off": NaN,
        "Gain On Sale Of Security": -1019678000.0,
        "Net Non Operating Interest Income Expense": 11636000.0,
        "Total Other Finance Cost": 588000.0,
        "Interest Expense Non Operating": 281000.0,
        "Interest Income Non Operating": 12505000.0,
        "Operating Income": -190208000.0,
        "Operating Expense": 845850000.0,
        "Other Operating Expenses": 42380000.0,
        "Research And Development": 346667000.0,
        "Selling General And Administration": 456803000.0,
        "Selling And Marketing Expense": 326902000.0,
        "General And Administrative Expense": 129901000.0,
        "Other Gand A": 129901000.0,
        "Gross Profit": 655642000.0,
        "Cost Of Revenue": 639421000.0,
        "Total Revenue": 1295063000.0,
        "Operating Revenue": 1295063000.0
    },
    "2023-06-30": {
        "Tax Effect Of Unusual Items": -223230000.0,
        "Tax Rate For Calcs": 0.21,
        "Normalized EBITDA": 784000000.0,
        "Total Unusual Items": -1063000000.0,
        "Total Unusual Items Excluding Goodwill": -1063000000.0,
        "Net Income From Continuing Operation Net Minority Interest": -1311000000.0,
        "Reconciled Depreciation": 17000000.0,
        "Reconciled Cost Of Revenue": 859000000.0,
        "EBITDA": -279000000.0,
        "EBIT": -296000000.0,
        "Net Interest Income": 58000000.0,
        "Interest Expense": NaN,
        "Interest Income": 58000000.0,
        "Normalized Income": -471230000.0,
        "Net Income From Continuing And Discontinued Operation": -1311000000.0,
        "Total Expenses": 1990000000.0,
        "Total Operating Income As Reported": -1636000000.0,
        "Diluted Average Shares": 1280407642.0,
        "Basic Average Shares": 1280407642.0,
        "Diluted EPS": -1.02,
        "Basic EPS": -1.02,
        "Diluted NI Availto Com Stockholders": -1311000000.0,
        "Average Dilution Earnings": NaN,
        "Net Income Common Stockholders": -1311000000.0,
        "Net Income": -1311000000.0,
        "Net Income Including Noncontrolling Interests": -1311000000.0,
        "Net Income Continuous Operations": -1311000000.0,
        "Tax Provision": 10000000.0,
        "Pretax Income": -1301000000.0,
        "Other Income Expense": -1063000000.0,
        "Other Non Operating Income Expenses": 335000000.0,
        "Special Income Charges": -1340000000.0,
        "Write Off": 1340000000.0,
        "Earnings From Equity Interest": NaN,
        "Gain On Sale Of Security": 277000000.0,
        "Net Non Operating Interest Income Expense": 58000000.0,
        "Total Other Finance Cost": NaN,
        "Interest Expense Non Operating": NaN,
        "Interest Income Non Operating": 58000000.0,
        "Operating Income": -296000000.0,
        "Operating Expense": 1131000000.0,
        "Other Operating Expenses": 31000000.0,
        "Research And Development": 648000000.0,
        "Selling General And Administration": 452000000.0,
        "Selling And Marketing Expense": 321000000.0,
        "General And Administrative Expense": 131000000.0,
        "Other Gand A": 131000000.0,
        "Gross Profit": 835000000.0,
        "Cost Of Revenue": 859000000.0,
        "Total Revenue": 1694000000.0,
        "Operating Revenue": 1694000000.0
    },
    "2022-03-31": {
        "Diluted EPS": -1.17,
        "Total Revenue": NaN,
        "Gross Profit": 638,
        "Operating Income": -98,
        "EBIT": -81,
        "Net Income": NaN
    },
    "2021-12-31": {
        "Diluted EPS": -0.29,
        "Total Revenue": NaN,
        "Gross Profit": 693,
        "Operating Income": 14,
        "EBIT": 37,
        "Net Income": -371
    },
    "2021-09-30": {
        "Diluted EPS": 0.9,
        "Total Revenue": NaN,
        "Gross Profit": 609,
        "Operating Income": -4,
        "EBIT": 10,
        "Net Income": NaN
    },
    "2021-06-30": {
        "Diluted EPS": 0.69,
        "Total Revenue": NaN,
        "Gross Profit": 621,
        "Operating Income": 139,
        "EBIT": 154,
        "Net Income": 879
    },
    "2021-03-31": {
        "Diluted EPS": 0.99,
        "Total Revenue": 989,
        "Gross Profit": 559,
        "Operating Income": 119,
        "EBIT": 135,
        "Net Income": NaN
    },
    "2020-12-31": {
        "Diluted EPS": 0.1,
        "Total Revenue": 978,
        "Gross Profit": 504,
        "Operating Income": 113,
        "EBIT": 130,
        "Net Income": 124
    },
    "2020-09-30": {
        "Diluted EPS": 0.15,
        "Total Revenue": 767,
        "Gross Profit": 405,
        "Operating Income": 51,
        "EBIT": 68,
        "Net Income": 191
    },
    "2020-06-30": {
        "Diluted EPS": 0.03,
        "Total Revenue": 714,
        "Gross Profit": 375,
        "Operating Income": 0,
        "EBIT": 20,
        "Net Income": 36
    },
    "2020-03-31": {
        "Diluted EPS": -0.03,
        "Total Revenue": 470,
        "Gross Profit": 257,
        "Operating Income": -73,
        "EBIT": -59,
        "Net Income": -31
    },
    "2019-12-31": {
        "Diluted EPS": 0.0,
        "Total Revenue": 505,
        "Gross Profit": 264,
        "Operating Income": -30,
        "EBIT": -17,
        "Net Income": 1
    },
    "2019-09-30": {
        "Diluted EPS": -0.06,
        "Total Revenue": 391,
        "Gross Profit": 217,
        "Operating Income": -36,
        "EBIT": -27,
        "Net Income": -73
    },
    "2019-06-30": {
        "Diluted EPS": -0.03,
        "Total Revenue": 362,
        "Gross Profit": 205,
        "Operating Income": -40,
        "EBIT": -32,
        "Net Income": -29
    },
    "2019-03-31": {
        "Diluted EPS": -0.02,
        "Total Revenue": 320,
        "Gross Profit": 180,
        "Operating Income": -36,
        "EBIT": -29,
        "Net Income": -24
    },
    "2018-12-31": {
        "Diluted EPS": 0.0,
        "Total Revenue": 344,
        "Gross Profit": 186,
        "Operating Income": -9,
        "EBIT": -4,
        "Net Income": -2
    },
    "2018-09-30": {
        "Diluted EPS": -0.02,
        "Total Revenue": 270,
        "Gross Profit": 150,
        "Operating Income": -31,
        "EBIT": -25,
        "Net Income": -23
    },
    "2018-06-30": {
        "Diluted EPS": -0.02,
        "Total Revenue": 245,
        "Gross Profit": 137,
        "Operating Income": -31,
        "EBIT": -23,
        "Net Income": -24
    },
    "2018-03-31": {
        "Diluted EPS": -0.02,
        "Total Revenue": 214,
        "Gross Profit": 124,
        "Operating Income": -20,
        "EBIT": -13,
        "Net Income": -16
    },
    "2017-12-31": {
        "Diluted EPS": -0.0,
        "Total Revenue": 223,
        "Gross Profit": 121,
        "Operating Income": -6,
        "EBIT": 2,
        "Net Income": -3
    },
    "2017-09-30": {
        "Diluted EPS": -0.01,
        "Total Revenue": 171,
        "Gross Profit": 100,
        "Operating Income": -13,
        "EBIT": -7,
        "Net Income": -9
    },
    "2017-06-30": {
        "Diluted EPS": -0.02,
        "Total Revenue": 152,
        "Gross Profit": 87,
        "Operating Income": -16,
        "EBIT": -11,
        "Net Income": -14
    },
    "2017-03-31": {
        "Diluted EPS": -0.02,
        "Total Revenue": 127,
        "Gross Profit": 72,
        "Operating Income": -14,
        "EBIT": -10,
        "Net Income": -14
    },
    "2016-12-31": {
        "Diluted EPS": -0.01,
        "Total Revenue": 130,
        "Gross Profit": 68,
        "Operating Income": -9,
        "EBIT": -5,
        "Net Income": -9
    },
    "2016-09-30": {
        "Diluted EPS": -0.01,
        "Total Revenue": 100,
        "Gross Profit": 54,
        "Operating Income": -9,
        "EBIT": -6,
        "Net Income": -9
    },
    "2016-06-30": {
        "Diluted EPS": -0.01,
        "Total Revenue": 87,
        "Gross Profit": 48,
        "Operating Income": -9,
        "EBIT": -6,
        "Net Income": -8
    },
    "2016-03-31": {
        "Diluted EPS": -0.01,
        "Total Revenue": 73,
        "Gross Profit": 40,
        "Operating Income": -10,
        "EBIT": -7,
        "Net Income": -9
    },
    "2015-12-31": {
        "Diluted EPS": -0.01,
        "Total Revenue": 70,
        "Gross Profit": 38,
        "Operating Income": -7,
        "EBIT": -4,
        "Net Income": -6
    },
    "2015-09-30": {
        "Diluted EPS": -0.01,
        "Total Revenue": 53,
        "Gross Profit": 29,
        "Operating Income": -4,
        "EBIT": -2,
        "Net Income": -5
    },
    "2015-06-30": {
        "Diluted EPS": -0.01,
        "Total Revenue": 45,
        "Gross Profit": 25,
        "Operating Income": -3,
        "EBIT": -2,
        "Net Income": -3
    },
    "2015-03-31": {
        "Diluted EPS": -0.01,
        "Total Revenue": 37,
        "Gross Profit": 22,
        "Operating Income": -3,
        "EBIT": -2,
        "Net Income": -5
    },
    "2014-12-31": {
        "Diluted EPS": -0.01,
        "Total Revenue": 35,
        "Gross Profit": 20,
        "Operating Income": -5,
        "EBIT": -3,
        "Net Income": -5
    },
    "2014-09-30": {
        "Diluted EPS": -0.01,
        "Total Revenue": 27,
        "Gross Profit": 16,
        "Operating Income": -4,
        "EBIT": -3,
        "Net Income": -4
    },
    "2014-06-30": {
        "Diluted EPS": -0.02,
        "Total Revenue": 24,
        "Gross Profit": 14,
        "Operating Income": -7,
        "EBIT": -6,
        "Net Income": -7
    },
    "2014-03-31": {
        "Diluted EPS": -0.02,
        "Total Revenue": 19,
        "Gross Profit": 12,
        "Operating Income": -6,
        "EBIT": -5,
        "Net Income": -6
    },
    "2013-12-31": {
        "Diluted EPS": 0.0,
        "Total Revenue": NaN,
        "Gross Profit": NaN,
        "Operating Income": NaN,
        "EBIT": NaN,
        "Net Income": NaN
    },
    "2012-12-31": {
        "Diluted EPS": 0.0,
        "Total Revenue": NaN,
        "Gross Profit": NaN,
        "Operating Income": NaN,
        "EBIT": NaN,
        "Net Income": NaN
    },
    "2023-09-30": {
        "Tax Effect Of Unusual Items": 7596153.846154,
        "Tax Rate For Calcs": 0.013736,
        "Normalized EBITDA": -418000000.0,
        "Total Unusual Items": 553000000.0,
        "Total Unusual Items Excluding Goodwill": 553000000.0,
        "Net Income From Continuing Operation Net Minority Interest": 718000000.0,
        "Reconciled Depreciation": 13000000.0,
        "Reconciled Cost Of Revenue": 813000000.0,
        "EBITDA": 135000000.0,
        "EBIT": 122000000.0,
        "Net Interest Income": 63000000.0,
        "Interest Expense": NaN,
        "Interest Income": 63000000.0,
        "Normalized Income": 172596153.846154,
        "Net Income From Continuing And Discontinued Operation": 718000000.0,
        "Total Expenses": 1592000000.0,
        "Total Operating Income As Reported": 122000000.0,
        "Diluted Average Shares": 1295830188.0,
        "Basic Average Shares": 1283329213.0,
        "Diluted EPS": 0.55,
        "Basic EPS": 0.56,
        "Diluted NI Availto Com Stockholders": 718000000.0,
        "Average Dilution Earnings": NaN,
        "Net Income Common Stockholders": 718000000.0,
        "Net Income": 718000000.0,
        "Net Income Including Noncontrolling Interests": 718000000.0,
        "Net Income Continuous Operations": 718000000.0,
        "Tax Provision": 10000000.0,
        "Pretax Income": 728000000.0,
        "Other Income Expense": 543000000.0,
        "Other Non Operating Income Expenses": NaN,
        "Special Income Charges": 0.0,
        "Write Off": 0.0,
        "Earnings From Equity Interest": -10000000.0,
        "Gain On Sale Of Security": 553000000.0,
        "Net Non Operating Interest Income Expense": 63000000.0,
        "Total Other Finance Cost": NaN,
        "Interest Expense Non Operating": NaN,
        "Interest Income Non Operating": 63000000.0,
        "Operating Income": 122000000.0,
        "Operating Expense": 779000000.0,
        "Other Operating Expenses": 34000000.0,
        "Research And Development": 313000000.0,
        "Selling General And Administration": 432000000.0,
        "Selling And Marketing Expense": 295000000.0,
        "General And Administrative Expense": 137000000.0,
        "Other Gand A": 137000000.0,
        "Gross Profit": 901000000.0,
        "Cost Of Revenue": 813000000.0,
        "Total Revenue": 1714000000.0,
        "Operating Revenue": 1714000000.0
    },
    "2023-12-31": {
        "Tax Effect Of Unusual Items": 13673020.527859,
        "Tax Rate For Calcs": 0.036657,
        "Normalized EBITDA": -74000000.0,
        "Total Unusual Items": 373000000.0,
        "Total Unusual Items Excluding Goodwill": 373000000.0,
        "Net Income From Continuing Operation Net Minority Interest": 657000000.0,
        "Reconciled Depreciation": 10000000.0,
        "Reconciled Cost Of Revenue": 1082000000.0,
        "EBITDA": 299000000.0,
        "EBIT": 289000000.0,
        "Net Interest Income": 68000000.0,
        "Interest Expense": NaN,
        "Interest Income": 68000000.0,
        "Normalized Income": 297673020.527859,
        "Net Income From Continuing And Discontinued Operation": 657000000.0,
        "Total Expenses": 1855000000.0,
        "Total Operating Income As Reported": 289000000.0,
        "Diluted Average Shares": 1297295576.0,
        "Basic Average Shares": 1285498532.0,
        "Diluted EPS": 0.51,
        "Basic EPS": 0.51,
        "Diluted NI Availto Com Stockholders": 658000000.0,
        "Average Dilution Earnings": NaN,
        "Net Income Common Stockholders": 657000000.0,
        "Net Income": 657000000.0,
        "Net Income Including Noncontrolling Interests": 657000000.0,
        "Net Income Continuous Operations": 657000000.0,
        "Tax Provision": 25000000.0,
        "Pretax Income": 682000000.0,
        "Other Income Expense": 325000000.0,
        "Other Non Operating Income Expenses": NaN,
        "Special Income Charges": 0.0,
        "Write Off": 0.0,
        "Earnings From Equity Interest": -48000000.0,
        "Gain On Sale Of Security": 373000000.0,
        "Net Non Operating Interest Income Expense": 68000000.0,
        "Total Other Finance Cost": NaN,
        "Interest Expense Non Operating": NaN,
        "Interest Income Non Operating": 68000000.0,
        "Operating Income": 289000000.0,
        "Operating Expense": 773000000.0,
        "Other Operating Expenses": 45000000.0,
        "Research And Development": 311000000.0,
        "Selling General And Administration": 417000000.0,
        "Selling And Marketing Expense": 317000000.0,
        "General And Administrative Expense": 100000000.0,
        "Other Gand A": 100000000.0,
        "Gross Profit": 1062000000.0,
        "Cost Of Revenue": 1082000000.0,
        "Total Revenue": 2144000000.0,
        "Operating Revenue": 2144000000.0
    },
    "2024-03-31": {
        "Tax Effect Of Unusual Items": 0.0,
        "Tax Rate For Calcs": 0.21,
        "Normalized EBITDA": 96000000.0,
        "Total Unusual Items": NaN,
        "Total Unusual Items Excluding Goodwill": NaN,
        "Net Income From Continuing Operation Net Minority Interest": -273000000.0,
        "Reconciled Depreciation": 10000000.0,
        "Reconciled Cost Of Revenue": 904000000.0,
        "EBITDA": 96000000.0,
        "EBIT": 86000000.0,
        "Net Interest Income": NaN,
        "Interest Expense": NaN,
        "Interest Income": NaN,
        "Normalized Income": -273000000.0,
        "Net Income From Continuing And Discontinued Operation": -273000000.0,
        "Total Expenses": 1775000000.0,
        "Total Operating Income As Reported": 86000000.0,
        "Diluted Average Shares": 1287376719.0,
        "Basic Average Shares": 1287376719.0,
        "Diluted EPS": -0.21,
        "Basic EPS": -0.21,
        "Diluted NI Availto Com Stockholders": -273000000.0,
        "Average Dilution Earnings": NaN,
        "Net Income Common Stockholders": -273000000.0,
        "Net Income": -273000000.0,
        "Net Income Including Noncontrolling Interests": -273000000.0,
        "Net Income Continuous Operations": -273000000.0,
        "Tax Provision": 17000000.0,
        "Pretax Income": -256000000.0,
        "Other Income Expense": -342000000.0,
        "Other Non Operating Income Expenses": -342000000.0,
        "Special Income Charges": NaN,
        "Write Off": NaN,
        "Earnings From Equity Interest": NaN,
        "Gain On Sale Of Security": NaN,
        "Net Non Operating Interest Income Expense": NaN,
        "Total Other Finance Cost": NaN,
        "Interest Expense Non Operating": NaN,
        "Interest Income Non Operating": NaN,
        "Operating Income": 86000000.0,
        "Operating Expense": 871000000.0,
        "Other Operating Expenses": 51000000.0,
        "Research And Development": 335000000.0,
        "Selling General And Administration": 485000000.0,
        "Selling And Marketing Expense": 361000000.0,
        "General And Administrative Expense": 124000000.0,
        "Other Gand A": 124000000.0,
        "Gross Profit": 957000000.0,
        "Cost Of Revenue": 904000000.0,
        "Total Revenue": 1861000000.0,
        "Operating Revenue": 1861000000.0
    },
    "2024-06-30": {
        "Tax Effect Of Unusual Items": -18600985.221675,
        "Tax Rate For Calcs": 0.157635,
        "Normalized EBITDA": 369000000.0,
        "Total Unusual Items": -118000000.0,
        "Total Unusual Items Excluding Goodwill": -118000000.0,
        "Net Income From Continuing Operation Net Minority Interest": 171000000.0,
        "Reconciled Depreciation": 10000000.0,
        "Reconciled Cost Of Revenue": 1000000000.0,
        "EBITDA": 251000000.0,
        "EBIT": 241000000.0,
        "Net Interest Income": 80000000.0,
        "Interest Expense": NaN,
        "Interest Income": 80000000.0,
        "Normalized Income": 270399014.778325,
        "Net Income From Continuing And Discontinued Operation": 171000000.0,
        "Total Expenses": 1804000000.0,
        "Total Operating Income As Reported": 241000000.0,
        "Diluted Average Shares": 1299913079.0,
        "Basic Average Shares": 1288900183.0,
        "Diluted EPS": 0.13,
        "Basic EPS": 0.13,
        "Diluted NI Availto Com Stockholders": 171000000.0,
        "Average Dilution Earnings": NaN,
        "Net Income Common Stockholders": 171000000.0,
        "Net Income": 171000000.0,
        "Net Income Including Noncontrolling Interests": 171000000.0,
        "Net Income Continuous Operations": 171000000.0,
        "Tax Provision": 32000000.0,
        "Pretax Income": 203000000.0,
        "Other Income Expense": -118000000.0,
        "Other Non Operating Income Expenses": NaN,
        "Special Income Charges": 0.0,
        "Write Off": 0.0,
        "Earnings From Equity Interest": NaN,
        "Gain On Sale Of Security": -118000000.0,
        "Net Non Operating Interest Income Expense": 80000000.0,
        "Total Other Finance Cost": NaN,
        "Interest Expense Non Operating": NaN,
        "Interest Income Non Operating": 80000000.0,
        "Operating Income": 241000000.0,
        "Operating Expense": 804000000.0,
        "Other Operating Expenses": 42000000.0,
        "Research And Development": 349000000.0,
        "Selling General And Administration": 413000000.0,
        "Selling And Marketing Expense": 353000000.0,
        "General And Administrative Expense": 60000000.0,
        "Other Gand A": 60000000.0,
        "Gross Profit": 1045000000.0,
        "Cost Of Revenue": 1000000000.0,
        "Total Revenue": 2045000000.0,
        "Operating Revenue": 2045000000.0
    }
}