{
    "2023-06-30": {
        "Tax Effect Of Unusual Items": 0.0,
        "Tax Rate For Calcs": 0.106,
        "Normalized EBITDA": 10904000.0,
        "Net Income From Continuing Operation Net Minority Interest": 4685000.0,
        "Reconciled Depreciation": 4186000.0,
        "Reconciled Cost Of Revenue": 182347000.0,
        "EBITDA": 10904000.0,
        "EBIT": 6718000.0,
        "Net Interest Income": -1477000.0,
        "Interest Expense": 1477000.0,
        "Normalized Income": 4685000.0,
        "Net Income From Continuing And Discontinued Operation": 4685000.0,
        "Total Expenses": 218507000.0,
        "Total Operating Income As Reported": 6594000.0,
        "Diluted Average Shares": 34991000.0,
        "Basic Average Shares": 34935000.0,
        "Diluted EPS": 0.13,
        "Basic EPS": 0.13,
        "Diluted NI Availto Com Stockholders": 4685000.0,
        "Net Income Common Stockholders": 4685000.0,
        "Net Income": 4685000.0,
        "Minority Interests": 0.0,
        "Net Income Including Noncontrolling Interests": 4685000.0,
        "Net Income Continuous Operations": 4685000.0,
        "Tax Provision": 556000.0,
        "Pretax Income": 5241000.0,
        "Other Income Expense": 124000.0,
        "Other Non Operating Income Expenses": 124000.0,
        "Net Non Operating Interest Income Expense": -1477000.0,
        "Interest Expense Non Operating": 1477000.0,
        "Operating Income": 6594000.0,
        "Operating Expense": 36160000.0,
        "Research And Development": 5890000.0,
        "Selling General And Administration": 30270000.0,
        "Gross Profit": 42754000.0,
        "Cost Of Revenue": 182347000.0,
        "Total Revenue": 225101000.0,
        "Operating Revenue": 225101000.0
    },
    "2023-03-31": {
        "Tax Effect Of Unusual Items": NaN,
        "Tax Rate For Calcs": NaN,
        "Normalized EBITDA": NaN,
        "Net Income From Continuing Operation Net Minority Interest": NaN,
        "Reconciled Depreciation": NaN,
        "Reconciled Cost Of Revenue": NaN,
        "EBITDA": NaN,
        "EBIT": NaN,
        "Net Interest Income": NaN,
        "Interest Expense": NaN,
        "Normalized Income": NaN,
        "Net Income From Continuing And Discontinued Operation": NaN,
        "Total Expenses": NaN,
        "Total Operating Income As Reported": NaN,
        "Diluted Average Shares": 35340000.0,
        "Basic Average Shares": 35058000.0,
        "Diluted EPS": 0.05,
        "Basic EPS": 0.05,
        "Diluted NI Availto Com Stockholders": NaN,
        "Net Income Common Stockholders": NaN,
        "Net Income": NaN,
        "Minority Interests": NaN,
        "Net Income Including Noncontrolling Interests": NaN,
        "Net Income Continuous Operations": NaN,
        "Tax Provision": NaN,
        "Pretax Income": NaN,
        "Other Income Expense": NaN,
        "Other Non Operating Income Expenses": NaN,
        "Net Non Operating Interest Income Expense": NaN,
        "Interest Expense Non Operating": NaN,
        "Operating Income": NaN,
        "Operating Expense": NaN,
        "Research And Development": NaN,
        "Selling General And Administration": NaN,
        "Gross Profit": NaN,
        "Cost Of Revenue": NaN,
        "Total Revenue": NaN,
        "Operating Revenue": NaN
    },
    "2022-12-31": {
        "Tax Effect Of Unusual Items": NaN,
        "Tax Rate For Calcs": NaN,
        "Normalized EBITDA": NaN,
        "Net Income From Continuing Operation Net Minority Interest": NaN,
        "Reconciled Depreciation": NaN,
        "Reconciled Cost Of Revenue": NaN,
        "EBITDA": NaN,
        "EBIT": NaN,
        "Net Interest Income": NaN,
        "Interest Expense": NaN,
        "Normalized Income": NaN,
        "Net Income From Continuing And Discontinued Operation": NaN,
        "Total Expenses": NaN,
        "Total Operating Income As Reported": NaN,
        "Diluted Average Shares": NaN,
        "Basic Average Shares": NaN,
        "Diluted EPS": NaN,
        "Basic EPS": NaN,
        "Diluted NI Availto Com Stockholders": NaN,
        "Net Income Common Stockholders": NaN,
        "Net Income": NaN,
        "Minority Interests": NaN,
        "Net Income Including Noncontrolling Interests": NaN,
        "Net Income Discontinuous Operations": 0.0,
        "Net Income Continuous Operations": NaN,
        "Tax Provision": NaN,
        "Pretax Income": NaN,
        "Other Income Expense": NaN,
        "Other Non Operating Income Expenses": NaN,
        "Net Non Operating Interest Income Expense": NaN,
        "Interest Expense Non Operating": NaN,
        "Operating Income": NaN,
        "Operating Expense": NaN,
        "Research And Development": NaN,
        "Selling General And Administration": NaN,
        "Gross Profit": NaN,
        "Cost Of Revenue": NaN,
        "Total Revenue": NaN,
        "Operating Revenue": NaN
    },
    "2022-09-30": {
        "Tax Effect Of Unusual Items": NaN,
        "Tax Rate For Calcs": NaN,
        "Normalized EBITDA": NaN,
        "Net Income From Continuing Operation Net Minority Interest": NaN,
        "Reconciled Depreciation": NaN,
        "Reconciled Cost Of Revenue": NaN,
        "EBITDA": NaN,
        "EBIT": NaN,
        "Net Interest Income": NaN,
        "Interest Expense": NaN,
        "Normalized Income": NaN,
        "Net Income From Continuing And Discontinued Operation": NaN,
        "Total Expenses": NaN,
        "Total Operating Income As Reported": NaN,
        "Diluted Average Shares": NaN,
        "Basic Average Shares": NaN,
        "Diluted EPS": NaN,
        "Basic EPS": NaN,
        "Diluted NI Availto Com Stockholders": NaN,
        "Net Income Common Stockholders": NaN,
        "Net Income": NaN,
        "Minority Interests": NaN,
        "Net Income Including Noncontrolling Interests": NaN,
        "Net Income Discontinuous Operations": 0.0,
        "Net Income Continuous Operations": NaN,
        "Tax Provision": NaN,
        "Pretax Income": NaN,
        "Other Income Expense": NaN,
        "Other Non Operating Income Expenses": NaN,
        "Net Non Operating Interest Income Expense": NaN,
        "Interest Expense Non Operating": NaN,
        "Operating Income": NaN,
        "Operating Expense": NaN,
        "Research And Development": NaN,
        "Selling General And Administration": NaN,
        "Gross Profit": NaN,
        "Cost Of Revenue": NaN,
        "Total Revenue": NaN,
        "Operating Revenue": NaN
    },
    "2022-06-30": {
        "Tax Effect Of Unusual Items": 0.0,
        "Tax Rate For Calcs": 0.217,
        "Normalized EBITDA": 10934000.0,
        "Net Income From Continuing Operation Net Minority Interest": 5283000.0,
        "Reconciled Depreciation": 3727000.0,
        "Reconciled Cost Of Revenue": 190077000.0,
        "EBITDA": 10934000.0,
        "EBIT": 7207000.0,
        "Net Interest Income": -463000.0,
        "Interest Expense": 463000.0,
        "Normalized Income": 5283000.0,
        "Net Income From Continuing And Discontinued Operation": 5283000.0,
        "Total Expenses": 224500000.0,
        "Total Operating Income As Reported": 7695000.0,
        "Diluted Average Shares": 35243000.0,
        "Basic Average Shares": 35049000.0,
        "Diluted EPS": 0.15,
        "Basic EPS": 0.15,
        "Diluted NI Availto Com Stockholders": 5283000.0,
        "Net Income Common Stockholders": 5283000.0,
        "Net Income": 5283000.0,
        "Minority Interests": 0.0,
        "Net Income Including Noncontrolling Interests": 5283000.0,
        "Net Income Discontinuous Operations": 0.0,
        "Net Income Continuous Operations": 5283000.0,
        "Tax Provision": 1461000.0,
        "Pretax Income": 6744000.0,
        "Other Income Expense": -488000.0,
        "Other Non Operating Income Expenses": -488000.0,
        "Net Non Operating Interest Income Expense": -463000.0,
        "Interest Expense Non Operating": 463000.0,
        "Operating Income": 7695000.0,
        "Operating Expense": 34423000.0,
        "Research And Development": 7563000.0,
        "Selling General And Administration": 26860000.0,
        "Gross Profit": 42118000.0,
        "Cost Of Revenue": 190077000.0,
        "Total Revenue": 232195000.0,
        "Operating Revenue": 232195000.0
    },
    "2022-03-31": {
        "Diluted EPS": -0.11,
        "Total Revenue": 207,
        "Gross Profit": 26,
        "Operating Income": -6,
        "EBIT": -3,
        "Net Income": -4
    },
    "2021-12-31": {
        "Diluted EPS": 0.57,
        "Total Revenue": 277,
        "Gross Profit": 51,
        "Operating Income": 19,
        "EBIT": 22,
        "Net Income": 20
    },
    "2021-09-30": {
        "Diluted EPS": 0.58,
        "Total Revenue": 273,
        "Gross Profit": 56,
        "Operating Income": 28,
        "EBIT": 31,
        "Net Income": 21
    },
    "2021-06-30": {
        "Diluted EPS": 0.44,
        "Total Revenue": 244,
        "Gross Profit": 52,
        "Operating Income": 22,
        "EBIT": 25,
        "Net Income": 16
    },
    "2021-03-31": {
        "Diluted EPS": 0.32,
        "Total Revenue": 198,
        "Gross Profit": 40,
        "Operating Income": 15,
        "EBIT": 17,
        "Net Income": 12
    },
    "2020-12-31": {
        "Diluted EPS": 0.22,
        "Total Revenue": 172,
        "Gross Profit": 35,
        "Operating Income": 11,
        "EBIT": 14,
        "Net Income": 8
    },
    "2020-09-30": {
        "Diluted EPS": 0.51,
        "Total Revenue": 203,
        "Gross Profit": 51,
        "Operating Income": 26,
        "EBIT": 29,
        "Net Income": 18
    },
    "2020-06-30": {
        "Diluted EPS": -0.04,
        "Total Revenue": 124,
        "Gross Profit": 24,
        "Operating Income": -2,
        "EBIT": 4,
        "Net Income": -1
    },
    "2020-03-31": {
        "Diluted EPS": 0.22,
        "Total Revenue": 177,
        "Gross Profit": 36,
        "Operating Income": 13,
        "EBIT": 16,
        "Net Income": 8
    },
    "2019-12-31": {
        "Diluted EPS": -0.79,
        "Total Revenue": 180,
        "Gross Profit": 37,
        "Operating Income": 18,
        "EBIT": 36,
        "Net Income": -28
    },
    "2019-09-30": {
        "Diluted EPS": 0.29,
        "Total Revenue": 225,
        "Gross Profit": 38,
        "Operating Income": 17,
        "EBIT": 20,
        "Net Income": 10
    },
    "2019-06-30": {
        "Diluted EPS": 0.1,
        "Total Revenue": 180,
        "Gross Profit": 21,
        "Operating Income": 6,
        "EBIT": 9,
        "Net Income": 4
    },
    "2019-03-31": {
        "Diluted EPS": 0.04,
        "Total Revenue": 172,
        "Gross Profit": 21,
        "Operating Income": 6,
        "EBIT": 8,
        "Net Income": 1
    },
    "2018-12-31": {
        "Diluted EPS": 0.05,
        "Total Revenue": -13,
        "Gross Profit": -2,
        "Operating Income": 9,
        "EBIT": 11,
        "Net Income": 2
    },
    "2018-09-30": {
        "Diluted EPS": 0.15,
        "Total Revenue": 226,
        "Gross Profit": 26,
        "Operating Income": 6,
        "EBIT": 9,
        "Net Income": 5
    },
    "2018-06-30": {
        "Diluted EPS": 0.11,
        "Total Revenue": 184,
        "Gross Profit": 26,
        "Operating Income": 5,
        "EBIT": 7,
        "Net Income": 4
    },
    "2018-03-31": {
        "Diluted EPS": 0.12,
        "Total Revenue": 173,
        "Gross Profit": 22,
        "Operating Income": 3,
        "EBIT": 5,
        "Net Income": 4
    },
    "2017-12-31": {
        "Diluted EPS": 0.08,
        "Total Revenue": -122,
        "Gross Profit": -2,
        "Operating Income": 9,
        "EBIT": 12,
        "Net Income": 2
    },
    "2017-09-30": {
        "Diluted EPS": 0.38,
        "Total Revenue": 189,
        "Gross Profit": 29,
        "Operating Income": 10,
        "EBIT": 12,
        "Net Income": 13
    },
    "2017-06-30": {
        "Diluted EPS": 0.03,
        "Total Revenue": 170,
        "Gross Profit": 20,
        "Operating Income": 1,
        "EBIT": 4,
        "Net Income": 1
    },
    "2017-03-31": {
        "Diluted EPS": -0.03,
        "Total Revenue": 167,
        "Gross Profit": 16,
        "Operating Income": -1,
        "EBIT": 1,
        "Net Income": -1
    },
    "2016-12-31": {
        "Diluted EPS": 0.02,
        "Total Revenue": 146,
        "Gross Profit": 18,
        "Operating Income": 1,
        "EBIT": 3,
        "Net Income": 1
    },
    "2016-09-30": {
        "Diluted EPS": 0.08,
        "Total Revenue": 149,
        "Gross Profit": 18,
        "Operating Income": 3,
        "EBIT": 5,
        "Net Income": 3
    },
    "2016-06-30": {
        "Diluted EPS": 0.13,
        "Total Revenue": 163,
        "Gross Profit": 21,
        "Operating Income": 4,
        "EBIT": 6,
        "Net Income": 4
    },
    "2016-03-31": {
        "Diluted EPS": 0.02,
        "Total Revenue": 134,
        "Gross Profit": 16,
        "Operating Income": 1,
        "EBIT": 2,
        "Net Income": 1
    },
    "2015-12-31": {
        "Diluted EPS": -0.27,
        "Total Revenue": 141,
        "Gross Profit": 5,
        "Operating Income": -10,
        "EBIT": -8,
        "Net Income": -9
    },
    "2015-09-30": {
        "Diluted EPS": -0.17,
        "Total Revenue": 137,
        "Gross Profit": 13,
        "Operating Income": 0,
        "EBIT": 1,
        "Net Income": -6
    },
    "2015-06-30": {
        "Diluted EPS": 0.03,
        "Total Revenue": 145,
        "Gross Profit": 17,
        "Operating Income": 2,
        "EBIT": 4,
        "Net Income": 1
    },
    "2015-03-31": {
        "Diluted EPS": -0.09,
        "Total Revenue": 128,
        "Gross Profit": 12,
        "Operating Income": -4,
        "EBIT": -3,
        "Net Income": -3
    },
    "2014-12-31": {
        "Diluted EPS": -0.01,
        "Total Revenue": 119,
        "Gross Profit": 12,
        "Operating Income": -2,
        "EBIT": 0,
        "Net Income": 0
    },
    "2014-09-30": {
        "Diluted EPS": 0.09,
        "Total Revenue": 144,
        "Gross Profit": 18,
        "Operating Income": 4,
        "EBIT": 6,
        "Net Income": 3
    },
    "2014-06-30": {
        "Diluted EPS": 0.01,
        "Total Revenue": 116,
        "Gross Profit": 13,
        "Operating Income": 0,
        "EBIT": 2,
        "Net Income": 0
    },
    "2014-03-31": {
        "Diluted EPS": -0.06,
        "Total Revenue": 128,
        "Gross Profit": 13,
        "Operating Income": -4,
        "EBIT": -1,
        "Net Income": -2
    },
    "2013-12-31": {
        "Diluted EPS": -0.09,
        "Total Revenue": 126,
        "Gross Profit": 7,
        "Operating Income": -4,
        "EBIT": -2,
        "Net Income": -3
    },
    "2013-09-30": {
        "Diluted EPS": 0.02,
        "Total Revenue": 126,
        "Gross Profit": 16,
        "Operating Income": 2,
        "EBIT": 4,
        "Net Income": 1
    },
    "2013-06-30": {
        "Diluted EPS": 0.02,
        "Total Revenue": 121,
        "Gross Profit": 16,
        "Operating Income": 1,
        "EBIT": 4,
        "Net Income": 1
    },
    "2013-03-31": {
        "Diluted EPS": -0.13,
        "Total Revenue": 96,
        "Gross Profit": 6,
        "Operating Income": -7,
        "EBIT": -5,
        "Net Income": -4
    },
    "2012-12-31": {
        "Diluted EPS": -0.07,
        "Total Revenue": 124,
        "Gross Profit": 13,
        "Operating Income": -3,
        "EBIT": -1,
        "Net Income": -2
    },
    "2012-09-30": {
        "Diluted EPS": -0.01,
        "Total Revenue": 113,
        "Gross Profit": 13,
        "Operating Income": 0,
        "EBIT": 2,
        "Net Income": 0
    },
    "2012-06-30": {
        "Diluted EPS": 0.07,
        "Total Revenue": 114,
        "Gross Profit": 19,
        "Operating Income": 4,
        "EBIT": 6,
        "Net Income": 2
    },
    "2012-03-31": {
        "Diluted EPS": -0.06,
        "Total Revenue": 119,
        "Gross Profit": 14,
        "Operating Income": -3,
        "EBIT": -1,
        "Net Income": -2
    },
    "2011-12-31": {
        "Diluted EPS": 0.02,
        "Total Revenue": 111,
        "Gross Profit": 15,
        "Operating Income": 1,
        "EBIT": 4,
        "Net Income": 1
    },
    "2011-09-30": {
        "Diluted EPS": 0.1,
        "Total Revenue": 120,
        "Gross Profit": 20,
        "Operating Income": 5,
        "EBIT": 8,
        "Net Income": 3
    },
    "2011-06-30": {
        "Diluted EPS": -0.07,
        "Total Revenue": 99,
        "Gross Profit": 13,
        "Operating Income": -4,
        "EBIT": -1,
        "Net Income": -2
    },
    "2011-03-31": {
        "Diluted EPS": -0.03,
        "Total Revenue": 95,
        "Gross Profit": 13,
        "Operating Income": -1,
        "EBIT": 1,
        "Net Income": -1
    },
    "2010-12-31": {
        "Diluted EPS": 0.11,
        "Total Revenue": 127,
        "Gross Profit": 19,
        "Operating Income": 5,
        "EBIT": 7,
        "Net Income": 3
    },
    "2010-09-30": {
        "Diluted EPS": 0.1,
        "Total Revenue": 121,
        "Gross Profit": 20,
        "Operating Income": 5,
        "EBIT": 8,
        "Net Income": 3
    },
    "2010-06-30": {
        "Diluted EPS": -0.08,
        "Total Revenue": 116,
        "Gross Profit": 16,
        "Operating Income": 0,
        "EBIT": 3,
        "Net Income": -3
    },
    "2010-03-31": {
        "Diluted EPS": 0.0,
        "Total Revenue": 118,
        "Gross Profit": 17,
        "Operating Income": 1,
        "EBIT": 3,
        "Net Income": 0
    },
    "2009-12-31": {
        "Diluted EPS": -0.01,
        "Total Revenue": 89,
        "Gross Profit": 14,
        "Operating Income": 1,
        "EBIT": 3,
        "Net Income": 0
    },
    "2009-09-30": {
        "Diluted EPS": 0.02,
        "Total Revenue": 86,
        "Gross Profit": 16,
        "Operating Income": 3,
        "EBIT": 4,
        "Net Income": 1
    },
    "2009-06-30": {
        "Diluted EPS": 0.16,
        "Total Revenue": 119,
        "Gross Profit": 25,
        "Operating Income": 8,
        "EBIT": 10,
        "Net Income": 5
    },
    "2009-03-31": {
        "Diluted EPS": 0.19,
        "Total Revenue": 115,
        "Gross Profit": 26,
        "Operating Income": 9,
        "EBIT": 11,
        "Net Income": 6
    },
    "2023-09-30": {
        "Tax Effect Of Unusual Items": 0.0,
        "Tax Rate For Calcs": 0.21,
        "Normalized EBITDA": 8449000.0,
        "Net Income From Continuing Operation Net Minority Interest": 4518000.0,
        "Reconciled Depreciation": 4310000.0,
        "Reconciled Cost Of Revenue": 164557000.0,
        "EBITDA": 8449000.0,
        "EBIT": 4139000.0,
        "Net Interest Income": -1572000.0,
        "Interest Expense": 1572000.0,
        "Normalized Income": 4518000.0,
        "Net Income From Continuing And Discontinued Operation": 4518000.0,
        "Total Expenses": 197201000.0,
        "Total Operating Income As Reported": 4124000.0,
        "Diluted Average Shares": 34637000.0,
        "Basic Average Shares": 34604000.0,
        "Diluted EPS": 0.13,
        "Basic EPS": 0.13,
        "Diluted NI Availto Com Stockholders": 4518000.0,
        "Net Income Common Stockholders": 4518000.0,
        "Net Income": 4518000.0,
        "Minority Interests": 0.0,
        "Net Income Including Noncontrolling Interests": 4518000.0,
        "Net Income Continuous Operations": 4518000.0,
        "Tax Provision": -1951000.0,
        "Pretax Income": 2567000.0,
        "Other Income Expense": 15000.0,
        "Other Non Operating Income Expenses": 15000.0,
        "Net Non Operating Interest Income Expense": -1572000.0,
        "Interest Expense Non Operating": 1572000.0,
        "Operating Income": 4124000.0,
        "Operating Expense": 32644000.0,
        "Research And Development": 5225000.0,
        "Selling General And Administration": 27419000.0,
        "Gross Profit": 36768000.0,
        "Cost Of Revenue": 164557000.0,
        "Total Revenue": 201325000.0,
        "Operating Revenue": 201325000.0
    },
    "2023-12-31": {
        "Tax Effect Of Unusual Items": 0.0,
        "Tax Rate For Calcs": 0.21,
        "Normalized EBITDA": -2797000.0,
        "Net Income From Continuing Operation Net Minority Interest": -4417000.0,
        "Reconciled Depreciation": 4593000.0,
        "Reconciled Cost Of Revenue": 174421000.0,
        "EBITDA": -2797000.0,
        "EBIT": -7390000.0,
        "Net Interest Income": -1830000.0,
        "Interest Expense": 1830000.0,
        "Normalized Income": -4417000.0,
        "Net Income From Continuing And Discontinued Operation": -4417000.0,
        "Total Expenses": 209984000.0,
        "Total Operating Income As Reported": -7651000.0,
        "Diluted Average Shares": NaN,
        "Basic Average Shares": NaN,
        "Diluted EPS": NaN,
        "Basic EPS": NaN,
        "Diluted NI Availto Com Stockholders": -4417000.0,
        "Net Income Common Stockholders": -4417000.0,
        "Net Income": -4417000.0,
        "Minority Interests": 0.0,
        "Net Income Including Noncontrolling Interests": -4417000.0,
        "Net Income Continuous Operations": -4417000.0,
        "Tax Provision": -4803000.0,
        "Pretax Income": -9220000.0,
        "Other Income Expense": 261000.0,
        "Other Non Operating Income Expenses": 261000.0,
        "Net Non Operating Interest Income Expense": -1830000.0,
        "Interest Expense Non Operating": 1830000.0,
        "Operating Income": -7651000.0,
        "Operating Expense": 35563000.0,
        "Research And Development": 7121000.0,
        "Selling General And Administration": 28442000.0,
        "Gross Profit": 27912000.0,
        "Cost Of Revenue": 174421000.0,
        "Total Revenue": 202333000.0,
        "Operating Revenue": 202333000.0
    },
    "2024-03-31": {
        "Tax Effect Of Unusual Items": 0.0,
        "Tax Rate For Calcs": 0.201,
        "Normalized EBITDA": 2602000.0,
        "Net Income From Continuing Operation Net Minority Interest": -4669000.0,
        "Reconciled Depreciation": 4435000.0,
        "Reconciled Cost Of Revenue": 163827000.0,
        "EBITDA": 2602000.0,
        "EBIT": -1833000.0,
        "Net Interest Income": -2053000.0,
        "Interest Expense": 2053000.0,
        "Normalized Income": -4669000.0,
        "Net Income From Continuing And Discontinued Operation": -4669000.0,
        "Total Expenses": 199819000.0,
        "Total Operating Income As Reported": -1930000.0,
        "Diluted Average Shares": 34319000.0,
        "Basic Average Shares": 34319000.0,
        "Diluted EPS": -0.14,
        "Basic EPS": -0.14,
        "Diluted NI Availto Com Stockholders": -4669000.0,
        "Net Income Common Stockholders": -4669000.0,
        "Net Income": -4669000.0,
        "Minority Interests": 0.0,
        "Net Income Including Noncontrolling Interests": -4669000.0,
        "Net Income Continuous Operations": -4669000.0,
        "Tax Provision": 783000.0,
        "Pretax Income": -3886000.0,
        "Other Income Expense": 97000.0,
        "Other Non Operating Income Expenses": 97000.0,
        "Net Non Operating Interest Income Expense": -2053000.0,
        "Interest Expense Non Operating": 2053000.0,
        "Operating Income": -1930000.0,
        "Operating Expense": 35992000.0,
        "Research And Development": 3719000.0,
        "Selling General And Administration": 32273000.0,
        "Gross Profit": 34062000.0,
        "Cost Of Revenue": 163827000.0,
        "Total Revenue": 197889000.0,
        "Operating Revenue": 197889000.0
    },
    "2024-06-30": {
        "Tax Effect Of Unusual Items": 0.0,
        "Tax Rate For Calcs": 0.21,
        "Normalized EBITDA": 8583000.0,
        "Net Income From Continuing Operation Net Minority Interest": 2164000.0,
        "Reconciled Depreciation": 4775000.0,
        "Reconciled Cost Of Revenue": 152193000.0,
        "EBITDA": 8583000.0,
        "EBIT": 3808000.0,
        "Net Interest Income": -1753000.0,
        "Interest Expense": 1753000.0,
        "Normalized Income": 2164000.0,
        "Net Income From Continuing And Discontinued Operation": 2164000.0,
        "Total Expenses": 189052000.0,
        "Total Operating Income As Reported": 3728000.0,
        "Diluted Average Shares": 34474000.0,
        "Basic Average Shares": 34402000.0,
        "Diluted EPS": 0.06,
        "Basic EPS": 0.06,
        "Diluted NI Availto Com Stockholders": 2164000.0,
        "Net Income Common Stockholders": 2164000.0,
        "Net Income": 2164000.0,
        "Minority Interests": 0.0,
        "Net Income Including Noncontrolling Interests": 2164000.0,
        "Net Income Continuous Operations": 2164000.0,
        "Tax Provision": -109000.0,
        "Pretax Income": 2055000.0,
        "Other Income Expense": 80000.0,
        "Other Non Operating Income Expenses": 80000.0,
        "Net Non Operating Interest Income Expense": -1753000.0,
        "Interest Expense Non Operating": 1753000.0,
        "Operating Income": 3728000.0,
        "Operating Expense": 36859000.0,
        "Research And Development": 4506000.0,
        "Selling General And Administration": 32353000.0,
        "Gross Profit": 40587000.0,
        "Cost Of Revenue": 152193000.0,
        "Total Revenue": 192780000.0,
        "Operating Revenue": 192780000.0
    }
}