{
    "2023-03-31": {
        "Tax Effect Of Unusual Items": 0.0,
        "Tax Rate For Calcs": 0.0,
        "Normalized EBITDA": -10287000.0,
        "Net Income From Continuing Operation Net Minority Interest": -11125000.0,
        "Reconciled Depreciation": 1086000.0,
        "Reconciled Cost Of Revenue": 5924000.0,
        "EBIT": -10287000.0,
        "Net Interest Income": 94000.0,
        "Interest Expense": 838000.0,
        "Interest Income": 932000.0,
        "Normalized Income": -11125000.0,
        "Net Income From Continuing And Discontinued Operation": -11125000.0,
        "Total Expenses": 44001000.0,
        "Total Operating Income As Reported": -11293000.0,
        "Diluted Average Shares": 34916106.0,
        "Basic Average Shares": 34916106.0,
        "Diluted EPS": -0.32,
        "Basic EPS": -0.32,
        "Diluted NI Availto Com Stockholders": -11125000.0,
        "Net Income Common Stockholders": -11125000.0,
        "Net Income": -11125000.0,
        "Net Income Including Noncontrolling Interests": -11125000.0,
        "Net Income Continuous Operations": -11125000.0,
        "Pretax Income": -11125000.0,
        "Other Income Expense": 74000.0,
        "Other Non Operating Income Expenses": 74000.0,
        "Net Non Operating Interest Income Expense": 94000.0,
        "Interest Expense Non Operating": 838000.0,
        "Interest Income Non Operating": 932000.0,
        "Operating Income": -11293000.0,
        "Operating Expense": 38077000.0,
        "Research And Development": 3291000.0,
        "Selling General And Administration": 34786000.0,
        "Selling And Marketing Expense": 27313000.0,
        "General And Administrative Expense": 7473000.0,
        "Other Gand A": 7473000.0,
        "Gross Profit": 26784000.0,
        "Cost Of Revenue": 5924000.0,
        "Total Revenue": 32708000.0,
        "Operating Revenue": 32708000.0
    },
    "2022-12-31": {
        "Tax Effect Of Unusual Items": 0.0,
        "Tax Rate For Calcs": 0.0,
        "Normalized EBITDA": -10294000.0,
        "Net Income From Continuing Operation Net Minority Interest": -11175000.0,
        "Reconciled Depreciation": 1002000.0,
        "Reconciled Cost Of Revenue": 5089000.0,
        "EBIT": -10294000.0,
        "Net Interest Income": -132000.0,
        "Interest Expense": 881000.0,
        "Interest Income": 749000.0,
        "Normalized Income": -11175000.0,
        "Net Income From Continuing And Discontinued Operation": -11175000.0,
        "Total Expenses": 43247000.0,
        "Total Operating Income As Reported": -11294000.0,
        "Diluted Average Shares": 34594536.0,
        "Basic Average Shares": 34594536.0,
        "Diluted EPS": -0.32,
        "Basic EPS": -0.32,
        "Diluted NI Availto Com Stockholders": -11175000.0,
        "Net Income Common Stockholders": -11175000.0,
        "Net Income": -11175000.0,
        "Net Income Including Noncontrolling Interests": -11175000.0,
        "Net Income Continuous Operations": -11175000.0,
        "Pretax Income": -11175000.0,
        "Other Income Expense": 251000.0,
        "Other Non Operating Income Expenses": 251000.0,
        "Net Non Operating Interest Income Expense": -132000.0,
        "Interest Expense Non Operating": 881000.0,
        "Interest Income Non Operating": 749000.0,
        "Operating Income": -11294000.0,
        "Operating Expense": 38158000.0,
        "Research And Development": 3480000.0,
        "Selling General And Administration": 34678000.0,
        "Selling And Marketing Expense": 27609000.0,
        "General And Administrative Expense": 7069000.0,
        "Other Gand A": 7069000.0,
        "Gross Profit": 26864000.0,
        "Cost Of Revenue": 5089000.0,
        "Total Revenue": 31953000.0,
        "Operating Revenue": 31953000.0
    },
    "2022-09-30": {
        "Tax Effect Of Unusual Items": 0.0,
        "Tax Rate For Calcs": 0.0,
        "Normalized EBITDA": -13403000.0,
        "Net Income From Continuing Operation Net Minority Interest": -14158000.0,
        "Reconciled Depreciation": 945000.0,
        "Reconciled Cost Of Revenue": 4168000.0,
        "EBIT": -13403000.0,
        "Net Interest Income": -409000.0,
        "Interest Expense": 755000.0,
        "Interest Income": 346000.0,
        "Normalized Income": -14158000.0,
        "Net Income From Continuing And Discontinued Operation": -14158000.0,
        "Total Expenses": 39998000.0,
        "Total Operating Income As Reported": -13566000.0,
        "Diluted Average Shares": 34356850.0,
        "Basic Average Shares": 34356850.0,
        "Diluted EPS": -0.41,
        "Basic EPS": -0.41,
        "Diluted NI Availto Com Stockholders": -14158000.0,
        "Net Income Common Stockholders": -14158000.0,
        "Net Income": -14158000.0,
        "Net Income Including Noncontrolling Interests": -14158000.0,
        "Net Income Continuous Operations": -14158000.0,
        "Pretax Income": -14158000.0,
        "Other Income Expense": -183000.0,
        "Other Non Operating Income Expenses": -183000.0,
        "Net Non Operating Interest Income Expense": -409000.0,
        "Interest Expense Non Operating": 755000.0,
        "Interest Income Non Operating": 346000.0,
        "Operating Income": -13566000.0,
        "Operating Expense": 35830000.0,
        "Research And Development": 3089000.0,
        "Selling General And Administration": 32741000.0,
        "Selling And Marketing Expense": 25669000.0,
        "General And Administrative Expense": 7072000.0,
        "Other Gand A": 7072000.0,
        "Gross Profit": 22264000.0,
        "Cost Of Revenue": 4168000.0,
        "Total Revenue": 26432000.0,
        "Operating Revenue": 26432000.0
    },
    "2022-06-30": {
        "Tax Effect Of Unusual Items": 0.0,
        "Tax Rate For Calcs": 0.0,
        "Normalized EBITDA": -17891000.0,
        "Net Income From Continuing Operation Net Minority Interest": -18513000.0,
        "Reconciled Depreciation": 792000.0,
        "Reconciled Cost Of Revenue": 3465000.0,
        "EBIT": -17891000.0,
        "Net Interest Income": -486000.0,
        "Interest Expense": 622000.0,
        "Interest Income": 136000.0,
        "Normalized Income": -18513000.0,
        "Net Income From Continuing And Discontinued Operation": -18513000.0,
        "Total Expenses": 43466000.0,
        "Total Operating Income As Reported": -17881000.0,
        "Diluted Average Shares": 34052692.0,
        "Basic Average Shares": 34052692.0,
        "Diluted EPS": -0.54,
        "Basic EPS": -0.54,
        "Diluted NI Availto Com Stockholders": -18513000.0,
        "Net Income Common Stockholders": -18513000.0,
        "Net Income": -18513000.0,
        "Net Income Including Noncontrolling Interests": -18513000.0,
        "Net Income Continuous Operations": -18513000.0,
        "Pretax Income": -18513000.0,
        "Other Income Expense": -146000.0,
        "Other Non Operating Income Expenses": -146000.0,
        "Net Non Operating Interest Income Expense": -486000.0,
        "Interest Expense Non Operating": 622000.0,
        "Interest Income Non Operating": 136000.0,
        "Operating Income": -17881000.0,
        "Operating Expense": 40001000.0,
        "Research And Development": 3478000.0,
        "Selling General And Administration": 36523000.0,
        "Selling And Marketing Expense": 28843000.0,
        "General And Administrative Expense": 7680000.0,
        "Other Gand A": 7680000.0,
        "Gross Profit": 22120000.0,
        "Cost Of Revenue": 3465000.0,
        "Total Revenue": 25585000.0,
        "Operating Revenue": 25585000.0
    },
    "2022-03-31": {
        "Diluted EPS": -0.52,
        "Total Revenue": 22,
        "Gross Profit": 19,
        "Operating Income": -17,
        "EBIT": -16,
        "Net Income": -17
    },
    "2021-12-31": {
        "Diluted EPS": -0.44,
        "Total Revenue": 25,
        "Gross Profit": 22,
        "Operating Income": -14,
        "EBIT": -13,
        "Net Income": -14
    },
    "2021-09-30": {
        "Diluted EPS": -0.48,
        "Total Revenue": 22,
        "Gross Profit": 20,
        "Operating Income": -13,
        "EBIT": -12,
        "Net Income": -16
    },
    "2021-06-30": {
        "Diluted EPS": -0.42,
        "Total Revenue": 22,
        "Gross Profit": 20,
        "Operating Income": -13,
        "EBIT": -12,
        "Net Income": -14
    },
    "2021-03-31": {
        "Diluted EPS": -0.37,
        "Total Revenue": 20,
        "Gross Profit": 18,
        "Operating Income": -12,
        "EBIT": -11,
        "Net Income": -12
    },
    "2020-12-31": {
        "Diluted EPS": -0.26,
        "Total Revenue": 22,
        "Gross Profit": 20,
        "Operating Income": -8,
        "EBIT": -7,
        "Net Income": -9
    },
    "2020-09-30": {
        "Diluted EPS": -0.33,
        "Total Revenue": 20,
        "Gross Profit": 18,
        "Operating Income": -9,
        "EBIT": -8,
        "Net Income": -9
    },
    "2020-06-30": {
        "Diluted EPS": -0.44,
        "Total Revenue": 14,
        "Gross Profit": 12,
        "Operating Income": -10,
        "EBIT": -10,
        "Net Income": -12
    },
    "2020-03-31": {
        "Diluted EPS": -0.47,
        "Total Revenue": 17,
        "Gross Profit": 15,
        "Operating Income": -12,
        "EBIT": -12,
        "Net Income": -13
    },
    "2019-12-31": {
        "Diluted EPS": -0.36,
        "Total Revenue": 20,
        "Gross Profit": 18,
        "Operating Income": -8,
        "EBIT": -8,
        "Net Income": -9
    },
    "2019-09-30": {
        "Diluted EPS": -0.46,
        "Total Revenue": 16,
        "Gross Profit": 15,
        "Operating Income": -11,
        "EBIT": -10,
        "Net Income": -11
    },
    "2019-06-30": {
        "Diluted EPS": -0.35,
        "Total Revenue": 16,
        "Gross Profit": 15,
        "Operating Income": -8,
        "EBIT": -8,
        "Net Income": -9
    },
    "2019-03-31": {
        "Diluted EPS": -0.38,
        "Total Revenue": 15,
        "Gross Profit": 13,
        "Operating Income": -9,
        "EBIT": -9,
        "Net Income": -9
    },
    "2018-12-31": {
        "Diluted EPS": 1.13,
        "Total Revenue": 16,
        "Gross Profit": 14,
        "Operating Income": -4,
        "EBIT": -4,
        "Net Income": -5
    },
    "2018-09-30": {
        "Diluted EPS": -1.29,
        "Total Revenue": 13,
        "Gross Profit": 12,
        "Operating Income": -3,
        "EBIT": -3,
        "Net Income": -5
    },
    "2018-06-30": {
        "Diluted EPS": -0.87,
        "Total Revenue": 14,
        "Gross Profit": 12,
        "Operating Income": -2,
        "EBIT": -1,
        "Net Income": -3
    },
    "2018-03-31": {
        "Diluted EPS": -1.17,
        "Total Revenue": 13,
        "Gross Profit": 12,
        "Operating Income": -3,
        "EBIT": -3,
        "Net Income": -4
    },
    "2017-12-31": {
        "Diluted EPS": 0.0,
        "Total Revenue": NaN,
        "Gross Profit": NaN,
        "Operating Income": NaN,
        "EBIT": NaN,
        "Net Income": NaN
    },
    "2017-09-30": {
        "Diluted EPS": -1.64,
        "Total Revenue": 12,
        "Gross Profit": 10,
        "Operating Income": -5,
        "EBIT": -5,
        "Net Income": -6
    },
    "2016-12-31": {
        "Diluted EPS": 0.0,
        "Total Revenue": NaN,
        "Gross Profit": NaN,
        "Operating Income": NaN,
        "EBIT": NaN,
        "Net Income": NaN
    },
    "2023-06-30": {
        "Tax Effect Of Unusual Items": 0.0,
        "Tax Rate For Calcs": 0.0,
        "Normalized EBITDA": -10356000.0,
        "Net Income From Continuing Operation Net Minority Interest": -11206000.0,
        "Reconciled Depreciation": NaN,
        "Reconciled Cost Of Revenue": 6318000.0,
        "EBIT": -10356000.0,
        "Net Interest Income": 732000.0,
        "Interest Expense": 850000.0,
        "Interest Income": 1582000.0,
        "Normalized Income": -11206000.0,
        "Net Income From Continuing And Discontinued Operation": -11206000.0,
        "Total Expenses": 45268000.0,
        "Total Operating Income As Reported": -11963000.0,
        "Diluted Average Shares": 37864185.0,
        "Basic Average Shares": 37864185.0,
        "Diluted EPS": -0.3,
        "Basic EPS": -0.3,
        "Diluted NI Availto Com Stockholders": -11206000.0,
        "Net Income Common Stockholders": -11206000.0,
        "Net Income": -11206000.0,
        "Net Income Including Noncontrolling Interests": -11206000.0,
        "Net Income Continuous Operations": -11206000.0,
        "Pretax Income": -11206000.0,
        "Other Income Expense": 25000.0,
        "Other Non Operating Income Expenses": 25000.0,
        "Net Non Operating Interest Income Expense": 732000.0,
        "Interest Expense Non Operating": 850000.0,
        "Interest Income Non Operating": 1582000.0,
        "Operating Income": -11963000.0,
        "Operating Expense": 38950000.0,
        "Research And Development": 3656000.0,
        "Selling General And Administration": 35294000.0,
        "Selling And Marketing Expense": 27492000.0,
        "General And Administrative Expense": 7802000.0,
        "Other Gand A": 7802000.0,
        "Gross Profit": 26987000.0,
        "Cost Of Revenue": 6318000.0,
        "Total Revenue": 33305000.0,
        "Operating Revenue": 33305000.0
    }
}