{
    "2023-03-31": {
        "Tax Effect Of Unusual Items": 0.0,
        "Tax Rate For Calcs": 0.3,
        "Normalized EBITDA": 1717282000.0,
        "Total Unusual Items": NaN,
        "Total Unusual Items Excluding Goodwill": NaN,
        "Net Income From Continuing Operation Net Minority Interest": 33836000.0,
        "Reconciled Depreciation": 1092610000.0,
        "Reconciled Cost Of Revenue": 5713659000.0,
        "EBITDA": 1717282000.0,
        "EBIT": 624672000.0,
        "Net Interest Income": -366886000.0,
        "Interest Expense": 445635000.0,
        "Interest Income": NaN,
        "Normalized Income": 33836000.0,
        "Net Income From Continuing And Discontinued Operation": 33836000.0,
        "Total Expenses": 8273075000.0,
        "Total Operating Income As Reported": NaN,
        "Diluted Average Shares": 182835369.0,
        "Basic Average Shares": 182835369.0,
        "Diluted EPS": 0.18596,
        "Basic EPS": 0.18596,
        "Diluted NI Availto Com Stockholders": 33836000.0,
        "Net Income Common Stockholders": 33836000.0,
        "Net Income": 33836000.0,
        "Net Income Including Noncontrolling Interests": 33836000.0,
        "Net Income Continuous Operations": 33836000.0,
        "Tax Provision": 145201000.0,
        "Pretax Income": 179037000.0,
        "Other Income Expense": NaN,
        "Other Non Operating Income Expenses": NaN,
        "Special Income Charges": NaN,
        "Impairment Of Capital Assets": NaN,
        "Net Non Operating Interest Income Expense": -366886000.0,
        "Total Other Finance Cost": NaN,
        "Interest Expense Non Operating": 445635000.0,
        "Interest Income Non Operating": NaN,
        "Operating Income": 559142000.0,
        "Operating Expense": 2559416000.0,
        "Other Operating Expenses": NaN,
        "Provision For Doubtful Accounts": NaN,
        "Depreciation Amortization Depletion Income Statement": 1092610000.0,
        "Depreciation And Amortization In Income Statement": 1092610000.0,
        "Selling General And Administration": 1509681000.0,
        "Selling And Marketing Expense": NaN,
        "Gross Profit": 3118558000.0,
        "Cost Of Revenue": 5713659000.0,
        "Total Revenue": 8832217000.0,
        "Operating Revenue": 8832217000.0
    },
    "2022-12-31": {
        "Tax Effect Of Unusual Items": NaN,
        "Tax Rate For Calcs": NaN,
        "Normalized EBITDA": NaN,
        "Total Unusual Items": 0.0,
        "Total Unusual Items Excluding Goodwill": 0.0,
        "Net Income From Continuing Operation Net Minority Interest": NaN,
        "Reconciled Depreciation": NaN,
        "Reconciled Cost Of Revenue": NaN,
        "EBITDA": NaN,
        "EBIT": NaN,
        "Net Interest Income": NaN,
        "Interest Expense": NaN,
        "Interest Income": NaN,
        "Normalized Income": NaN,
        "Net Income From Continuing And Discontinued Operation": NaN,
        "Total Expenses": NaN,
        "Total Operating Income As Reported": NaN,
        "Diluted Average Shares": NaN,
        "Basic Average Shares": NaN,
        "Diluted EPS": NaN,
        "Basic EPS": NaN,
        "Diluted NI Availto Com Stockholders": NaN,
        "Net Income Common Stockholders": NaN,
        "Net Income": NaN,
        "Net Income Including Noncontrolling Interests": NaN,
        "Net Income Continuous Operations": NaN,
        "Tax Provision": NaN,
        "Pretax Income": NaN,
        "Other Income Expense": 24000000.0,
        "Other Non Operating Income Expenses": 24000000.0,
        "Special Income Charges": 0.0,
        "Impairment Of Capital Assets": 0.0,
        "Gain On Sale Of Security": NaN,
        "Net Non Operating Interest Income Expense": NaN,
        "Total Other Finance Cost": NaN,
        "Interest Expense Non Operating": NaN,
        "Interest Income Non Operating": NaN,
        "Operating Income": NaN,
        "Operating Expense": NaN,
        "Other Operating Expenses": NaN,
        "Provision For Doubtful Accounts": NaN,
        "Depreciation Amortization Depletion Income Statement": NaN,
        "Depreciation And Amortization In Income Statement": NaN,
        "Selling General And Administration": NaN,
        "Selling And Marketing Expense": NaN,
        "Gross Profit": NaN,
        "Cost Of Revenue": NaN,
        "Total Revenue": NaN,
        "Operating Revenue": NaN
    },
    "2022-09-30": {
        "Tax Effect Of Unusual Items": NaN,
        "Tax Rate For Calcs": NaN,
        "Normalized EBITDA": NaN,
        "Total Unusual Items": NaN,
        "Total Unusual Items Excluding Goodwill": NaN,
        "Net Income From Continuing Operation Net Minority Interest": NaN,
        "Reconciled Depreciation": NaN,
        "Reconciled Cost Of Revenue": NaN,
        "EBITDA": NaN,
        "EBIT": NaN,
        "Net Interest Income": NaN,
        "Interest Expense": NaN,
        "Interest Income": 15004000.0,
        "Normalized Income": NaN,
        "Net Income From Continuing And Discontinued Operation": NaN,
        "Total Expenses": NaN,
        "Total Operating Income As Reported": 582030000.0,
        "Diluted Average Shares": NaN,
        "Basic Average Shares": NaN,
        "Diluted EPS": NaN,
        "Basic EPS": NaN,
        "Diluted NI Availto Com Stockholders": NaN,
        "Net Income Common Stockholders": NaN,
        "Net Income": NaN,
        "Net Income Including Noncontrolling Interests": NaN,
        "Net Income Continuous Operations": NaN,
        "Tax Provision": NaN,
        "Pretax Income": NaN,
        "Other Income Expense": 29000000.0,
        "Other Non Operating Income Expenses": 29000000.0,
        "Special Income Charges": NaN,
        "Impairment Of Capital Assets": NaN,
        "Net Non Operating Interest Income Expense": NaN,
        "Total Other Finance Cost": 44575000.0,
        "Interest Expense Non Operating": NaN,
        "Interest Income Non Operating": 15004000.0,
        "Operating Income": NaN,
        "Operating Expense": NaN,
        "Other Operating Expenses": 409797000.0,
        "Provision For Doubtful Accounts": 50000000.0,
        "Depreciation Amortization Depletion Income Statement": NaN,
        "Depreciation And Amortization In Income Statement": NaN,
        "Selling General And Administration": NaN,
        "Selling And Marketing Expense": 951632000.0,
        "Gross Profit": NaN,
        "Cost Of Revenue": NaN,
        "Total Revenue": NaN,
        "Operating Revenue": NaN
    },
    "2022-06-30": {
        "Tax Effect Of Unusual Items": 0.0,
        "Tax Rate For Calcs": 0.313924,
        "Normalized EBITDA": 1525000000.0,
        "Total Unusual Items": NaN,
        "Total Unusual Items Excluding Goodwill": NaN,
        "Net Income From Continuing Operation Net Minority Interest": 271000000.0,
        "Reconciled Depreciation": 927000000.0,
        "Reconciled Cost Of Revenue": 4910000000.0,
        "EBITDA": 1525000000.0,
        "EBIT": 598000000.0,
        "Net Interest Income": -281000000.0,
        "Interest Expense": 471000000.0,
        "Interest Income": NaN,
        "Normalized Income": 271000000.0,
        "Net Income From Continuing And Discontinued Operation": 271000000.0,
        "Total Expenses": 7111000000.0,
        "Total Operating Income As Reported": NaN,
        "Diluted Average Shares": 182742369.0,
        "Basic Average Shares": 182742369.0,
        "Diluted EPS": 1.482962,
        "Basic EPS": 1.482962,
        "Diluted NI Availto Com Stockholders": 271000000.0,
        "Net Income Common Stockholders": 271000000.0,
        "Net Income": 271000000.0,
        "Net Income Including Noncontrolling Interests": 271000000.0,
        "Net Income Continuous Operations": 271000000.0,
        "Tax Provision": 124000000.0,
        "Pretax Income": 395000000.0,
        "Other Income Expense": 78000000.0,
        "Other Non Operating Income Expenses": 78000000.0,
        "Special Income Charges": NaN,
        "Impairment Of Capital Assets": NaN,
        "Net Non Operating Interest Income Expense": -281000000.0,
        "Total Other Finance Cost": 281000000.0,
        "Interest Expense Non Operating": 471000000.0,
        "Interest Income Non Operating": NaN,
        "Operating Income": 598000000.0,
        "Operating Expense": 2201000000.0,
        "Other Operating Expenses": NaN,
        "Depreciation Amortization Depletion Income Statement": 927000000.0,
        "Depreciation And Amortization In Income Statement": 927000000.0,
        "Selling General And Administration": 1274000000.0,
        "Gross Profit": 2799000000.0,
        "Cost Of Revenue": 4910000000.0,
        "Total Revenue": 7709000000.0,
        "Operating Revenue": 7709000000.0
    },
    "2022-03-31": {
        "Diluted EPS": 0.06,
        "Total Revenue": 84,
        "Gross Profit": 35,
        "Operating Income": 9,
        "EBIT": 9,
        "Net Income": 3
    },
    "2021-12-31": {
        "Diluted EPS": 0.0,
        "Total Revenue": 90,
        "Gross Profit": 38,
        "Operating Income": 10,
        "EBIT": 10,
        "Net Income": 5
    },
    "2021-09-30": {
        "Diluted EPS": 0.03,
        "Total Revenue": 94,
        "Gross Profit": 38,
        "Operating Income": 10,
        "EBIT": 10,
        "Net Income": 5
    },
    "2021-06-30": {
        "Diluted EPS": 0.0,
        "Total Revenue": 88,
        "Gross Profit": 35,
        "Operating Income": 9,
        "EBIT": 9,
        "Net Income": 4
    },
    "2020-12-31": {
        "Diluted EPS": 0.0,
        "Total Revenue": 86,
        "Gross Profit": 32,
        "Operating Income": 8,
        "EBIT": 8,
        "Net Income": 3
    },
    "2020-09-30": {
        "Diluted EPS": 0.02,
        "Total Revenue": 80,
        "Gross Profit": 31,
        "Operating Income": 8,
        "EBIT": 8,
        "Net Income": 3
    },
    "2019-12-31": {
        "Diluted EPS": 0.0,
        "Total Revenue": 82,
        "Gross Profit": 30,
        "Operating Income": 7,
        "EBIT": 7,
        "Net Income": 2
    },
    "2019-09-30": {
        "Diluted EPS": 0.02,
        "Total Revenue": 82,
        "Gross Profit": 32,
        "Operating Income": 8,
        "EBIT": 8,
        "Net Income": 3
    },
    "2018-09-30": {
        "Diluted EPS": 0.02,
        "Total Revenue": 76,
        "Gross Profit": 28,
        "Operating Income": 6,
        "EBIT": 6,
        "Net Income": 3
    },
    "2017-09-30": {
        "Diluted EPS": 0.02,
        "Total Revenue": 74,
        "Gross Profit": 27,
        "Operating Income": 4,
        "EBIT": 4,
        "Net Income": 3
    },
    "2017-06-30": {
        "Diluted EPS": 0.0,
        "Total Revenue": 71,
        "Gross Profit": 27,
        "Operating Income": 4,
        "EBIT": 4,
        "Net Income": 3
    },
    "2016-09-30": {
        "Diluted EPS": 0.02,
        "Total Revenue": 66,
        "Gross Profit": 24,
        "Operating Income": 4,
        "EBIT": 4,
        "Net Income": 2
    },
    "2016-03-31": {
        "Diluted EPS": 0.0,
        "Total Revenue": 45,
        "Gross Profit": 20,
        "Operating Income": 3,
        "EBIT": 3,
        "Net Income": 1
    },
    "2015-12-31": {
        "Diluted EPS": 0.0,
        "Total Revenue": 59,
        "Gross Profit": 20,
        "Operating Income": 3,
        "EBIT": 3,
        "Net Income": 2
    },
    "2015-09-30": {
        "Diluted EPS": 0.01,
        "Total Revenue": 57,
        "Gross Profit": 24,
        "Operating Income": 4,
        "EBIT": 4,
        "Net Income": 2
    },
    "2015-06-30": {
        "Diluted EPS": 0.01,
        "Total Revenue": 52,
        "Gross Profit": 11,
        "Operating Income": -10,
        "EBIT": -10,
        "Net Income": 1
    },
    "2015-03-31": {
        "Diluted EPS": 0.0,
        "Total Revenue": NaN,
        "Gross Profit": NaN,
        "Operating Income": NaN,
        "EBIT": NaN,
        "Net Income": NaN
    },
    "2014-09-30": {
        "Diluted EPS": 0.01,
        "Total Revenue": 51,
        "Gross Profit": 17,
        "Operating Income": 2,
        "EBIT": 2,
        "Net Income": 1
    },
    "2014-06-30": {
        "Diluted EPS": 0.01,
        "Total Revenue": 48,
        "Gross Profit": 18,
        "Operating Income": 2,
        "EBIT": 2,
        "Net Income": 2
    },
    "2014-03-31": {
        "Diluted EPS": 0.0,
        "Total Revenue": 44,
        "Gross Profit": 16,
        "Operating Income": 0,
        "EBIT": 0,
        "Net Income": 0
    },
    "2013-12-31": {
        "Diluted EPS": 0.0,
        "Total Revenue": 44,
        "Gross Profit": 17,
        "Operating Income": 1,
        "EBIT": 1,
        "Net Income": 1
    },
    "2013-09-30": {
        "Diluted EPS": 0.01,
        "Total Revenue": 40,
        "Gross Profit": 17,
        "Operating Income": 3,
        "EBIT": 3,
        "Net Income": 2
    },
    "2013-06-30": {
        "Diluted EPS": 0.02,
        "Total Revenue": 42,
        "Gross Profit": 16,
        "Operating Income": -1,
        "EBIT": -1,
        "Net Income": 3
    },
    "2013-03-31": {
        "Diluted EPS": 0.0,
        "Total Revenue": 41,
        "Gross Profit": 19,
        "Operating Income": 0,
        "EBIT": 0,
        "Net Income": -1
    },
    "2012-12-31": {
        "Diluted EPS": 0.0,
        "Total Revenue": 41,
        "Gross Profit": 17,
        "Operating Income": 0,
        "EBIT": 0,
        "Net Income": -1
    },
    "2012-09-30": {
        "Diluted EPS": 0.09,
        "Total Revenue": 39,
        "Gross Profit": 18,
        "Operating Income": -1,
        "EBIT": -1,
        "Net Income": 11
    },
    "2012-06-30": {
        "Diluted EPS": -0.01,
        "Total Revenue": 37,
        "Gross Profit": 17,
        "Operating Income": 1,
        "EBIT": 1,
        "Net Income": -1
    },
    "2012-03-31": {
        "Diluted EPS": 0.0,
        "Total Revenue": 27,
        "Gross Profit": 12,
        "Operating Income": -2,
        "EBIT": -2,
        "Net Income": -2
    },
    "2011-12-31": {
        "Diluted EPS": 0.0,
        "Total Revenue": 35,
        "Gross Profit": 16,
        "Operating Income": -1,
        "EBIT": -1,
        "Net Income": -1
    },
    "2011-09-30": {
        "Diluted EPS": -0.02,
        "Total Revenue": 37,
        "Gross Profit": 15,
        "Operating Income": -1,
        "EBIT": -1,
        "Net Income": -2
    },
    "2011-06-30": {
        "Diluted EPS": 0.0,
        "Total Revenue": 51,
        "Gross Profit": 17,
        "Operating Income": -1,
        "EBIT": -1,
        "Net Income": -2
    },
    "2011-03-31": {
        "Diluted EPS": 0.0,
        "Total Revenue": 39,
        "Gross Profit": 17,
        "Operating Income": -3,
        "EBIT": -3,
        "Net Income": -3
    },
    "2010-12-31": {
        "Diluted EPS": 0.0,
        "Total Revenue": 39,
        "Gross Profit": 15,
        "Operating Income": -2,
        "EBIT": -2,
        "Net Income": -2
    },
    "2010-09-30": {
        "Diluted EPS": -0.06,
        "Total Revenue": 38,
        "Gross Profit": 15,
        "Operating Income": -3,
        "EBIT": -3,
        "Net Income": -3
    },
    "2010-06-30": {
        "Diluted EPS": 0.0,
        "Total Revenue": 39,
        "Gross Profit": 14,
        "Operating Income": -2,
        "EBIT": -2,
        "Net Income": -3
    },
    "2010-03-31": {
        "Diluted EPS": -0.06,
        "Total Revenue": 39,
        "Gross Profit": 18,
        "Operating Income": -3,
        "EBIT": -3,
        "Net Income": -3
    },
    "2009-12-31": {
        "Diluted EPS": 0.17,
        "Total Revenue": 37,
        "Gross Profit": 13,
        "Operating Income": -4,
        "EBIT": -4,
        "Net Income": 9
    },
    "2009-09-30": {
        "Diluted EPS": -0.05,
        "Total Revenue": 38,
        "Gross Profit": 14,
        "Operating Income": -1,
        "EBIT": 2,
        "Net Income": -2
    },
    "2009-06-30": {
        "Diluted EPS": -0.07,
        "Total Revenue": 34,
        "Gross Profit": 13,
        "Operating Income": -3,
        "EBIT": 0,
        "Net Income": -3
    },
    "2009-03-31": {
        "Diluted EPS": -0.1,
        "Total Revenue": 26,
        "Gross Profit": 14,
        "Operating Income": 3,
        "EBIT": 5,
        "Net Income": -3
    },
    "2023-09-30": {
        "Tax Effect Of Unusual Items": 0.0,
        "Tax Rate For Calcs": 0.3,
        "Normalized EBITDA": 1680566000.0,
        "Total Unusual Items": NaN,
        "Total Unusual Items Excluding Goodwill": NaN,
        "Net Income From Continuing Operation Net Minority Interest": -40013000.0,
        "Reconciled Depreciation": 1213232000.0,
        "Reconciled Cost Of Revenue": 5509243000.0,
        "EBITDA": 1680566000.0,
        "EBIT": 467334000.0,
        "Net Interest Income": -361231000.0,
        "Interest Expense": 469757000.0,
        "Interest Income": 69141000.0,
        "Normalized Income": -40013000.0,
        "Net Income From Continuing And Discontinued Operation": -40013000.0,
        "Total Expenses": 8432324000.0,
        "Total Operating Income As Reported": 358808000.0,
        "Diluted Average Shares": 399355529.0,
        "Basic Average Shares": 393942263.0,
        "Diluted EPS": -0.102143,
        "Basic EPS": -0.102143,
        "Diluted NI Availto Com Stockholders": -40013000.0,
        "Net Income Common Stockholders": -40013000.0,
        "Net Income": -40013000.0,
        "Net Income Including Noncontrolling Interests": -40013000.0,
        "Net Income Continuous Operations": -40013000.0,
        "Tax Provision": 37590000.0,
        "Pretax Income": -2423000.0,
        "Other Income Expense": 57000000.0,
        "Other Non Operating Income Expenses": 57000000.0,
        "Special Income Charges": NaN,
        "Impairment Of Capital Assets": NaN,
        "Gain On Sale Of Security": NaN,
        "Net Non Operating Interest Income Expense": -361231000.0,
        "Total Other Finance Cost": -39385000.0,
        "Interest Expense Non Operating": 469757000.0,
        "Interest Income Non Operating": 69141000.0,
        "Operating Income": 358808000.0,
        "Operating Expense": 2923081000.0,
        "Other Operating Expenses": 390201000.0,
        "Provision For Doubtful Accounts": 105000000.0,
        "Depreciation Amortization Depletion Income Statement": 1213232000.0,
        "Depreciation And Amortization In Income Statement": 1213232000.0,
        "Selling General And Administration": 1214648000.0,
        "Selling And Marketing Expense": 1214648000.0,
        "Gross Profit": 3281889000.0,
        "Cost Of Revenue": 5509243000.0,
        "Total Revenue": 8791132000.0,
        "Operating Revenue": 8791132000.0
    },
    "2023-12-31": {
        "Tax Effect Of Unusual Items": 0.0,
        "Tax Rate For Calcs": 0.3,
        "Normalized EBITDA": 1688000000.0,
        "Total Unusual Items": NaN,
        "Total Unusual Items Excluding Goodwill": NaN,
        "Net Income From Continuing Operation Net Minority Interest": -14000000.0,
        "Reconciled Depreciation": 1183000000.0,
        "Reconciled Cost Of Revenue": 5390000000.0,
        "EBITDA": 1688000000.0,
        "EBIT": 505000000.0,
        "Net Interest Income": -525000000.0,
        "Interest Expense": 525000000.0,
        "Interest Income": NaN,
        "Normalized Income": -14000000.0,
        "Net Income From Continuing And Discontinued Operation": -14000000.0,
        "Total Expenses": 8153000000.0,
        "Total Operating Income As Reported": NaN,
        "Diluted Average Shares": 394510108.0,
        "Basic Average Shares": 394510108.0,
        "Diluted EPS": -0.035487,
        "Basic EPS": -0.035487,
        "Diluted NI Availto Com Stockholders": -14000000.0,
        "Net Income Common Stockholders": -14000000.0,
        "Net Income": -14000000.0,
        "Net Income Including Noncontrolling Interests": -14000000.0,
        "Net Income Continuous Operations": -14000000.0,
        "Tax Provision": -6000000.0,
        "Pretax Income": -20000000.0,
        "Other Income Expense": -1000000.0,
        "Other Non Operating Income Expenses": -1000000.0,
        "Special Income Charges": NaN,
        "Impairment Of Capital Assets": NaN,
        "Gain On Sale Of Security": NaN,
        "Net Non Operating Interest Income Expense": -525000000.0,
        "Total Other Finance Cost": NaN,
        "Interest Expense Non Operating": 525000000.0,
        "Interest Income Non Operating": NaN,
        "Operating Income": 506000000.0,
        "Operating Expense": 2763000000.0,
        "Other Operating Expenses": NaN,
        "Provision For Doubtful Accounts": NaN,
        "Depreciation Amortization Depletion Income Statement": 1183000000.0,
        "Depreciation And Amortization In Income Statement": 1183000000.0,
        "Selling General And Administration": 1580000000.0,
        "Selling And Marketing Expense": NaN,
        "Gross Profit": 3269000000.0,
        "Cost Of Revenue": 5390000000.0,
        "Total Revenue": 8659000000.0,
        "Operating Revenue": 8659000000.0
    },
    "2024-03-31": {
        "Tax Effect Of Unusual Items": 0.0,
        "Tax Rate For Calcs": 0.3,
        "Normalized EBITDA": 2027027000.0,
        "Total Unusual Items": NaN,
        "Total Unusual Items Excluding Goodwill": NaN,
        "Net Income From Continuing Operation Net Minority Interest": -46934000.0,
        "Reconciled Depreciation": 1258889000.0,
        "Reconciled Cost Of Revenue": 6107551000.0,
        "EBITDA": 2027027000.0,
        "EBIT": 768138000.0,
        "Net Interest Income": -632924000.0,
        "Interest Expense": 717172000.0,
        "Interest Income": NaN,
        "Normalized Income": -46934000.0,
        "Net Income From Continuing And Discontinued Operation": -46934000.0,
        "Total Expenses": 8953603000.0,
        "Total Operating Income As Reported": NaN,
        "Diluted Average Shares": 183332460.0,
        "Basic Average Shares": 183332460.0,
        "Diluted EPS": 0.207274,
        "Basic EPS": 0.207274,
        "Diluted NI Availto Com Stockholders": -46934000.0,
        "Net Income Common Stockholders": -46934000.0,
        "Net Income": -46934000.0,
        "Net Income Including Noncontrolling Interests": -46934000.0,
        "Net Income Continuous Operations": -46934000.0,
        "Tax Provision": 97900000.0,
        "Pretax Income": 50966000.0,
        "Other Income Expense": NaN,
        "Other Non Operating Income Expenses": NaN,
        "Special Income Charges": NaN,
        "Impairment Of Capital Assets": NaN,
        "Gain On Sale Of Security": NaN,
        "Net Non Operating Interest Income Expense": -632924000.0,
        "Total Other Finance Cost": NaN,
        "Interest Expense Non Operating": 717172000.0,
        "Interest Income Non Operating": NaN,
        "Operating Income": 682890000.0,
        "Operating Expense": 2846052000.0,
        "Other Operating Expenses": NaN,
        "Provision For Doubtful Accounts": NaN,
        "Depreciation Amortization Depletion Income Statement": 1258889000.0,
        "Depreciation And Amortization In Income Statement": 1258889000.0,
        "Selling General And Administration": 1704559000.0,
        "Selling And Marketing Expense": NaN,
        "Gross Profit": 3528942000.0,
        "Cost Of Revenue": 6107551000.0,
        "Total Revenue": 9636493000.0,
        "Operating Revenue": 9636493000.0
    },
    "2024-06-30": {
        "Tax Effect Of Unusual Items": 17400000.0,
        "Tax Rate For Calcs": 0.3,
        "Normalized EBITDA": 1872000000.0,
        "Total Unusual Items": 58000000.0,
        "Total Unusual Items Excluding Goodwill": 58000000.0,
        "Net Income From Continuing Operation Net Minority Interest": -105000000.0,
        "Reconciled Depreciation": 1306000000.0,
        "Reconciled Cost Of Revenue": 5961000000.0,
        "EBITDA": 1930000000.0,
        "EBIT": 624000000.0,
        "Net Interest Income": -670000000.0,
        "Interest Expense": 670000000.0,
        "Interest Income": NaN,
        "Normalized Income": -145600000.0,
        "Net Income From Continuing And Discontinued Operation": -105000000.0,
        "Total Expenses": 8855000000.0,
        "Total Operating Income As Reported": 566000000.0,
        "Diluted Average Shares": 433331423.0,
        "Basic Average Shares": 433331423.0,
        "Diluted EPS": -0.26591,
        "Basic EPS": -0.26591,
        "Diluted NI Availto Com Stockholders": -105000000.0,
        "Net Income Common Stockholders": -105000000.0,
        "Net Income": -105000000.0,
        "Net Income Including Noncontrolling Interests": -105000000.0,
        "Net Income Continuous Operations": -105000000.0,
        "Tax Provision": 59000000.0,
        "Pretax Income": -46000000.0,
        "Other Income Expense": 58000000.0,
        "Other Non Operating Income Expenses": NaN,
        "Special Income Charges": NaN,
        "Impairment Of Capital Assets": NaN,
        "Gain On Sale Of Security": 58000000.0,
        "Net Non Operating Interest Income Expense": -670000000.0,
        "Total Other Finance Cost": NaN,
        "Interest Expense Non Operating": 670000000.0,
        "Interest Income Non Operating": NaN,
        "Operating Income": 566000000.0,
        "Operating Expense": 2894000000.0,
        "Other Operating Expenses": -88000000.0,
        "Provision For Doubtful Accounts": NaN,
        "Depreciation Amortization Depletion Income Statement": 1306000000.0,
        "Depreciation And Amortization In Income Statement": 1306000000.0,
        "Selling General And Administration": 1676000000.0,
        "Selling And Marketing Expense": NaN,
        "Gross Profit": 3460000000.0,
        "Cost Of Revenue": 5961000000.0,
        "Total Revenue": 9421000000.0,
        "Operating Revenue": 9421000000.0
    },
    "2023-06-30": {
        "Tax Effect Of Unusual Items": 2700000.0,
        "Tax Rate For Calcs": 0.3,
        "Normalized EBITDA": 1797000000.0,
        "Total Unusual Items": 9000000.0,
        "Total Unusual Items Excluding Goodwill": 9000000.0,
        "Net Income From Continuing Operation Net Minority Interest": 65000000.0,
        "Reconciled Depreciation": 1118000000.0,
        "Reconciled Cost Of Revenue": 5371000000.0,
        "EBITDA": 1806000000.0,
        "EBIT": 688000000.0,
        "Net Interest Income": -569000000.0,
        "Interest Expense": 569000000.0,
        "Interest Income": NaN,
        "Normalized Income": 58700000.0,
        "Net Income From Continuing And Discontinued Operation": 65000000.0,
        "Total Expenses": 7868000000.0,
        "Total Operating Income As Reported": 679000000.0,
        "Diluted Average Shares": 393799769.0,
        "Basic Average Shares": 393799769.0,
        "Diluted EPS": 0.165059,
        "Basic EPS": 0.165059,
        "Diluted NI Availto Com Stockholders": 65000000.0,
        "Net Income Common Stockholders": 65000000.0,
        "Net Income": 65000000.0,
        "Net Income Including Noncontrolling Interests": 65000000.0,
        "Net Income Continuous Operations": 65000000.0,
        "Tax Provision": 54000000.0,
        "Pretax Income": 119000000.0,
        "Other Income Expense": 9000000.0,
        "Other Non Operating Income Expenses": NaN,
        "Special Income Charges": NaN,
        "Impairment Of Capital Assets": NaN,
        "Gain On Sale Of Security": 9000000.0,
        "Net Non Operating Interest Income Expense": -569000000.0,
        "Total Other Finance Cost": NaN,
        "Interest Expense Non Operating": 569000000.0,
        "Interest Income Non Operating": NaN,
        "Operating Income": 679000000.0,
        "Operating Expense": 2497000000.0,
        "Other Operating Expenses": -42000000.0,
        "Provision For Doubtful Accounts": NaN,
        "Depreciation Amortization Depletion Income Statement": 1118000000.0,
        "Depreciation And Amortization In Income Statement": 1118000000.0,
        "Selling General And Administration": 1421000000.0,
        "Selling And Marketing Expense": NaN,
        "Gross Profit": 3176000000.0,
        "Cost Of Revenue": 5371000000.0,
        "Total Revenue": 8547000000.0,
        "Operating Revenue": 8547000000.0
    }
}