{
    "2023-04-30": {
        "Tax Effect Of Unusual Items": 249200.0,
        "Tax Rate For Calcs": 0.089,
        "Normalized EBITDA": 141900000.0,
        "Total Unusual Items": 2800000.0,
        "Total Unusual Items Excluding Goodwill": 2800000.0,
        "Net Income From Continuing Operation Net Minority Interest": 97400000.0,
        "Reconciled Depreciation": 43100000.0,
        "Reconciled Cost Of Revenue": 1036000000.0,
        "EBITDA": 144700000.0,
        "EBIT": 101600000.0,
        "Net Interest Income": 5600000.0,
        "Interest Expense": NaN,
        "Interest Income": 5600000.0,
        "Normalized Income": 94849200.0,
        "Net Income From Continuing And Discontinued Operation": 97400000.0,
        "Total Expenses": 1566400000.0,
        "Total Operating Income As Reported": 101700000.0,
        "Diluted Average Shares": 54500000.0,
        "Basic Average Shares": 45300000.0,
        "Diluted EPS": 1.79,
        "Basic EPS": 1.96,
        "Diluted NI Availto Com Stockholders": 97400000.0,
        "Average Dilution Earnings": 8600000.0,
        "Net Income Common Stockholders": 88800000.0,
        "Preferred Stock Dividends": 8600000.0,
        "Net Income": 97400000.0,
        "Net Income Including Noncontrolling Interests": 97400000.0,
        "Net Income Continuous Operations": 97400000.0,
        "Tax Provision": 9500000.0,
        "Pretax Income": 106900000.0,
        "Other Income Expense": -300000.0,
        "Other Non Operating Income Expenses": -3100000.0,
        "Special Income Charges": 2800000.0,
        "Other Special Charges": -2800000.0,
        "Write Off": NaN,
        "Restructuring And Mergern Acquisition": NaN,
        "Net Non Operating Interest Income Expense": 5600000.0,
        "Total Other Finance Cost": NaN,
        "Interest Expense Non Operating": NaN,
        "Interest Income Non Operating": 5600000.0,
        "Operating Income": 101600000.0,
        "Operating Expense": 530400000.0,
        "Selling General And Administration": 530400000.0,
        "Gross Profit": 632000000.0,
        "Cost Of Revenue": 1036000000.0,
        "Total Revenue": 1668000000.0,
        "Operating Revenue": 1612700000.0
    },
    "2023-01-31": {
        "Tax Effect Of Unusual Items": 23497410.032715,
        "Tax Rate For Calcs": 0.244002,
        "Normalized EBITDA": 313600000.0,
        "Total Unusual Items": 96300000.0,
        "Total Unusual Items Excluding Goodwill": 96300000.0,
        "Net Income From Continuing Operation Net Minority Interest": 277300000.0,
        "Reconciled Depreciation": 41000000.0,
        "Reconciled Cost Of Revenue": 1555100000.0,
        "EBITDA": 409900000.0,
        "EBIT": 368900000.0,
        "Net Interest Income": -2100000.0,
        "Interest Expense": 2100000.0,
        "Interest Income": 0.0,
        "Normalized Income": 204497410.032715,
        "Net Income From Continuing And Discontinued Operation": 277300000.0,
        "Total Expenses": 2257600000.0,
        "Total Operating Income As Reported": 369500000.0,
        "Diluted Average Shares": 55200000.0,
        "Basic Average Shares": 45300000.0,
        "Diluted EPS": 5.02,
        "Basic EPS": 5.93,
        "Diluted NI Availto Com Stockholders": 303200000.0,
        "Average Dilution Earnings": 34500000.0,
        "Net Income Common Stockholders": 268700000.0,
        "Preferred Stock Dividends": 8600000.0,
        "Net Income": 277300000.0,
        "Net Income Including Noncontrolling Interests": 277300000.0,
        "Net Income Continuous Operations": 277300000.0,
        "Tax Provision": 89500000.0,
        "Pretax Income": 366800000.0,
        "Other Income Expense": -39700000.0,
        "Other Non Operating Income Expenses": -136000000.0,
        "Special Income Charges": 96300000.0,
        "Other Special Charges": -119000000.0,
        "Write Off": NaN,
        "Restructuring And Mergern Acquisition": NaN,
        "Net Non Operating Interest Income Expense": -2100000.0,
        "Total Other Finance Cost": NaN,
        "Interest Expense Non Operating": 2100000.0,
        "Interest Income Non Operating": 0.0,
        "Operating Income": 408600000.0,
        "Operating Expense": 702500000.0,
        "Selling General And Administration": 702500000.0,
        "Gross Profit": 1111100000.0,
        "Cost Of Revenue": 1555100000.0,
        "Total Revenue": 2666200000.0,
        "Operating Revenue": 2666200000.0
    },
    "2022-10-31": {
        "Tax Effect Of Unusual Items": NaN,
        "Tax Rate For Calcs": NaN,
        "Normalized EBITDA": NaN,
        "Total Unusual Items": NaN,
        "Total Unusual Items Excluding Goodwill": NaN,
        "Net Income From Continuing Operation Net Minority Interest": NaN,
        "Reconciled Depreciation": NaN,
        "Reconciled Cost Of Revenue": NaN,
        "EBITDA": NaN,
        "EBIT": NaN,
        "Net Interest Income": NaN,
        "Interest Expense": 3600000.0,
        "Interest Income": 0.0,
        "Normalized Income": NaN,
        "Net Income From Continuing And Discontinued Operation": NaN,
        "Total Expenses": NaN,
        "Total Operating Income As Reported": NaN,
        "Diluted Average Shares": NaN,
        "Basic Average Shares": NaN,
        "Diluted EPS": NaN,
        "Basic EPS": NaN,
        "Diluted NI Availto Com Stockholders": NaN,
        "Average Dilution Earnings": 0.0,
        "Net Income Common Stockholders": NaN,
        "Preferred Stock Dividends": NaN,
        "Net Income": NaN,
        "Net Income Including Noncontrolling Interests": NaN,
        "Net Income Continuous Operations": NaN,
        "Tax Provision": NaN,
        "Pretax Income": NaN,
        "Other Income Expense": NaN,
        "Other Non Operating Income Expenses": NaN,
        "Special Income Charges": NaN,
        "Other Special Charges": NaN,
        "Write Off": 1900000.0,
        "Restructuring And Mergern Acquisition": 0.0,
        "Net Non Operating Interest Income Expense": NaN,
        "Total Other Finance Cost": 3600000.0,
        "Interest Expense Non Operating": 3600000.0,
        "Interest Income Non Operating": 0.0,
        "Operating Income": NaN,
        "Operating Expense": NaN,
        "Selling General And Administration": NaN,
        "Gross Profit": NaN,
        "Cost Of Revenue": NaN,
        "Total Revenue": NaN,
        "Operating Revenue": NaN
    },
    "2022-07-31": {
        "Tax Effect Of Unusual Items": -177300.0,
        "Tax Rate For Calcs": 0.197,
        "Normalized EBITDA": 225100000.0,
        "Total Unusual Items": -900000.0,
        "Total Unusual Items Excluding Goodwill": -900000.0,
        "Net Income From Continuing Operation Net Minority Interest": 145400000.0,
        "Reconciled Depreciation": 39800000.0,
        "Reconciled Cost Of Revenue": 1090200000.0,
        "EBITDA": 224200000.0,
        "EBIT": 184400000.0,
        "Net Interest Income": -3400000.0,
        "Interest Expense": 3400000.0,
        "Interest Income": 0.0,
        "Normalized Income": 146122700.0,
        "Net Income From Continuing And Discontinued Operation": 145400000.0,
        "Total Expenses": 1567500000.0,
        "Total Operating Income As Reported": 186800000.0,
        "Diluted Average Shares": 56300000.0,
        "Basic Average Shares": 46400000.0,
        "Diluted EPS": 2.58,
        "Basic EPS": 2.95,
        "Diluted NI Availto Com Stockholders": 145400000.0,
        "Average Dilution Earnings": 8600000.0,
        "Net Income Common Stockholders": 136800000.0,
        "Preferred Stock Dividends": 8600000.0,
        "Net Income": 145400000.0,
        "Net Income Including Noncontrolling Interests": 145400000.0,
        "Net Income Continuous Operations": 145400000.0,
        "Tax Provision": 35600000.0,
        "Pretax Income": 181000000.0,
        "Other Income Expense": -3000000.0,
        "Other Non Operating Income Expenses": -2100000.0,
        "Special Income Charges": -900000.0,
        "Other Special Charges": 900000.0,
        "Write Off": NaN,
        "Restructuring And Mergern Acquisition": NaN,
        "Net Non Operating Interest Income Expense": -3400000.0,
        "Total Other Finance Cost": NaN,
        "Interest Expense Non Operating": 3400000.0,
        "Interest Income Non Operating": 0.0,
        "Operating Income": 187400000.0,
        "Operating Expense": 477300000.0,
        "Other Operating Expenses": NaN,
        "Selling General And Administration": 477300000.0,
        "Gross Profit": 664700000.0,
        "Cost Of Revenue": 1090200000.0,
        "Total Revenue": 1754900000.0,
        "Operating Revenue": 1754900000.0
    },
    "2022-04-30": {
        "Diluted EPS": -1.89,
        "Total Revenue": NaN,
        "Gross Profit": 724,
        "Operating Income": 0,
        "EBIT": 40,
        "Net Income": -92
    },
    "2022-01-31": {
        "Diluted EPS": 4.94,
        "Total Revenue": NaN,
        "Gross Profit": NaN,
        "Operating Income": 402,
        "EBIT": 443,
        "Net Income": 306
    },
    "2021-10-31": {
        "Diluted EPS": 1.45,
        "Total Revenue": NaN,
        "Gross Profit": 576,
        "Operating Income": 107,
        "EBIT": 146,
        "Net Income": 84
    },
    "2021-07-31": {
        "Diluted EPS": 3.6,
        "Total Revenue": NaN,
        "Gross Profit": 718,
        "Operating Income": 225,
        "EBIT": 266,
        "Net Income": 216
    },
    "2021-04-30": {
        "Diluted EPS": 2.23,
        "Total Revenue": NaN,
        "Gross Profit": 678,
        "Operating Income": 169,
        "EBIT": 209,
        "Net Income": 130
    },
    "2021-01-31": {
        "Diluted EPS": 4.73,
        "Total Revenue": NaN,
        "Gross Profit": 870,
        "Operating Income": 292,
        "EBIT": 336,
        "Net Income": 246
    },
    "2020-10-31": {
        "Diluted EPS": 0.02,
        "Total Revenue": NaN,
        "Gross Profit": 435,
        "Operating Income": 40,
        "EBIT": 84,
        "Net Income": 1
    },
    "2020-07-31": {
        "Diluted EPS": -1.73,
        "Total Revenue": 888,
        "Gross Profit": 224,
        "Operating Income": -90,
        "EBIT": -44,
        "Net Income": -90
    },
    "2020-04-30": {
        "Diluted EPS": -3.96,
        "Total Revenue": 852,
        "Gross Profit": 204,
        "Operating Income": -300,
        "EBIT": -264,
        "Net Income": -205
    },
    "2020-01-31": {
        "Diluted EPS": 3.45,
        "Total Revenue": NaN,
        "Gross Profit": 898,
        "Operating Income": 223,
        "EBIT": 270,
        "Net Income": 179
    },
    "2019-10-31": {
        "Diluted EPS": -0.84,
        "Total Revenue": NaN,
        "Gross Profit": 368,
        "Operating Income": -40,
        "EBIT": 2,
        "Net Income": -44
    },
    "2019-07-31": {
        "Diluted EPS": -0.86,
        "Total Revenue": NaN,
        "Gross Profit": 459,
        "Operating Income": -22,
        "EBIT": 21,
        "Net Income": -44
    },
    "2019-04-30": {
        "Diluted EPS": -0.35,
        "Total Revenue": NaN,
        "Gross Profit": 499,
        "Operating Income": -3,
        "EBIT": 37,
        "Net Income": -18
    },
    "2019-01-31": {
        "Diluted EPS": -2.84,
        "Total Revenue": NaN,
        "Gross Profit": 878,
        "Operating Income": -84,
        "EBIT": -489,
        "Net Income": -116
    },
    "2018-10-31": {
        "Diluted EPS": -0.74,
        "Total Revenue": NaN,
        "Gross Profit": 371,
        "Operating Income": -49,
        "EBIT": -6,
        "Net Income": -38
    },
    "2018-07-31": {
        "Diluted EPS": -0.56,
        "Total Revenue": NaN,
        "Gross Profit": 427,
        "Operating Income": -58,
        "EBIT": -16,
        "Net Income": -31
    },
    "2018-04-30": {
        "Diluted EPS": -8.48,
        "Total Revenue": NaN,
        "Gross Profit": 485,
        "Operating Income": -574,
        "EBIT": -78,
        "Net Income": -505
    },
    "2018-01-31": {
        "Diluted EPS": 5.28,
        "Total Revenue": NaN,
        "Gross Profit": 920,
        "Operating Income": 324,
        "EBIT": 374,
        "Net Income": 343
    },
    "2017-10-31": {
        "Diluted EPS": -0.2,
        "Total Revenue": NaN,
        "Gross Profit": 321,
        "Operating Income": 6,
        "EBIT": 54,
        "Net Income": -12
    },
    "2017-07-31": {
        "Diluted EPS": 1.33,
        "Total Revenue": NaN,
        "Gross Profit": 458,
        "Operating Income": 136,
        "EBIT": 181,
        "Net Income": 85
    },
    "2017-04-30": {
        "Diluted EPS": 1.03,
        "Total Revenue": NaN,
        "Gross Profit": 491,
        "Operating Income": 115,
        "EBIT": 161,
        "Net Income": 70
    },
    "2017-01-31": {
        "Diluted EPS": 3.95,
        "Total Revenue": NaN,
        "Gross Profit": 946,
        "Operating Income": 399,
        "EBIT": 445,
        "Net Income": 288
    },
    "2016-10-31": {
        "Diluted EPS": 0.2,
        "Total Revenue": NaN,
        "Gross Profit": 350,
        "Operating Income": 32,
        "EBIT": 75,
        "Net Income": 15
    },
    "2016-07-31": {
        "Diluted EPS": 1.06,
        "Total Revenue": NaN,
        "Gross Profit": 465,
        "Operating Income": 120,
        "EBIT": 162,
        "Net Income": 82
    },
    "2016-04-30": {
        "Diluted EPS": 1.87,
        "Total Revenue": NaN,
        "Gross Profit": 600,
        "Operating Income": 212,
        "EBIT": 254,
        "Net Income": 147
    },
    "2016-01-31": {
        "Diluted EPS": 3.42,
        "Total Revenue": NaN,
        "Gross Profit": NaN,
        "Operating Income": 393,
        "EBIT": 436,
        "Net Income": 272
    },
    "2015-10-31": {
        "Diluted EPS": 0.19,
        "Total Revenue": NaN,
        "Gross Profit": 368,
        "Operating Income": 34,
        "EBIT": 73,
        "Net Income": 15
    },
    "2015-07-31": {
        "Diluted EPS": 0.78,
        "Total Revenue": NaN,
        "Gross Profit": 491,
        "Operating Income": 101,
        "EBIT": 135,
        "Net Income": 62
    },
    "2015-04-30": {
        "Diluted EPS": 1.48,
        "Total Revenue": NaN,
        "Gross Profit": 566,
        "Operating Income": 176,
        "EBIT": 210,
        "Net Income": 119
    },
    "2015-01-31": {
        "Diluted EPS": 2.85,
        "Total Revenue": NaN,
        "Gross Profit": 912,
        "Operating Income": 332,
        "EBIT": 369,
        "Net Income": 228
    },
    "2014-10-31": {
        "Diluted EPS": -0.02,
        "Total Revenue": NaN,
        "Gross Profit": 346,
        "Operating Income": 11,
        "EBIT": 43,
        "Net Income": -1
    },
    "2014-07-31": {
        "Diluted EPS": 0.72,
        "Total Revenue": NaN,
        "Gross Profit": 409,
        "Operating Income": 84,
        "EBIT": 119,
        "Net Income": 58
    },
    "2014-04-30": {
        "Diluted EPS": 1.2,
        "Total Revenue": NaN,
        "Gross Profit": 407,
        "Operating Income": 151,
        "EBIT": 180,
        "Net Income": 97
    },
    "2014-01-31": {
        "Diluted EPS": 2.17,
        "Total Revenue": NaN,
        "Gross Profit": 649,
        "Operating Income": 271,
        "EBIT": 302,
        "Net Income": 175
    },
    "2013-10-31": {
        "Diluted EPS": 0.42,
        "Total Revenue": 771,
        "Gross Profit": 239,
        "Operating Income": 52,
        "EBIT": 80,
        "Net Income": 34
    },
    "2013-07-31": {
        "Diluted EPS": 0.84,
        "Total Revenue": 880,
        "Gross Profit": 310,
        "Operating Income": 106,
        "EBIT": 131,
        "Net Income": 67
    },
    "2013-04-30": {
        "Diluted EPS": 1.13,
        "Total Revenue": 994,
        "Gross Profit": 383,
        "Operating Income": 143,
        "EBIT": 168,
        "Net Income": 92
    },
    "2013-01-31": {
        "Diluted EPS": 2.11,
        "Total Revenue": NaN,
        "Gross Profit": 637,
        "Operating Income": 268,
        "EBIT": 297,
        "Net Income": 172
    },
    "2012-10-31": {
        "Diluted EPS": 0.43,
        "Total Revenue": 716,
        "Gross Profit": 235,
        "Operating Income": 53,
        "EBIT": 76,
        "Net Income": 35
    },
    "2012-07-31": {
        "Diluted EPS": 0.85,
        "Total Revenue": 854,
        "Gross Profit": 311,
        "Operating Income": 111,
        "EBIT": 135,
        "Net Income": 71
    },
    "2012-04-30": {
        "Diluted EPS": 0.96,
        "Total Revenue": 900,
        "Gross Profit": 354,
        "Operating Income": 129,
        "EBIT": 153,
        "Net Income": 83
    },
    "2012-01-31": {
        "Diluted EPS": 1.8,
        "Total Revenue": NaN,
        "Gross Profit": 563,
        "Operating Income": 244,
        "EBIT": 269,
        "Net Income": 157
    },
    "2011-10-31": {
        "Diluted EPS": 0.3,
        "Total Revenue": 711,
        "Gross Profit": 230,
        "Operating Income": 43,
        "EBIT": 65,
        "Net Income": 26
    },
    "2011-07-31": {
        "Diluted EPS": 0.76,
        "Total Revenue": 798,
        "Gross Profit": 295,
        "Operating Income": 102,
        "EBIT": 125,
        "Net Income": 66
    },
    "2011-04-30": {
        "Diluted EPS": 0.87,
        "Total Revenue": 887,
        "Gross Profit": 350,
        "Operating Income": 119,
        "EBIT": 141,
        "Net Income": 75
    },
    "2011-01-31": {
        "Diluted EPS": 1.22,
        "Total Revenue": NaN,
        "Gross Profit": 519,
        "Operating Income": 211,
        "EBIT": 237,
        "Net Income": 105
    },
    "2010-10-31": {
        "Diluted EPS": 0.07,
        "Total Revenue": 642,
        "Gross Profit": 194,
        "Operating Income": 19,
        "EBIT": 42,
        "Net Income": 6
    },
    "2010-07-31": {
        "Diluted EPS": 0.45,
        "Total Revenue": 720,
        "Gross Profit": 237,
        "Operating Income": 61,
        "EBIT": 84,
        "Net Income": 39
    },
    "2010-04-30": {
        "Diluted EPS": 0.58,
        "Total Revenue": 805,
        "Gross Profit": 294,
        "Operating Income": 83,
        "EBIT": 107,
        "Net Income": 50
    },
    "2010-01-31": {
        "Diluted EPS": 1.3,
        "Total Revenue": NaN,
        "Gross Profit": 426,
        "Operating Income": 171,
        "EBIT": 200,
        "Net Income": 112
    },
    "2009-10-31": {
        "Diluted EPS": -0.1,
        "Total Revenue": 611,
        "Gross Profit": 163,
        "Operating Income": -6,
        "EBIT": 21,
        "Net Income": -9
    },
    "2009-07-31": {
        "Diluted EPS": 0.32,
        "Total Revenue": 711,
        "Gross Profit": 222,
        "Operating Income": 47,
        "EBIT": 74,
        "Net Income": 28
    },
    "2009-04-30": {
        "Diluted EPS": 0.31,
        "Total Revenue": 763,
        "Gross Profit": 256,
        "Operating Income": 52,
        "EBIT": 78,
        "Net Income": 26
    },
    "2009-01-31": {
        "Diluted EPS": -5.07,
        "Total Revenue": NaN,
        "Gross Profit": 364,
        "Operating Income": -381,
        "EBIT": -351,
        "Net Income": -433
    },
    "2023-07-31": {
        "Tax Effect Of Unusual Items": -1490790.899242,
        "Tax Rate For Calcs": 0.186349,
        "Normalized EBITDA": 151200000.0,
        "Total Unusual Items": -8000000.0,
        "Total Unusual Items Excluding Goodwill": -8000000.0,
        "Net Income From Continuing Operation Net Minority Interest": 75100000.0,
        "Reconciled Depreciation": 43600000.0,
        "Reconciled Cost Of Revenue": 1002800000.0,
        "EBITDA": 143200000.0,
        "EBIT": 99600000.0,
        "Net Interest Income": 1800000.0,
        "Interest Expense": NaN,
        "Interest Income": 1800000.0,
        "Normalized Income": 81609209.100758,
        "Net Income From Continuing And Discontinued Operation": 75100000.0,
        "Total Expenses": 1514000000.0,
        "Total Operating Income As Reported": 90200000.0,
        "Diluted Average Shares": 54300000.0,
        "Basic Average Shares": 45200000.0,
        "Diluted EPS": 1.38,
        "Basic EPS": 1.47,
        "Diluted NI Availto Com Stockholders": 75100000.0,
        "Average Dilution Earnings": 8600000.0,
        "Net Income Common Stockholders": 66500000.0,
        "Preferred Stock Dividends": 8600000.0,
        "Net Income": 75100000.0,
        "Net Income Including Noncontrolling Interests": 75100000.0,
        "Net Income Continuous Operations": 75100000.0,
        "Tax Provision": 17200000.0,
        "Pretax Income": 92300000.0,
        "Other Income Expense": -9100000.0,
        "Other Non Operating Income Expenses": -1100000.0,
        "Special Income Charges": -8000000.0,
        "Other Special Charges": NaN,
        "Write Off": 3800000.0,
        "Restructuring And Mergern Acquisition": 4200000.0,
        "Net Non Operating Interest Income Expense": 1800000.0,
        "Total Other Finance Cost": NaN,
        "Interest Expense Non Operating": NaN,
        "Interest Income Non Operating": 1800000.0,
        "Operating Income": 99600000.0,
        "Operating Expense": 511200000.0,
        "Selling General And Administration": 511200000.0,
        "Gross Profit": 610800000.0,
        "Cost Of Revenue": 1002800000.0,
        "Total Revenue": 1613600000.0,
        "Operating Revenue": 1613600000.0
    },
    "2023-10-31": {
        "Tax Effect Of Unusual Items": -238000.0,
        "Tax Rate For Calcs": 0.14,
        "Normalized EBITDA": 61500000.0,
        "Total Unusual Items": -1700000.0,
        "Total Unusual Items Excluding Goodwill": -1700000.0,
        "Net Income From Continuing Operation Net Minority Interest": 11700000.0,
        "Reconciled Depreciation": 42700000.0,
        "Reconciled Cost Of Revenue": 890600000.0,
        "EBITDA": 59800000.0,
        "EBIT": 17100000.0,
        "Net Interest Income": 2600000.0,
        "Interest Expense": NaN,
        "Interest Income": NaN,
        "Normalized Income": 13162000.0,
        "Net Income From Continuing And Discontinued Operation": 11700000.0,
        "Total Expenses": 1374800000.0,
        "Total Operating Income As Reported": 13300000.0,
        "Diluted Average Shares": 45600000.0,
        "Basic Average Shares": 44700000.0,
        "Diluted EPS": 0.07,
        "Basic EPS": 0.07,
        "Diluted NI Availto Com Stockholders": 3000000.0,
        "Average Dilution Earnings": NaN,
        "Net Income Common Stockholders": 3000000.0,
        "Preferred Stock Dividends": 8700000.0,
        "Net Income": 11700000.0,
        "Net Income Including Noncontrolling Interests": 11700000.0,
        "Net Income Continuous Operations": 11700000.0,
        "Tax Provision": 1900000.0,
        "Pretax Income": 13600000.0,
        "Other Income Expense": -6100000.0,
        "Other Non Operating Income Expenses": -4400000.0,
        "Special Income Charges": -1700000.0,
        "Other Special Charges": NaN,
        "Write Off": 100000.0,
        "Restructuring And Mergern Acquisition": 1600000.0,
        "Net Non Operating Interest Income Expense": 2600000.0,
        "Total Other Finance Cost": -2600000.0,
        "Interest Expense Non Operating": NaN,
        "Interest Income Non Operating": NaN,
        "Operating Income": 17100000.0,
        "Operating Expense": 484200000.0,
        "Selling General And Administration": 484200000.0,
        "Gross Profit": 501300000.0,
        "Cost Of Revenue": 890600000.0,
        "Total Revenue": 1391900000.0,
        "Operating Revenue": 1391900000.0
    },
    "2024-01-31": {
        "Tax Effect Of Unusual Items": 2960000.0,
        "Tax Rate For Calcs": 0.4,
        "Normalized EBITDA": 434500000.0,
        "Total Unusual Items": 7400000.0,
        "Total Unusual Items Excluding Goodwill": 7400000.0,
        "Net Income From Continuing Operation Net Minority Interest": 626200000.0,
        "Reconciled Depreciation": 32500000.0,
        "Reconciled Cost Of Revenue": 1416300000.0,
        "EBITDA": 441900000.0,
        "EBIT": 409400000.0,
        "Net Interest Income": 8700000.0,
        "Interest Expense": NaN,
        "Interest Income": NaN,
        "Normalized Income": 621760000.0,
        "Net Income From Continuing And Discontinued Operation": 626200000.0,
        "Total Expenses": 2088200000.0,
        "Total Operating Income As Reported": 416300000.0,
        "Diluted Average Shares": 53300000.0,
        "Basic Average Shares": 44300000.0,
        "Diluted EPS": 11.75,
        "Basic EPS": 13.94,
        "Diluted NI Availto Com Stockholders": 652100000.0,
        "Average Dilution Earnings": NaN,
        "Net Income Common Stockholders": 617600000.0,
        "Preferred Stock Dividends": 8600000.0,
        "Net Income": 626200000.0,
        "Net Income Including Noncontrolling Interests": 626200000.0,
        "Net Income Continuous Operations": 626200000.0,
        "Tax Provision": -199200000.0,
        "Pretax Income": 427000000.0,
        "Other Income Expense": 8900000.0,
        "Other Non Operating Income Expenses": 1500000.0,
        "Special Income Charges": 7400000.0,
        "Other Special Charges": -200000.0,
        "Write Off": NaN,
        "Restructuring And Mergern Acquisition": -10600000.0,
        "Net Non Operating Interest Income Expense": 8700000.0,
        "Total Other Finance Cost": NaN,
        "Interest Expense Non Operating": NaN,
        "Interest Income Non Operating": NaN,
        "Operating Income": 409400000.0,
        "Operating Expense": 671900000.0,
        "Selling General And Administration": 671900000.0,
        "Gross Profit": 1081300000.0,
        "Cost Of Revenue": 1416300000.0,
        "Total Revenue": 2497600000.0,
        "Operating Revenue": 2497600000.0
    }
}