{
    "2023-06-30": {
        "Tax Effect Of Unusual Items": 536160.51041,
        "Tax Rate For Calcs": 0.072868,
        "Normalized EBITDA": -159000.0,
        "Total Unusual Items": 7358000.0,
        "Total Unusual Items Excluding Goodwill": 7358000.0,
        "Net Income From Continuing Operation Net Minority Interest": 11044000.0,
        "Reconciled Depreciation": 5381000.0,
        "Reconciled Cost Of Revenue": 83938000.0,
        "EBITDA": 7199000.0,
        "EBIT": 1818000.0,
        "Net Interest Income": 2736000.0,
        "Interest Income": 2736000.0,
        "Normalized Income": 4222160.51041,
        "Net Income From Continuing And Discontinued Operation": 11044000.0,
        "Total Expenses": 138543000.0,
        "Total Operating Income As Reported": 1818000.0,
        "Diluted Average Shares": 33438000.0,
        "Basic Average Shares": 33409000.0,
        "Diluted EPS": 0.33,
        "Basic EPS": 0.33,
        "Diluted NI Availto Com Stockholders": 11044000.0,
        "Net Income Common Stockholders": 11044000.0,
        "Net Income": 11044000.0,
        "Net Income Including Noncontrolling Interests": 11044000.0,
        "Net Income Continuous Operations": 11044000.0,
        "Tax Provision": 868000.0,
        "Pretax Income": 11912000.0,
        "Other Income Expense": 7358000.0,
        "Special Income Charges": 0.0,
        "Other Special Charges": NaN,
        "Gain On Sale Of Security": 7358000.0,
        "Net Non Operating Interest Income Expense": 2736000.0,
        "Total Other Finance Cost": NaN,
        "Interest Income Non Operating": 2736000.0,
        "Operating Income": 1818000.0,
        "Operating Expense": 54605000.0,
        "Research And Development": 41336000.0,
        "Selling General And Administration": 13269000.0,
        "Selling And Marketing Expense": 7248000.0,
        "General And Administrative Expense": 6021000.0,
        "Other Gand A": 6021000.0,
        "Gross Profit": 56423000.0,
        "Cost Of Revenue": 83938000.0,
        "Total Revenue": 140361000.0,
        "Operating Revenue": 140361000.0
    },
    "2023-03-31": {
        "Tax Effect Of Unusual Items": NaN,
        "Tax Rate For Calcs": NaN,
        "Normalized EBITDA": NaN,
        "Total Unusual Items": NaN,
        "Total Unusual Items Excluding Goodwill": NaN,
        "Net Income From Continuing Operation Net Minority Interest": NaN,
        "Reconciled Depreciation": NaN,
        "Reconciled Cost Of Revenue": NaN,
        "EBITDA": NaN,
        "EBIT": NaN,
        "Net Interest Income": NaN,
        "Interest Income": 1810000.0,
        "Normalized Income": NaN,
        "Net Income From Continuing And Discontinued Operation": NaN,
        "Total Expenses": NaN,
        "Total Operating Income As Reported": NaN,
        "Diluted Average Shares": 33381000.0,
        "Basic Average Shares": 33176000.0,
        "Diluted EPS": 0.3,
        "Basic EPS": 0.31,
        "Diluted NI Availto Com Stockholders": NaN,
        "Net Income Common Stockholders": NaN,
        "Net Income": NaN,
        "Net Income Including Noncontrolling Interests": NaN,
        "Net Income Continuous Operations": NaN,
        "Tax Provision": NaN,
        "Pretax Income": NaN,
        "Other Income Expense": NaN,
        "Special Income Charges": NaN,
        "Other Special Charges": NaN,
        "Gain On Sale Of Security": NaN,
        "Net Non Operating Interest Income Expense": NaN,
        "Total Other Finance Cost": -1810000.0,
        "Interest Income Non Operating": 1810000.0,
        "Operating Income": NaN,
        "Operating Expense": NaN,
        "Research And Development": NaN,
        "Selling General And Administration": NaN,
        "Selling And Marketing Expense": NaN,
        "General And Administrative Expense": NaN,
        "Other Gand A": NaN,
        "Gross Profit": NaN,
        "Cost Of Revenue": NaN,
        "Total Revenue": NaN,
        "Operating Revenue": NaN
    },
    "2022-12-31": {
        "Tax Effect Of Unusual Items": NaN,
        "Tax Rate For Calcs": NaN,
        "Normalized EBITDA": NaN,
        "Total Unusual Items": NaN,
        "Total Unusual Items Excluding Goodwill": NaN,
        "Net Income From Continuing Operation Net Minority Interest": NaN,
        "Reconciled Depreciation": NaN,
        "Reconciled Cost Of Revenue": NaN,
        "EBITDA": NaN,
        "EBIT": NaN,
        "Net Interest Income": NaN,
        "Interest Income": NaN,
        "Normalized Income": NaN,
        "Net Income From Continuing And Discontinued Operation": NaN,
        "Total Expenses": NaN,
        "Total Operating Income As Reported": NaN,
        "Diluted Average Shares": NaN,
        "Basic Average Shares": NaN,
        "Diluted EPS": NaN,
        "Basic EPS": NaN,
        "Diluted NI Availto Com Stockholders": NaN,
        "Net Income Common Stockholders": NaN,
        "Net Income": NaN,
        "Net Income Including Noncontrolling Interests": NaN,
        "Net Income Continuous Operations": NaN,
        "Tax Provision": NaN,
        "Pretax Income": NaN,
        "Other Income Expense": NaN,
        "Other Non Operating Income Expenses": 0.0,
        "Special Income Charges": NaN,
        "Other Special Charges": -10000.0,
        "Gain On Sale Of Security": NaN,
        "Net Non Operating Interest Income Expense": NaN,
        "Total Other Finance Cost": NaN,
        "Interest Income Non Operating": NaN,
        "Operating Income": NaN,
        "Operating Expense": NaN,
        "Research And Development": NaN,
        "Selling General And Administration": NaN,
        "Selling And Marketing Expense": NaN,
        "General And Administrative Expense": NaN,
        "Other Gand A": NaN,
        "Gross Profit": NaN,
        "Cost Of Revenue": NaN,
        "Total Revenue": NaN,
        "Operating Revenue": NaN
    },
    "2022-09-30": {
        "Tax Effect Of Unusual Items": NaN,
        "Tax Rate For Calcs": NaN,
        "Normalized EBITDA": NaN,
        "Total Unusual Items": NaN,
        "Total Unusual Items Excluding Goodwill": NaN,
        "Net Income From Continuing Operation Net Minority Interest": NaN,
        "Reconciled Depreciation": NaN,
        "Reconciled Cost Of Revenue": NaN,
        "EBITDA": NaN,
        "EBIT": NaN,
        "Net Interest Income": NaN,
        "Interest Income": NaN,
        "Normalized Income": NaN,
        "Net Income From Continuing And Discontinued Operation": NaN,
        "Total Expenses": NaN,
        "Total Operating Income As Reported": NaN,
        "Diluted Average Shares": NaN,
        "Basic Average Shares": NaN,
        "Diluted EPS": NaN,
        "Basic EPS": NaN,
        "Diluted NI Availto Com Stockholders": NaN,
        "Net Income Common Stockholders": NaN,
        "Net Income": NaN,
        "Net Income Including Noncontrolling Interests": NaN,
        "Net Income Continuous Operations": NaN,
        "Tax Provision": NaN,
        "Pretax Income": NaN,
        "Other Income Expense": NaN,
        "Other Non Operating Income Expenses": NaN,
        "Special Income Charges": NaN,
        "Other Special Charges": -300000.0,
        "Gain On Sale Of Security": NaN,
        "Net Non Operating Interest Income Expense": NaN,
        "Total Other Finance Cost": -750000.0,
        "Interest Income Non Operating": NaN,
        "Operating Income": NaN,
        "Operating Expense": NaN,
        "Research And Development": NaN,
        "Selling General And Administration": NaN,
        "Selling And Marketing Expense": NaN,
        "General And Administrative Expense": NaN,
        "Other Gand A": NaN,
        "Gross Profit": NaN,
        "Cost Of Revenue": NaN,
        "Total Revenue": NaN,
        "Operating Revenue": NaN
    },
    "2022-06-30": {
        "Tax Effect Of Unusual Items": -606727.370195,
        "Tax Rate For Calcs": 0.20994,
        "Normalized EBITDA": 75382000.0,
        "Total Unusual Items": -2890000.0,
        "Total Unusual Items Excluding Goodwill": -2890000.0,
        "Net Income From Continuing Operation Net Minority Interest": 51583000.0,
        "Reconciled Depreciation": 4677000.0,
        "Reconciled Cost Of Revenue": 118742000.0,
        "EBITDA": 72492000.0,
        "EBIT": 67815000.0,
        "Net Interest Income": 365000.0,
        "Interest Income": 365000.0,
        "Normalized Income": 53866272.629805,
        "Net Income From Continuing And Discontinued Operation": 51583000.0,
        "Total Expenses": 184558000.0,
        "Total Operating Income As Reported": 67115000.0,
        "Diluted Average Shares": 33194000.0,
        "Basic Average Shares": 33117000.0,
        "Diluted EPS": 1.55,
        "Basic EPS": 1.56,
        "Diluted NI Availto Com Stockholders": 51583000.0,
        "Net Income Common Stockholders": 51583000.0,
        "Net Income": 51583000.0,
        "Net Income Including Noncontrolling Interests": 51583000.0,
        "Net Income Continuous Operations": 51583000.0,
        "Tax Provision": 13707000.0,
        "Pretax Income": 65290000.0,
        "Other Income Expense": -2890000.0,
        "Other Non Operating Income Expenses": NaN,
        "Special Income Charges": -700000.0,
        "Other Special Charges": 700000.0,
        "Gain On Sale Of Security": -2190000.0,
        "Net Non Operating Interest Income Expense": 365000.0,
        "Total Other Finance Cost": NaN,
        "Interest Income Non Operating": 365000.0,
        "Operating Income": 67815000.0,
        "Operating Expense": 65816000.0,
        "Research And Development": 43256000.0,
        "Selling General And Administration": 22560000.0,
        "Selling And Marketing Expense": 8931000.0,
        "General And Administrative Expense": 13629000.0,
        "Other Gand A": 13629000.0,
        "Gross Profit": 133631000.0,
        "Cost Of Revenue": 118742000.0,
        "Total Revenue": 252373000.0,
        "Operating Revenue": 252373000.0
    },
    "2022-03-31": {
        "Diluted EPS": 1.6,
        "Total Revenue": 242,
        "Gross Profit": 126,
        "Operating Income": 66,
        "EBIT": 71,
        "Net Income": 55
    },
    "2021-12-31": {
        "Diluted EPS": 1.74,
        "Total Revenue": 264,
        "Gross Profit": 131,
        "Operating Income": 72,
        "EBIT": 77,
        "Net Income": 61
    },
    "2021-09-30": {
        "Diluted EPS": 1.58,
        "Total Revenue": 254,
        "Gross Profit": 127,
        "Operating Income": 69,
        "EBIT": 73,
        "Net Income": 55
    },
    "2021-06-30": {
        "Diluted EPS": 1.42,
        "Total Revenue": 221,
        "Gross Profit": 111,
        "Operating Income": 60,
        "EBIT": 64,
        "Net Income": 50
    },
    "2021-03-31": {
        "Diluted EPS": 0.98,
        "Total Revenue": 182,
        "Gross Profit": 91,
        "Operating Income": 44,
        "EBIT": 48,
        "Net Income": 34
    },
    "2020-12-31": {
        "Diluted EPS": 0.04,
        "Total Revenue": 144,
        "Gross Profit": 66,
        "Operating Income": 0,
        "EBIT": 4,
        "Net Income": 1
    },
    "2020-09-30": {
        "Diluted EPS": 0.7,
        "Total Revenue": 126,
        "Gross Profit": 62,
        "Operating Income": 26,
        "EBIT": 29,
        "Net Income": 24
    },
    "2020-06-30": {
        "Diluted EPS": 0.8,
        "Total Revenue": 137,
        "Gross Profit": 68,
        "Operating Income": 30,
        "EBIT": 34,
        "Net Income": 28
    },
    "2020-03-31": {
        "Diluted EPS": 0.74,
        "Total Revenue": 133,
        "Gross Profit": 64,
        "Operating Income": 24,
        "EBIT": 27,
        "Net Income": 26
    },
    "2019-12-31": {
        "Diluted EPS": 0.72,
        "Total Revenue": 153,
        "Gross Profit": 74,
        "Operating Income": 27,
        "EBIT": 31,
        "Net Income": 25
    },
    "2019-09-30": {
        "Diluted EPS": 0.12,
        "Total Revenue": 111,
        "Gross Profit": 55,
        "Operating Income": 5,
        "EBIT": 8,
        "Net Income": 4
    },
    "2019-06-30": {
        "Diluted EPS": 0.75,
        "Total Revenue": 99,
        "Gross Profit": 46,
        "Operating Income": 12,
        "EBIT": 15,
        "Net Income": 26
    },
    "2019-03-31": {
        "Diluted EPS": 0.23,
        "Total Revenue": 95,
        "Gross Profit": 48,
        "Operating Income": 8,
        "EBIT": 12,
        "Net Income": 8
    },
    "2018-12-31": {
        "Diluted EPS": 0.41,
        "Total Revenue": 123,
        "Gross Profit": 62,
        "Operating Income": 14,
        "EBIT": 14,
        "Net Income": 15
    },
    "2018-09-30": {
        "Diluted EPS": 0.81,
        "Total Revenue": 139,
        "Gross Profit": 71,
        "Operating Income": 32,
        "EBIT": 32,
        "Net Income": 29
    },
    "2018-06-30": {
        "Diluted EPS": 0.85,
        "Total Revenue": 138,
        "Gross Profit": 66,
        "Operating Income": 34,
        "EBIT": 34,
        "Net Income": 31
    },
    "2018-03-31": {
        "Diluted EPS": 0.64,
        "Total Revenue": 130,
        "Gross Profit": 63,
        "Operating Income": 25,
        "EBIT": 25,
        "Net Income": 23
    },
    "2017-12-31": {
        "Diluted EPS": 0.28,
        "Total Revenue": 136,
        "Gross Profit": 63,
        "Operating Income": 14,
        "EBIT": 14,
        "Net Income": 10
    },
    "2017-09-30": {
        "Diluted EPS": 0.49,
        "Total Revenue": 127,
        "Gross Profit": 58,
        "Operating Income": 22,
        "EBIT": 22,
        "Net Income": 18
    },
    "2017-06-30": {
        "Diluted EPS": 0.67,
        "Total Revenue": 133,
        "Gross Profit": 65,
        "Operating Income": 30,
        "EBIT": 30,
        "Net Income": 24
    },
    "2017-03-31": {
        "Diluted EPS": 0.65,
        "Total Revenue": 127,
        "Gross Profit": 65,
        "Operating Income": 30,
        "EBIT": 30,
        "Net Income": 24
    },
    "2016-12-31": {
        "Diluted EPS": 0.73,
        "Total Revenue": 144,
        "Gross Profit": 72,
        "Operating Income": 35,
        "EBIT": 35,
        "Net Income": 26
    },
    "2016-09-30": {
        "Diluted EPS": 0.92,
        "Total Revenue": 159,
        "Gross Profit": 77,
        "Operating Income": 39,
        "EBIT": 39,
        "Net Income": 33
    },
    "2016-06-30": {
        "Diluted EPS": 0.82,
        "Total Revenue": 141,
        "Gross Profit": 68,
        "Operating Income": 36,
        "EBIT": 36,
        "Net Income": 29
    },
    "2016-03-31": {
        "Diluted EPS": 0.65,
        "Total Revenue": 113,
        "Gross Profit": 57,
        "Operating Income": 28,
        "EBIT": 28,
        "Net Income": 23
    },
    "2015-12-31": {
        "Diluted EPS": 0.38,
        "Total Revenue": 98,
        "Gross Profit": 49,
        "Operating Income": 18,
        "EBIT": 18,
        "Net Income": 13
    },
    "2015-09-30": {
        "Diluted EPS": 0.38,
        "Total Revenue": 95,
        "Gross Profit": 49,
        "Operating Income": 19,
        "Net Income": 13
    },
    "2015-06-30": {
        "Diluted EPS": 0.53,
        "Total Revenue": 87,
        "Gross Profit": 44,
        "Operating Income": 21,
        "EBIT": 21,
        "Net Income": 18
    },
    "2015-03-31": {
        "Diluted EPS": 0.44,
        "Total Revenue": 81,
        "Gross Profit": 42,
        "Operating Income": 18,
        "EBIT": 18,
        "Net Income": 15
    },
    "2014-12-31": {
        "Diluted EPS": 0.35,
        "Total Revenue": 81,
        "Gross Profit": 42,
        "Operating Income": 17,
        "EBIT": 17,
        "Net Income": 12
    },
    "2014-09-30": {
        "Diluted EPS": 0.41,
        "Total Revenue": 69,
        "Gross Profit": 29,
        "Operating Income": 2,
        "EBIT": 2,
        "Net Income": 14
    },
    "2014-06-30": {
        "Diluted EPS": 0.41,
        "Total Revenue": 69,
        "Gross Profit": 36,
        "Operating Income": 16,
        "EBIT": 16,
        "Net Income": 14
    },
    "2014-03-31": {
        "Diluted EPS": 0.11,
        "Total Revenue": 53,
        "Gross Profit": 26,
        "Operating Income": 8,
        "EBIT": 8,
        "Net Income": 4
    },
    "2013-12-31": {
        "Diluted EPS": 0.16,
        "Total Revenue": 52,
        "Gross Profit": 25,
        "Operating Income": 7,
        "EBIT": 7,
        "Net Income": 5
    },
    "2013-09-30": {
        "Diluted EPS": 0.29,
        "Total Revenue": 57,
        "Gross Profit": 28,
        "Operating Income": 11,
        "EBIT": 11,
        "Net Income": 10
    },
    "2013-06-30": {
        "Diluted EPS": 0.22,
        "Total Revenue": 58,
        "Gross Profit": 28,
        "Operating Income": 10,
        "EBIT": 10,
        "Net Income": 8
    },
    "2013-03-31": {
        "Diluted EPS": 0.14,
        "Total Revenue": 57,
        "Gross Profit": 25,
        "Operating Income": 7,
        "EBIT": 7,
        "Net Income": 5
    },
    "2012-12-31": {
        "Diluted EPS": 0.23,
        "Total Revenue": 71,
        "Gross Profit": 30,
        "Operating Income": 9,
        "EBIT": 9,
        "Net Income": 8
    },
    "2012-09-30": {
        "Diluted EPS": 0.46,
        "Total Revenue": 77,
        "Gross Profit": 36,
        "Operating Income": 17,
        "EBIT": 17,
        "Net Income": 16
    },
    "2012-06-30": {
        "Diluted EPS": 0.32,
        "Total Revenue": 70,
        "Gross Profit": 34,
        "Operating Income": 14,
        "EBIT": 14,
        "Net Income": 11
    },
    "2012-03-31": {
        "Diluted EPS": 0.39,
        "Total Revenue": 64,
        "Gross Profit": 32,
        "Operating Income": 13,
        "EBIT": 13,
        "Net Income": 13
    },
    "2011-12-31": {
        "Diluted EPS": 0.37,
        "Total Revenue": 67,
        "Gross Profit": 33,
        "Operating Income": 14,
        "EBIT": 14,
        "Net Income": 12
    },
    "2011-09-30": {
        "Diluted EPS": 0.56,
        "Total Revenue": 63,
        "Gross Profit": 31,
        "Operating Income": 14,
        "EBIT": 14,
        "Net Income": 18
    },
    "2011-06-30": {
        "Diluted EPS": 0.14,
        "Total Revenue": 51,
        "Gross Profit": 24,
        "Operating Income": 8,
        "EBIT": 8,
        "Net Income": 5
    },
    "2011-03-31": {
        "Diluted EPS": 0.21,
        "Total Revenue": 43,
        "Gross Profit": 20,
        "Operating Income": 5,
        "EBIT": 5,
        "Net Income": 6
    },
    "2010-12-31": {
        "Diluted EPS": -0.19,
        "Total Revenue": 40,
        "Gross Profit": 18,
        "Operating Income": 5,
        "EBIT": 5,
        "Net Income": -5
    },
    "2010-09-30": {
        "Diluted EPS": 0.01,
        "Total Revenue": 34,
        "Gross Profit": 17,
        "Operating Income": 1,
        "EBIT": 1,
        "Net Income": 0
    },
    "2010-06-30": {
        "Diluted EPS": 0.07,
        "Total Revenue": 32,
        "Gross Profit": 15,
        "Operating Income": 0,
        "EBIT": 0,
        "Net Income": 2
    },
    "2010-03-31": {
        "Diluted EPS": -0.08,
        "Total Revenue": 26,
        "Gross Profit": 12,
        "Operating Income": -1,
        "EBIT": -1,
        "Net Income": -2
    },
    "2009-12-31": {
        "Diluted EPS": -0.62,
        "Total Revenue": 23,
        "Gross Profit": 9,
        "Operating Income": -13,
        "EBIT": -13,
        "Net Income": -17
    },
    "2009-09-30": {
        "Diluted EPS": -0.16,
        "Total Revenue": 23,
        "Gross Profit": 11,
        "Operating Income": -4,
        "EBIT": -4,
        "Net Income": -5
    },
    "2009-06-30": {
        "Diluted EPS": -0.22,
        "Total Revenue": 20,
        "Gross Profit": 10,
        "Operating Income": -5,
        "EBIT": -5,
        "Net Income": -6
    },
    "2009-03-31": {
        "Diluted EPS": -0.05,
        "Total Revenue": 22,
        "Gross Profit": 9,
        "Operating Income": -4,
        "EBIT": -4,
        "Net Income": -1
    },
    "2023-09-30": {
        "Tax Effect Of Unusual Items": -990800.419003,
        "Tax Rate For Calcs": 0.347649,
        "Normalized EBITDA": 26492000.0,
        "Total Unusual Items": -2850000.0,
        "Total Unusual Items Excluding Goodwill": -2850000.0,
        "Net Income From Continuing Operation Net Minority Interest": 10587000.0,
        "Reconciled Depreciation": 8043000.0,
        "Reconciled Cost Of Revenue": 99193000.0,
        "EBITDA": 23642000.0,
        "EBIT": 15599000.0,
        "Net Interest Income": 3480000.0,
        "Interest Income": 3480000.0,
        "Normalized Income": 12446199.580997,
        "Net Income From Continuing And Discontinued Operation": 10587000.0,
        "Total Expenses": 156734000.0,
        "Total Operating Income As Reported": 15008000.0,
        "Diluted Average Shares": 33471000.0,
        "Basic Average Shares": 33413000.0,
        "Diluted EPS": 0.32,
        "Basic EPS": 0.32,
        "Diluted NI Availto Com Stockholders": 10587000.0,
        "Net Income Common Stockholders": 10587000.0,
        "Net Income": 10587000.0,
        "Net Income Including Noncontrolling Interests": 10587000.0,
        "Net Income Continuous Operations": 10587000.0,
        "Tax Provision": 5642000.0,
        "Pretax Income": 16229000.0,
        "Other Income Expense": -2850000.0,
        "Special Income Charges": -591000.0,
        "Other Special Charges": 591000.0,
        "Gain On Sale Of Security": -2259000.0,
        "Net Non Operating Interest Income Expense": 3480000.0,
        "Total Other Finance Cost": NaN,
        "Interest Income Non Operating": 3480000.0,
        "Operating Income": 15599000.0,
        "Operating Expense": 57541000.0,
        "Research And Development": 41740000.0,
        "Selling General And Administration": 15801000.0,
        "Selling And Marketing Expense": 6862000.0,
        "General And Administrative Expense": 8939000.0,
        "Other Gand A": 8939000.0,
        "Gross Profit": 73140000.0,
        "Cost Of Revenue": 99193000.0,
        "Total Revenue": 172333000.0,
        "Operating Revenue": 172333000.0
    },
    "2023-12-31": {
        "Tax Effect Of Unusual Items": -472000.0,
        "Tax Rate For Calcs": 0.25,
        "Normalized EBITDA": 42812000.0,
        "Total Unusual Items": -1888000.0,
        "Total Unusual Items Excluding Goodwill": -1888000.0,
        "Net Income From Continuing Operation Net Minority Interest": 21092000.0,
        "Reconciled Depreciation": 2778000.0,
        "Reconciled Cost Of Revenue": 113855000.0,
        "EBITDA": 40924000.0,
        "EBIT": 38146000.0,
        "Net Interest Income": 4220000.0,
        "Interest Income": 4220000.0,
        "Normalized Income": 22508000.0,
        "Net Income From Continuing And Discontinued Operation": 21092000.0,
        "Total Expenses": 184091000.0,
        "Total Operating Income As Reported": 17567000.0,
        "Diluted Average Shares": 33587000.0,
        "Basic Average Shares": 33416000.0,
        "Diluted EPS": 0.63,
        "Basic EPS": 0.63,
        "Diluted NI Availto Com Stockholders": 21092000.0,
        "Net Income Common Stockholders": 21092000.0,
        "Net Income": 21092000.0,
        "Net Income Including Noncontrolling Interests": 21092000.0,
        "Net Income Continuous Operations": 21092000.0,
        "Tax Provision": -464000.0,
        "Pretax Income": 20628000.0,
        "Other Income Expense": -1880000.0,
        "Special Income Charges": -721000.0,
        "Other Special Charges": 721000.0,
        "Gain On Sale Of Security": -1167000.0,
        "Net Non Operating Interest Income Expense": 4220000.0,
        "Total Other Finance Cost": NaN,
        "Interest Income Non Operating": 4220000.0,
        "Operating Income": 18288000.0,
        "Operating Expense": 70236000.0,
        "Research And Development": 56431000.0,
        "Selling General And Administration": 13805000.0,
        "Selling And Marketing Expense": 6205000.0,
        "General And Administrative Expense": 7600000.0,
        "Other Gand A": -7194000.0,
        "Gross Profit": 88524000.0,
        "Cost Of Revenue": 113855000.0,
        "Total Revenue": 202379000.0,
        "Operating Revenue": 202379000.0
    },
    "2024-03-31": {
        "Tax Effect Of Unusual Items": -203020.604121,
        "Tax Rate For Calcs": 0.19904,
        "Normalized EBITDA": 24578000.0,
        "Total Unusual Items": -1020000.0,
        "Total Unusual Items Excluding Goodwill": -1020000.0,
        "Net Income From Continuing Operation Net Minority Interest": 16016000.0,
        "Reconciled Depreciation": 5608000.0,
        "Reconciled Cost Of Revenue": 104191000.0,
        "EBITDA": 23558000.0,
        "EBIT": 17950000.0,
        "Net Interest Income": 3066000.0,
        "Interest Income": NaN,
        "Normalized Income": 16832979.395879,
        "Net Income From Continuing And Discontinued Operation": 16016000.0,
        "Total Expenses": 171361000.0,
        "Total Operating Income As Reported": 17950000.0,
        "Diluted Average Shares": 33701000.0,
        "Basic Average Shares": 33508000.0,
        "Diluted EPS": 0.48,
        "Basic EPS": 0.48,
        "Diluted NI Availto Com Stockholders": 16016000.0,
        "Net Income Common Stockholders": 16016000.0,
        "Net Income": 16016000.0,
        "Net Income Including Noncontrolling Interests": 16016000.0,
        "Net Income Continuous Operations": 16016000.0,
        "Tax Provision": 3980000.0,
        "Pretax Income": 19996000.0,
        "Other Income Expense": -1020000.0,
        "Special Income Charges": 0.0,
        "Other Special Charges": NaN,
        "Gain On Sale Of Security": -1020000.0,
        "Net Non Operating Interest Income Expense": 3066000.0,
        "Total Other Finance Cost": -3066000.0,
        "Interest Income Non Operating": NaN,
        "Operating Income": 17950000.0,
        "Operating Expense": 67170000.0,
        "Research And Development": 54392000.0,
        "Selling General And Administration": 12778000.0,
        "Selling And Marketing Expense": 6304000.0,
        "General And Administrative Expense": 6474000.0,
        "Other Gand A": 6474000.0,
        "Gross Profit": 85120000.0,
        "Cost Of Revenue": 104191000.0,
        "Total Revenue": 189311000.0,
        "Operating Revenue": 189311000.0
    },
    "2024-06-30": {
        "Tax Effect Of Unusual Items": 142370.752526,
        "Tax Rate For Calcs": 0.167495,
        "Normalized EBITDA": 36949000.0,
        "Total Unusual Items": 850000.0,
        "Total Unusual Items Excluding Goodwill": 850000.0,
        "Net Income From Continuing Operation Net Minority Interest": 30821000.0,
        "Reconciled Depreciation": 5802000.0,
        "Reconciled Cost Of Revenue": 113893000.0,
        "EBITDA": 37799000.0,
        "EBIT": 31997000.0,
        "Net Interest Income": 4175000.0,
        "Interest Income": 4175000.0,
        "Normalized Income": 30113370.752526,
        "Net Income From Continuing And Discontinued Operation": 30821000.0,
        "Total Expenses": 178673000.0,
        "Total Operating Income As Reported": 30747000.0,
        "Diluted Average Shares": NaN,
        "Basic Average Shares": NaN,
        "Diluted EPS": NaN,
        "Basic EPS": NaN,
        "Diluted NI Availto Com Stockholders": 30821000.0,
        "Net Income Common Stockholders": 30821000.0,
        "Net Income": 30821000.0,
        "Net Income Including Noncontrolling Interests": 30821000.0,
        "Net Income Continuous Operations": 30821000.0,
        "Tax Provision": 6201000.0,
        "Pretax Income": 37022000.0,
        "Other Income Expense": 850000.0,
        "Special Income Charges": -1250000.0,
        "Other Special Charges": 1250000.0,
        "Gain On Sale Of Security": 2100000.0,
        "Net Non Operating Interest Income Expense": 4175000.0,
        "Total Other Finance Cost": NaN,
        "Interest Income Non Operating": 4175000.0,
        "Operating Income": 31997000.0,
        "Operating Expense": 64780000.0,
        "Research And Development": 50788000.0,
        "Selling General And Administration": 13992000.0,
        "Selling And Marketing Expense": 6777000.0,
        "General And Administrative Expense": 7215000.0,
        "Other Gand A": 7215000.0,
        "Gross Profit": 96777000.0,
        "Cost Of Revenue": 113893000.0,
        "Total Revenue": 210670000.0,
        "Operating Revenue": 210670000.0
    }
}