{
    "2023-03-31": {
        "Tax Effect Of Unusual Items": NaN,
        "Tax Rate For Calcs": NaN,
        "Normalized EBITDA": NaN,
        "Total Unusual Items": NaN,
        "Total Unusual Items Excluding Goodwill": NaN,
        "Net Income From Continuing Operation Net Minority Interest": NaN,
        "Reconciled Depreciation": NaN,
        "Reconciled Cost Of Revenue": NaN,
        "EBITDA": NaN,
        "EBIT": NaN,
        "Net Interest Income": NaN,
        "Interest Expense": NaN,
        "Normalized Income": NaN,
        "Net Income From Continuing And Discontinued Operation": NaN,
        "Total Expenses": NaN,
        "Total Operating Income As Reported": NaN,
        "Diluted Average Shares": NaN,
        "Basic Average Shares": NaN,
        "Diluted EPS": NaN,
        "Basic EPS": NaN,
        "Diluted NI Availto Com Stockholders": NaN,
        "Average Dilution Earnings": NaN,
        "Net Income Common Stockholders": NaN,
        "Net Income": NaN,
        "Minority Interests": NaN,
        "Net Income Including Noncontrolling Interests": NaN,
        "Net Income Continuous Operations": NaN,
        "Tax Provision": NaN,
        "Pretax Income": NaN,
        "Other Income Expense": NaN,
        "Other Non Operating Income Expenses": 3000000.0,
        "Special Income Charges": NaN,
        "Other Special Charges": NaN,
        "Impairment Of Capital Assets": 32000000.0,
        "Net Non Operating Interest Income Expense": NaN,
        "Interest Expense Non Operating": NaN,
        "Operating Income": NaN,
        "Operating Expense": NaN,
        "Depreciation Amortization Depletion Income Statement": NaN,
        "Depreciation And Amortization In Income Statement": NaN,
        "Amortization": NaN,
        "Amortization Of Intangibles Income Statement": NaN,
        "Depreciation Income Statement": NaN,
        "Research And Development": NaN,
        "Selling General And Administration": NaN,
        "Selling And Marketing Expense": NaN,
        "General And Administrative Expense": NaN,
        "Other Gand A": NaN,
        "Gross Profit": NaN,
        "Cost Of Revenue": NaN,
        "Total Revenue": NaN,
        "Operating Revenue": NaN
    },
    "2022-12-31": {
        "Tax Effect Of Unusual Items": NaN,
        "Tax Rate For Calcs": NaN,
        "Normalized EBITDA": NaN,
        "Total Unusual Items": NaN,
        "Total Unusual Items Excluding Goodwill": NaN,
        "Net Income From Continuing Operation Net Minority Interest": NaN,
        "Reconciled Depreciation": NaN,
        "Reconciled Cost Of Revenue": NaN,
        "EBITDA": NaN,
        "EBIT": NaN,
        "Net Interest Income": NaN,
        "Interest Expense": NaN,
        "Normalized Income": NaN,
        "Net Income From Continuing And Discontinued Operation": NaN,
        "Total Expenses": NaN,
        "Total Operating Income As Reported": NaN,
        "Diluted Average Shares": NaN,
        "Basic Average Shares": NaN,
        "Diluted EPS": NaN,
        "Basic EPS": NaN,
        "Diluted NI Availto Com Stockholders": NaN,
        "Average Dilution Earnings": NaN,
        "Net Income Common Stockholders": NaN,
        "Net Income": NaN,
        "Net Income Including Noncontrolling Interests": NaN,
        "Net Income Continuous Operations": NaN,
        "Tax Provision": NaN,
        "Pretax Income": NaN,
        "Other Income Expense": NaN,
        "Other Non Operating Income Expenses": -4000000.0,
        "Special Income Charges": NaN,
        "Impairment Of Capital Assets": -6000000.0,
        "Net Non Operating Interest Income Expense": NaN,
        "Interest Expense Non Operating": NaN,
        "Operating Income": NaN,
        "Operating Expense": NaN,
        "Depreciation Amortization Depletion Income Statement": NaN,
        "Depreciation And Amortization In Income Statement": NaN,
        "Amortization": NaN,
        "Amortization Of Intangibles Income Statement": NaN,
        "Depreciation Income Statement": NaN,
        "Research And Development": NaN,
        "Selling General And Administration": NaN,
        "Selling And Marketing Expense": NaN,
        "General And Administrative Expense": NaN,
        "Other Gand A": NaN,
        "Gross Profit": NaN,
        "Cost Of Revenue": NaN,
        "Total Revenue": NaN,
        "Operating Revenue": NaN
    },
    "2022-09-30": {
        "Tax Effect Of Unusual Items": NaN,
        "Tax Rate For Calcs": NaN,
        "Normalized EBITDA": NaN,
        "Total Unusual Items": NaN,
        "Total Unusual Items Excluding Goodwill": NaN,
        "Net Income From Continuing Operation Net Minority Interest": NaN,
        "Reconciled Depreciation": NaN,
        "Reconciled Cost Of Revenue": NaN,
        "EBITDA": NaN,
        "EBIT": NaN,
        "Net Interest Income": NaN,
        "Interest Expense": NaN,
        "Normalized Income": NaN,
        "Net Income From Continuing And Discontinued Operation": NaN,
        "Total Expenses": NaN,
        "Total Operating Income As Reported": NaN,
        "Diluted Average Shares": NaN,
        "Basic Average Shares": NaN,
        "Diluted EPS": NaN,
        "Basic EPS": NaN,
        "Diluted NI Availto Com Stockholders": NaN,
        "Average Dilution Earnings": NaN,
        "Net Income Common Stockholders": NaN,
        "Net Income": NaN,
        "Net Income Including Noncontrolling Interests": NaN,
        "Net Income Continuous Operations": NaN,
        "Tax Provision": NaN,
        "Pretax Income": NaN,
        "Other Income Expense": NaN,
        "Other Non Operating Income Expenses": -3000000.0,
        "Special Income Charges": NaN,
        "Impairment Of Capital Assets": NaN,
        "Net Non Operating Interest Income Expense": NaN,
        "Interest Expense Non Operating": NaN,
        "Operating Income": NaN,
        "Operating Expense": NaN,
        "Depreciation Amortization Depletion Income Statement": NaN,
        "Depreciation And Amortization In Income Statement": NaN,
        "Amortization": 39000000.0,
        "Amortization Of Intangibles Income Statement": 39000000.0,
        "Depreciation Income Statement": 95000000.0,
        "Research And Development": NaN,
        "Selling General And Administration": NaN,
        "Selling And Marketing Expense": NaN,
        "General And Administrative Expense": NaN,
        "Other Gand A": NaN,
        "Gross Profit": NaN,
        "Cost Of Revenue": NaN,
        "Total Revenue": NaN,
        "Operating Revenue": NaN
    },
    "2022-06-30": {
        "Tax Effect Of Unusual Items": -247000.0,
        "Tax Rate For Calcs": 0.247,
        "Normalized EBITDA": 637000000.0,
        "Total Unusual Items": -1000000.0,
        "Total Unusual Items Excluding Goodwill": -1000000.0,
        "Net Income From Continuing Operation Net Minority Interest": 292000000.0,
        "Reconciled Depreciation": 144000000.0,
        "Reconciled Cost Of Revenue": 1128000000.0,
        "EBITDA": 636000000.0,
        "EBIT": 492000000.0,
        "Net Interest Income": -104000000.0,
        "Interest Expense": 104000000.0,
        "Normalized Income": 292753000.0,
        "Net Income From Continuing And Discontinued Operation": 292000000.0,
        "Total Expenses": 1756000000.0,
        "Total Operating Income As Reported": 496000000.0,
        "Diluted Average Shares": 4005000000.0,
        "Basic Average Shares": 3928000000.0,
        "Diluted EPS": 0.07,
        "Basic EPS": 0.07,
        "Diluted NI Availto Com Stockholders": 293000000.0,
        "Average Dilution Earnings": 1000000.0,
        "Net Income Common Stockholders": 292000000.0,
        "Net Income": 292000000.0,
        "Net Income Including Noncontrolling Interests": 292000000.0,
        "Net Income Continuous Operations": 292000000.0,
        "Tax Provision": 96000000.0,
        "Pretax Income": 388000000.0,
        "Other Income Expense": -5000000.0,
        "Other Non Operating Income Expenses": -4000000.0,
        "Special Income Charges": -1000000.0,
        "Impairment Of Capital Assets": 1000000.0,
        "Net Non Operating Interest Income Expense": -104000000.0,
        "Interest Expense Non Operating": 104000000.0,
        "Operating Income": 497000000.0,
        "Operating Expense": 619000000.0,
        "Depreciation Amortization Depletion Income Statement": 135000000.0,
        "Depreciation And Amortization In Income Statement": 135000000.0,
        "Amortization": 39000000.0,
        "Amortization Of Intangibles Income Statement": 39000000.0,
        "Depreciation Income Statement": 96000000.0,
        "Research And Development": 72000000.0,
        "Selling General And Administration": 412000000.0,
        "Selling And Marketing Expense": 285000000.0,
        "General And Administrative Expense": 127000000.0,
        "Other Gand A": 127000000.0,
        "Gross Profit": 1116000000.0,
        "Cost Of Revenue": 1137000000.0,
        "Total Revenue": 2253000000.0,
        "Operating Revenue": 2216000000.0
    },
    "2023-06-30": {
        "Tax Effect Of Unusual Items": NaN,
        "Tax Rate For Calcs": NaN,
        "Normalized EBITDA": NaN,
        "Total Unusual Items": NaN,
        "Total Unusual Items Excluding Goodwill": NaN,
        "Net Income From Continuing Operation Net Minority Interest": NaN,
        "Reconciled Depreciation": NaN,
        "Reconciled Cost Of Revenue": NaN,
        "EBITDA": NaN,
        "EBIT": NaN,
        "Net Interest Income": NaN,
        "Interest Expense": NaN,
        "Normalized Income": NaN,
        "Net Income From Continuing And Discontinued Operation": NaN,
        "Total Expenses": NaN,
        "Total Operating Income As Reported": NaN,
        "Diluted Average Shares": NaN,
        "Basic Average Shares": NaN,
        "Diluted EPS": NaN,
        "Basic EPS": NaN,
        "Diluted NI Availto Com Stockholders": NaN,
        "Average Dilution Earnings": NaN,
        "Net Income Common Stockholders": NaN,
        "Net Income": NaN,
        "Minority Interests": NaN,
        "Net Income Including Noncontrolling Interests": NaN,
        "Net Income Continuous Operations": NaN,
        "Tax Provision": NaN,
        "Pretax Income": NaN,
        "Other Income Expense": NaN,
        "Other Non Operating Income Expenses": NaN,
        "Special Income Charges": NaN,
        "Other Special Charges": NaN,
        "Write Off": 18000000.0,
        "Impairment Of Capital Assets": 18000000.0,
        "Net Non Operating Interest Income Expense": NaN,
        "Interest Expense Non Operating": NaN,
        "Operating Income": NaN,
        "Operating Expense": NaN,
        "Depreciation Amortization Depletion Income Statement": NaN,
        "Depreciation And Amortization In Income Statement": NaN,
        "Amortization": 36000000.0,
        "Amortization Of Intangibles Income Statement": 36000000.0,
        "Depreciation Income Statement": 103000000.0,
        "Research And Development": NaN,
        "Selling General And Administration": NaN,
        "Selling And Marketing Expense": NaN,
        "General And Administrative Expense": NaN,
        "Other Gand A": NaN,
        "Gross Profit": NaN,
        "Cost Of Revenue": NaN,
        "Total Revenue": NaN,
        "Operating Revenue": NaN
    },
    "2022-03-31": {
        "Diluted EPS": 0.08,
        "Total Revenue": NaN,
        "Gross Profit": NaN,
        "Operating Income": 510,
        "EBIT": 657,
        "Net Income": 309
    },
    "2021-12-31": {
        "Diluted EPS": 0.09,
        "Total Revenue": NaN,
        "Gross Profit": NaN,
        "Operating Income": 475,
        "EBIT": 613,
        "Net Income": 319
    },
    "2021-09-30": {
        "Diluted EPS": 0.08,
        "Total Revenue": NaN,
        "Gross Profit": NaN,
        "Operating Income": 628,
        "EBIT": 782,
        "Net Income": 343
    },
    "2021-06-30": {
        "Diluted EPS": 0.1,
        "Total Revenue": NaN,
        "Gross Profit": NaN,
        "Operating Income": 658,
        "EBIT": 802,
        "Net Income": 433
    },
    "2021-03-31": {
        "Diluted EPS": 0.05,
        "Total Revenue": NaN,
        "Gross Profit": NaN,
        "Operating Income": 254,
        "EBIT": 401,
        "Net Income": 219
    },
    "2020-12-31": {
        "Diluted EPS": -0.15,
        "Total Revenue": NaN,
        "Gross Profit": NaN,
        "Operating Income": -503,
        "EBIT": -365,
        "Net Income": -677
    },
    "2020-09-30": {
        "Diluted EPS": 0.06,
        "Total Revenue": NaN,
        "Gross Profit": NaN,
        "Operating Income": 478,
        "EBIT": 616,
        "Net Income": 272
    },
    "2020-06-30": {
        "Diluted EPS": 0.05,
        "Total Revenue": NaN,
        "Gross Profit": NaN,
        "Operating Income": 415,
        "EBIT": 553,
        "Net Income": 243
    },
    "2020-03-31": {
        "Diluted EPS": 0.07,
        "Total Revenue": NaN,
        "Gross Profit": NaN,
        "Operating Income": 468,
        "EBIT": 613,
        "Net Income": 293
    },
    "2019-12-31": {
        "Diluted EPS": 0.06,
        "Total Revenue": NaN,
        "Gross Profit": NaN,
        "Operating Income": 399,
        "EBIT": 562,
        "Net Income": 243
    },
    "2019-09-30": {
        "Diluted EPS": 0.05,
        "Total Revenue": NaN,
        "Gross Profit": NaN,
        "Operating Income": 476,
        "EBIT": 609,
        "Net Income": 246
    },
    "2019-06-30": {
        "Diluted EPS": 0.06,
        "Total Revenue": NaN,
        "Gross Profit": NaN,
        "Operating Income": 439,
        "EBIT": 558,
        "Net Income": 263
    },
    "2019-03-31": {
        "Diluted EPS": 0.03,
        "Total Revenue": NaN,
        "Gross Profit": 996,
        "Operating Income": 333,
        "EBIT": 439,
        "Net Income": 162
    },
    "2018-12-31": {
        "Diluted EPS": 0.07,
        "Total Revenue": NaN,
        "Gross Profit": 924,
        "Operating Income": 459,
        "EBIT": 537,
        "Net Income": 251
    },
    "2018-09-30": {
        "Diluted EPS": 0.07,
        "Total Revenue": NaN,
        "Gross Profit": 902,
        "Operating Income": 483,
        "EBIT": 557,
        "Net Income": 343
    },
    "2018-06-30": {
        "Diluted EPS": 0.06,
        "Total Revenue": NaN,
        "Gross Profit": 795,
        "Operating Income": 362,
        "EBIT": 437,
        "Net Income": 293
    },
    "2018-03-31": {
        "Diluted EPS": 0.06,
        "Total Revenue": NaN,
        "Gross Profit": 841,
        "Operating Income": 423,
        "EBIT": 494,
        "Net Income": 289
    },
    "2017-12-31": {
        "Diluted EPS": 0.0,
        "Total Revenue": NaN,
        "Gross Profit": 832,
        "Operating Income": 397,
        "EBIT": 465,
        "Net Income": -37
    },
    "2017-09-30": {
        "Diluted EPS": 0.06,
        "Total Revenue": NaN,
        "Gross Profit": 861,
        "Operating Income": 434,
        "EBIT": 513,
        "Net Income": 276
    },
    "2017-06-30": {
        "Diluted EPS": 0.04,
        "Total Revenue": NaN,
        "Gross Profit": 834,
        "Operating Income": 416,
        "EBIT": 489,
        "Net Income": 202
    },
    "2017-03-31": {
        "Diluted EPS": 0.04,
        "Total Revenue": NaN,
        "Gross Profit": 797,
        "Operating Income": 394,
        "EBIT": 470,
        "Net Income": 207
    },
    "2016-12-31": {
        "Diluted EPS": 0.04,
        "Total Revenue": NaN,
        "Gross Profit": 752,
        "Operating Income": 330,
        "EBIT": 396,
        "Net Income": 205
    },
    "2016-09-30": {
        "Diluted EPS": 0.04,
        "Total Revenue": NaN,
        "Gross Profit": 789,
        "Operating Income": 392,
        "EBIT": 459,
        "Net Income": 194
    },
    "2016-06-30": {
        "Diluted EPS": 0.04,
        "Total Revenue": NaN,
        "Gross Profit": 749,
        "Operating Income": 362,
        "EBIT": 428,
        "Net Income": 175
    },
    "2016-03-31": {
        "Diluted EPS": 0.03,
        "Total Revenue": NaN,
        "Gross Profit": 734,
        "Operating Income": 348,
        "EBIT": 415,
        "Net Income": 172
    },
    "2015-12-31": {
        "Diluted EPS": 0.02,
        "Total Revenue": NaN,
        "Gross Profit": 726,
        "Operating Income": 294,
        "EBIT": 363,
        "Net Income": 135
    },
    "2015-09-30": {
        "Diluted EPS": 0.03,
        "Total Revenue": NaN,
        "Gross Profit": 729,
        "Operating Income": 352,
        "EBIT": 421,
        "Net Income": 167
    },
    "2015-06-30": {
        "Diluted EPS": 0.02,
        "Total Revenue": NaN,
        "Gross Profit": 598,
        "Operating Income": 219,
        "EBIT": 286,
        "Net Income": 103
    },
    "2015-03-31": {
        "Diluted EPS": 0.02,
        "Total Revenue": NaN,
        "Gross Profit": 675,
        "Operating Income": 314,
        "EBIT": 378,
        "Net Income": 106
    },
    "2014-12-31": {
        "Diluted EPS": 0.02,
        "Total Revenue": NaN,
        "Gross Profit": 670,
        "Operating Income": 294,
        "EBIT": 359,
        "Net Income": 143
    },
    "2014-09-30": {
        "Diluted EPS": 0.02,
        "Total Revenue": NaN,
        "Gross Profit": 654,
        "Operating Income": 294,
        "EBIT": 358,
        "Net Income": 136
    },
    "2014-06-30": {
        "Diluted EPS": 0.02,
        "Total Revenue": NaN,
        "Gross Profit": 642,
        "Operating Income": 285,
        "EBIT": 351,
        "Net Income": 120
    },
    "2014-03-31": {
        "Diluted EPS": 0.02,
        "Total Revenue": 998,
        "Gross Profit": 607,
        "Operating Income": 247,
        "EBIT": 315,
        "Net Income": 94
    },
    "2013-12-31": {
        "Diluted EPS": 0.01,
        "Total Revenue": NaN,
        "Gross Profit": 604,
        "Operating Income": 245,
        "EBIT": 305,
        "Net Income": 66
    },
    "2013-09-30": {
        "Diluted EPS": 0.01,
        "Total Revenue": 962,
        "Gross Profit": 625,
        "Operating Income": 285,
        "EBIT": 342,
        "Net Income": 63
    },
    "2013-06-30": {
        "Diluted EPS": 0.02,
        "Total Revenue": 940,
        "Gross Profit": 609,
        "Operating Income": 268,
        "EBIT": 334,
        "Net Income": 126
    },
    "2013-03-31": {
        "Diluted EPS": 0.02,
        "Total Revenue": 897,
        "Gross Profit": 567,
        "Operating Income": 247,
        "EBIT": 313,
        "Net Income": 119
    },
    "2012-12-31": {
        "Diluted EPS": 0.0,
        "Total Revenue": 892,
        "Gross Profit": 564,
        "Operating Income": 213,
        "EBIT": 279,
        "Net Income": 355
    },
    "2012-09-30": {
        "Diluted EPS": 0.01,
        "Total Revenue": 867,
        "Gross Profit": 553,
        "Operating Income": 232,
        "EBIT": 298,
        "Net Income": 47
    },
    "2012-06-30": {
        "Diluted EPS": 0.48,
        "Total Revenue": 838,
        "Gross Profit": 544,
        "Operating Income": 228,
        "EBIT": 294,
        "Net Income": NaN
    },
    "2012-03-31": {
        "Diluted EPS": 0.02,
        "Total Revenue": 805,
        "Gross Profit": 512,
        "Operating Income": 199,
        "EBIT": 265,
        "Net Income": 64
    },
    "2011-12-31": {
        "Diluted EPS": 0.01,
        "Total Revenue": 784,
        "Gross Profit": 484,
        "Operating Income": 154,
        "EBIT": 221,
        "Net Income": -70
    },
    "2011-09-30": {
        "Diluted EPS": 0.02,
        "Total Revenue": 763,
        "Gross Profit": 485,
        "Operating Income": 184,
        "EBIT": 249,
        "Net Income": 62
    },
    "2011-06-30": {
        "Diluted EPS": 0.03,
        "Total Revenue": 744,
        "Gross Profit": 471,
        "Operating Income": 173,
        "EBIT": 239,
        "Net Income": 183
    },
    "2011-03-31": {
        "Diluted EPS": 0.01,
        "Total Revenue": 724,
        "Gross Profit": 453,
        "Operating Income": 164,
        "EBIT": 232,
        "Net Income": 78
    },
    "2010-12-31": {
        "Diluted EPS": -0.01,
        "Total Revenue": 736,
        "Gross Profit": 444,
        "Operating Income": 72,
        "EBIT": 138,
        "Net Income": -99
    },
    "2010-09-30": {
        "Diluted EPS": 0.01,
        "Total Revenue": 718,
        "Gross Profit": 437,
        "Operating Income": 143,
        "EBIT": 211,
        "Net Income": 68
    },
    "2010-06-30": {
        "Diluted EPS": 0.0,
        "Total Revenue": 700,
        "Gross Profit": 434,
        "Operating Income": 126,
        "EBIT": 195,
        "Net Income": 15
    },
    "2010-03-31": {
        "Diluted EPS": 0.01,
        "Total Revenue": 664,
        "Gross Profit": 403,
        "Operating Income": 125,
        "EBIT": 193,
        "Net Income": 42
    },
    "2009-12-31": {
        "Diluted EPS": 0.0,
        "Total Revenue": 676,
        "Gross Profit": 403,
        "Operating Income": 84,
        "EBIT": 161,
        "Net Income": 12
    },
    "2009-09-30": {
        "Diluted EPS": -0.04,
        "Total Revenue": 619,
        "Gross Profit": 352,
        "Operating Income": 66,
        "EBIT": 138,
        "Net Income": -152
    },
    "2009-06-30": {
        "Diluted EPS": -0.04,
        "Total Revenue": 591,
        "Gross Profit": 336,
        "Operating Income": 37,
        "EBIT": 114,
        "Net Income": -160
    },
    "2009-03-31": {
        "Diluted EPS": -0.07,
        "Total Revenue": 587,
        "Gross Profit": 318,
        "Operating Income": 41,
        "EBIT": 123,
        "Net Income": -239
    },
    "2023-09-30": {
        "Tax Effect Of Unusual Items": NaN,
        "Tax Rate For Calcs": NaN,
        "Normalized EBITDA": NaN,
        "Total Unusual Items": NaN,
        "Total Unusual Items Excluding Goodwill": NaN,
        "Net Income From Continuing Operation Net Minority Interest": NaN,
        "Reconciled Depreciation": NaN,
        "Reconciled Cost Of Revenue": NaN,
        "EBITDA": NaN,
        "EBIT": NaN,
        "Net Interest Income": NaN,
        "Interest Expense": NaN,
        "Normalized Income": NaN,
        "Net Income From Continuing And Discontinued Operation": NaN,
        "Total Expenses": NaN,
        "Total Operating Income As Reported": NaN,
        "Diluted Average Shares": 360000000.0,
        "Basic Average Shares": 337000000.0,
        "Diluted EPS": 0.666667,
        "Basic EPS": 0.694362,
        "Diluted NI Availto Com Stockholders": NaN,
        "Average Dilution Earnings": NaN,
        "Net Income Common Stockholders": NaN,
        "Net Income": NaN,
        "Minority Interests": -57000000.0,
        "Net Income Including Noncontrolling Interests": NaN,
        "Net Income Continuous Operations": NaN,
        "Tax Provision": NaN,
        "Pretax Income": NaN,
        "Other Income Expense": NaN,
        "Other Non Operating Income Expenses": -51000000.0,
        "Special Income Charges": NaN,
        "Other Special Charges": -27000000.0,
        "Write Off": 6000000.0,
        "Impairment Of Capital Assets": 6000000.0,
        "Net Non Operating Interest Income Expense": NaN,
        "Interest Expense Non Operating": NaN,
        "Operating Income": NaN,
        "Operating Expense": NaN,
        "Depreciation Amortization Depletion Income Statement": NaN,
        "Depreciation And Amortization In Income Statement": NaN,
        "Amortization": NaN,
        "Amortization Of Intangibles Income Statement": NaN,
        "Depreciation Income Statement": NaN,
        "Research And Development": NaN,
        "Selling General And Administration": NaN,
        "Selling And Marketing Expense": NaN,
        "General And Administrative Expense": NaN,
        "Other Gand A": NaN,
        "Gross Profit": NaN,
        "Cost Of Revenue": NaN,
        "Total Revenue": NaN,
        "Operating Revenue": NaN
    },
    "2023-12-31": {
        "Tax Effect Of Unusual Items": -2041884.816754,
        "Tax Rate For Calcs": 0.078534,
        "Normalized EBITDA": 671000000.0,
        "Total Unusual Items": -26000000.0,
        "Total Unusual Items Excluding Goodwill": -26000000.0,
        "Net Income From Continuing Operation Net Minority Interest": 352000000.0,
        "Reconciled Depreciation": 159000000.0,
        "Reconciled Cost Of Revenue": 1144000000.0,
        "EBITDA": 645000000.0,
        "EBIT": 486000000.0,
        "Net Interest Income": -104000000.0,
        "Interest Expense": 104000000.0,
        "Normalized Income": 375958115.183246,
        "Net Income From Continuing And Discontinued Operation": 352000000.0,
        "Total Expenses": 1771000000.0,
        "Total Operating Income As Reported": 491000000.0,
        "Diluted Average Shares": 386000000.0,
        "Basic Average Shares": 384000000.0,
        "Diluted EPS": 0.9,
        "Basic EPS": 0.9,
        "Diluted NI Availto Com Stockholders": 352000000.0,
        "Average Dilution Earnings": 0.0,
        "Net Income Common Stockholders": 352000000.0,
        "Net Income": 352000000.0,
        "Minority Interests": NaN,
        "Net Income Including Noncontrolling Interests": 352000000.0,
        "Net Income Continuous Operations": 352000000.0,
        "Tax Provision": 30000000.0,
        "Pretax Income": 382000000.0,
        "Other Income Expense": -31000000.0,
        "Other Non Operating Income Expenses": NaN,
        "Special Income Charges": -26000000.0,
        "Other Special Charges": NaN,
        "Write Off": 26000000.0,
        "Impairment Of Capital Assets": 26000000.0,
        "Net Non Operating Interest Income Expense": -104000000.0,
        "Interest Expense Non Operating": 104000000.0,
        "Operating Income": 517000000.0,
        "Operating Expense": 617000000.0,
        "Depreciation Amortization Depletion Income Statement": 149000000.0,
        "Depreciation And Amortization In Income Statement": 149000000.0,
        "Amortization": NaN,
        "Amortization Of Intangibles Income Statement": NaN,
        "Depreciation Income Statement": NaN,
        "Research And Development": 88000000.0,
        "Selling General And Administration": 380000000.0,
        "Selling And Marketing Expense": 251000000.0,
        "General And Administrative Expense": 129000000.0,
        "Other Gand A": 129000000.0,
        "Gross Profit": 1134000000.0,
        "Cost Of Revenue": 1154000000.0,
        "Total Revenue": 2288000000.0,
        "Operating Revenue": 2251000000.0
    },
    "2024-03-31": {
        "Tax Effect Of Unusual Items": -6496000.0,
        "Tax Rate For Calcs": 0.232,
        "Normalized EBITDA": 628000000.0,
        "Total Unusual Items": -28000000.0,
        "Total Unusual Items Excluding Goodwill": -28000000.0,
        "Net Income From Continuing Operation Net Minority Interest": 265000000.0,
        "Reconciled Depreciation": 151000000.0,
        "Reconciled Cost Of Revenue": 1116000000.0,
        "EBITDA": 600000000.0,
        "EBIT": 449000000.0,
        "Net Interest Income": -104000000.0,
        "Interest Expense": 104000000.0,
        "Normalized Income": 286504000.0,
        "Net Income From Continuing And Discontinued Operation": 265000000.0,
        "Total Expenses": 1697000000.0,
        "Total Operating Income As Reported": 437000000.0,
        "Diluted Average Shares": 386500000.0,
        "Basic Average Shares": 384500000.0,
        "Diluted EPS": 0.7,
        "Basic EPS": 0.7,
        "Diluted NI Availto Com Stockholders": 265000000.0,
        "Average Dilution Earnings": 0.0,
        "Net Income Common Stockholders": 265000000.0,
        "Net Income": 265000000.0,
        "Minority Interests": NaN,
        "Net Income Including Noncontrolling Interests": 265000000.0,
        "Net Income Continuous Operations": 265000000.0,
        "Tax Provision": 80000000.0,
        "Pretax Income": 345000000.0,
        "Other Income Expense": -16000000.0,
        "Other Non Operating Income Expenses": 12000000.0,
        "Special Income Charges": -28000000.0,
        "Other Special Charges": NaN,
        "Write Off": NaN,
        "Impairment Of Capital Assets": NaN,
        "Net Non Operating Interest Income Expense": -104000000.0,
        "Interest Expense Non Operating": 104000000.0,
        "Operating Income": 465000000.0,
        "Operating Expense": 570000000.0,
        "Depreciation Amortization Depletion Income Statement": 140000000.0,
        "Depreciation And Amortization In Income Statement": 140000000.0,
        "Amortization": NaN,
        "Amortization Of Intangibles Income Statement": NaN,
        "Depreciation Income Statement": NaN,
        "Research And Development": 86000000.0,
        "Selling General And Administration": 344000000.0,
        "Selling And Marketing Expense": 229000000.0,
        "General And Administrative Expense": 115000000.0,
        "Other Gand A": 115000000.0,
        "Gross Profit": 1035000000.0,
        "Cost Of Revenue": 1127000000.0,
        "Total Revenue": 2162000000.0,
        "Operating Revenue": 2132000000.0
    },
    "2024-06-30": {
        "Tax Effect Of Unusual Items": -3955555.555556,
        "Tax Rate For Calcs": 0.219753,
        "Normalized EBITDA": 671000000.0,
        "Total Unusual Items": -18000000.0,
        "Total Unusual Items Excluding Goodwill": -18000000.0,
        "Net Income From Continuing Operation Net Minority Interest": 316000000.0,
        "Reconciled Depreciation": 146000000.0,
        "Reconciled Cost Of Revenue": 1102000000.0,
        "EBITDA": 653000000.0,
        "EBIT": 507000000.0,
        "Net Interest Income": -102000000.0,
        "Interest Expense": 102000000.0,
        "Normalized Income": 330044444.444444,
        "Net Income From Continuing And Discontinued Operation": 316000000.0,
        "Total Expenses": 1655000000.0,
        "Total Operating Income As Reported": 505000000.0,
        "Diluted Average Shares": 385500000.0,
        "Basic Average Shares": 384800000.0,
        "Diluted EPS": 0.8,
        "Basic EPS": 0.8,
        "Diluted NI Availto Com Stockholders": 316000000.0,
        "Average Dilution Earnings": 0.0,
        "Net Income Common Stockholders": 316000000.0,
        "Net Income": 316000000.0,
        "Minority Interests": NaN,
        "Net Income Including Noncontrolling Interests": 316000000.0,
        "Net Income Continuous Operations": 316000000.0,
        "Tax Provision": 89000000.0,
        "Pretax Income": 405000000.0,
        "Other Income Expense": -16000000.0,
        "Other Non Operating Income Expenses": 2000000.0,
        "Special Income Charges": -18000000.0,
        "Other Special Charges": NaN,
        "Write Off": NaN,
        "Impairment Of Capital Assets": NaN,
        "Net Non Operating Interest Income Expense": -102000000.0,
        "Interest Expense Non Operating": 102000000.0,
        "Operating Income": 523000000.0,
        "Operating Expense": 540000000.0,
        "Depreciation Amortization Depletion Income Statement": 133000000.0,
        "Depreciation And Amortization In Income Statement": 133000000.0,
        "Amortization": 18000000.0,
        "Amortization Of Intangibles Income Statement": 18000000.0,
        "Depreciation Income Statement": 115000000.0,
        "Research And Development": 71000000.0,
        "Selling General And Administration": 336000000.0,
        "Selling And Marketing Expense": 228000000.0,
        "General And Administrative Expense": 108000000.0,
        "Other Gand A": 108000000.0,
        "Gross Profit": 1063000000.0,
        "Cost Of Revenue": 1115000000.0,
        "Total Revenue": 2178000000.0,
        "Operating Revenue": 2148000000.0
    },
    "2024-09-30": {
        "Tax Effect Of Unusual Items": -44044000.0,
        "Tax Rate For Calcs": 0.013,
        "Normalized EBITDA": 706000000.0,
        "Total Unusual Items": -3388000000.0,
        "Total Unusual Items Excluding Goodwill": -3388000000.0,
        "Net Income From Continuing Operation Net Minority Interest": -2456000000.0,
        "Reconciled Depreciation": 191000000.0,
        "Reconciled Cost Of Revenue": 1070000000.0,
        "EBITDA": -2682000000.0,
        "EBIT": -2873000000.0,
        "Net Interest Income": -124000000.0,
        "Interest Expense": 124000000.0,
        "Normalized Income": 887956000.0,
        "Net Income From Continuing And Discontinued Operation": -2456000000.0,
        "Total Expenses": 1684000000.0,
        "Total Operating Income As Reported": -2901000000.0,
        "Diluted Average Shares": 339000000.0,
        "Basic Average Shares": 339000000.0,
        "Diluted EPS": -7.244838,
        "Basic EPS": -7.244838,
        "Diluted NI Availto Com Stockholders": -2456000000.0,
        "Average Dilution Earnings": 0.0,
        "Net Income Common Stockholders": -2456000000.0,
        "Net Income": -2456000000.0,
        "Minority Interests": 502000000.0,
        "Net Income Including Noncontrolling Interests": -2958000000.0,
        "Net Income Continuous Operations": -2958000000.0,
        "Tax Provision": -39000000.0,
        "Pretax Income": -2997000000.0,
        "Other Income Expense": -3360000000.0,
        "Other Non Operating Income Expenses": 28000000.0,
        "Special Income Charges": -3388000000.0,
        "Other Special Charges": NaN,
        "Write Off": 3388000000.0,
        "Impairment Of Capital Assets": 3388000000.0,
        "Net Non Operating Interest Income Expense": -124000000.0,
        "Interest Expense Non Operating": 124000000.0,
        "Operating Income": 487000000.0,
        "Operating Expense": 568000000.0,
        "Depreciation Amortization Depletion Income Statement": 145000000.0,
        "Depreciation And Amortization In Income Statement": 145000000.0,
        "Amortization": NaN,
        "Amortization Of Intangibles Income Statement": NaN,
        "Depreciation Income Statement": NaN,
        "Research And Development": 68000000.0,
        "Selling General And Administration": 355000000.0,
        "Selling And Marketing Expense": 217000000.0,
        "General And Administrative Expense": 138000000.0,
        "Other Gand A": 138000000.0,
        "Gross Profit": 1055000000.0,
        "Cost Of Revenue": 1116000000.0,
        "Total Revenue": 2171000000.0,
        "Operating Revenue": 2138000000.0
    },
    "2024-12-31": {
        "Tax Effect Of Unusual Items": 0.0,
        "Tax Rate For Calcs": 0.271574,
        "Normalized EBITDA": 645000000.0,
        "Total Unusual Items": 0.0,
        "Total Unusual Items Excluding Goodwill": 0.0,
        "Net Income From Continuing Operation Net Minority Interest": 287000000.0,
        "Reconciled Depreciation": 134000000.0,
        "Reconciled Cost Of Revenue": 1127000000.0,
        "EBITDA": 645000000.0,
        "EBIT": 511000000.0,
        "Net Interest Income": -117000000.0,
        "Interest Expense": 117000000.0,
        "Normalized Income": 287000000.0,
        "Net Income From Continuing And Discontinued Operation": 287000000.0,
        "Total Expenses": 1671000000.0,
        "Total Operating Income As Reported": 505000000.0,
        "Diluted Average Shares": NaN,
        "Basic Average Shares": NaN,
        "Diluted EPS": NaN,
        "Basic EPS": NaN,
        "Diluted NI Availto Com Stockholders": -123000000.0,
        "Average Dilution Earnings": -410000000.0,
        "Net Income Common Stockholders": 287000000.0,
        "Net Income": 287000000.0,
        "Minority Interests": 0.0,
        "Net Income Including Noncontrolling Interests": 287000000.0,
        "Net Income Continuous Operations": 287000000.0,
        "Tax Provision": 107000000.0,
        "Pretax Income": 394000000.0,
        "Other Income Expense": -6000000.0,
        "Other Non Operating Income Expenses": -6000000.0,
        "Special Income Charges": 0.0,
        "Other Special Charges": NaN,
        "Write Off": 12000000.0,
        "Impairment Of Capital Assets": NaN,
        "Net Non Operating Interest Income Expense": -117000000.0,
        "Interest Expense Non Operating": 117000000.0,
        "Operating Income": 517000000.0,
        "Operating Expense": 533000000.0,
        "Depreciation Amortization Depletion Income Statement": 123000000.0,
        "Depreciation And Amortization In Income Statement": 123000000.0,
        "Amortization": NaN,
        "Amortization Of Intangibles Income Statement": NaN,
        "Depreciation Income Statement": NaN,
        "Research And Development": 72000000.0,
        "Selling General And Administration": 338000000.0,
        "Selling And Marketing Expense": 219000000.0,
        "General And Administrative Expense": 119000000.0,
        "Other Gand A": 119000000.0,
        "Gross Profit": 1050000000.0,
        "Cost Of Revenue": 1138000000.0,
        "Total Revenue": 2188000000.0,
        "Operating Revenue": 2153000000.0
    }
}