{
    "2023-03-31": {
        "Tax Effect Of Unusual Items": 0.0,
        "Tax Rate For Calcs": 0.375,
        "Normalized EBITDA": 30500000.0,
        "Net Income From Continuing Operation Net Minority Interest": -4500000.0,
        "Reconciled Depreciation": 30800000.0,
        "Reconciled Cost Of Revenue": 550300000.0,
        "EBITDA": 30500000.0,
        "EBIT": -300000.0,
        "Net Interest Income": -6900000.0,
        "Interest Expense": 6900000.0,
        "Normalized Income": -4500000.0,
        "Net Income From Continuing And Discontinued Operation": -4500000.0,
        "Total Expenses": 837700000.0,
        "Total Operating Income As Reported": -300000.0,
        "Diluted Average Shares": 45045851.0,
        "Basic Average Shares": 45045851.0,
        "Diluted EPS": -0.1,
        "Basic EPS": -0.1,
        "Diluted NI Availto Com Stockholders": -4500000.0,
        "Net Income Common Stockholders": -4500000.0,
        "Net Income": -4500000.0,
        "Net Income Including Noncontrolling Interests": -4500000.0,
        "Net Income Continuous Operations": -4500000.0,
        "Tax Provision": -2700000.0,
        "Pretax Income": -7200000.0,
        "Net Non Operating Interest Income Expense": -6900000.0,
        "Interest Expense Non Operating": 6900000.0,
        "Operating Income": -300000.0,
        "Operating Expense": 287400000.0,
        "Other Operating Expenses": -4000000.0,
        "Selling General And Administration": 291400000.0,
        "Gross Profit": 287100000.0,
        "Cost Of Revenue": 550300000.0,
        "Total Revenue": 837400000.0,
        "Operating Revenue": 837400000.0
    },
    "2022-12-31": {
        "Tax Effect Of Unusual Items": 0.0,
        "Tax Rate For Calcs": 0.21,
        "Normalized EBITDA": 31600000.0,
        "Net Income From Continuing Operation Net Minority Interest": -900000.0,
        "Reconciled Depreciation": 31600000.0,
        "Reconciled Cost Of Revenue": 587400000.0,
        "EBITDA": 31600000.0,
        "EBIT": 0.0,
        "Net Interest Income": -5500000.0,
        "Interest Expense": 5500000.0,
        "Normalized Income": -900000.0,
        "Net Income From Continuing And Discontinued Operation": -900000.0,
        "Total Expenses": 890000000.0,
        "Total Operating Income As Reported": 0.0,
        "Diluted Average Shares": 45119900.0,
        "Basic Average Shares": 45119900.0,
        "Diluted EPS": NaN,
        "Basic EPS": -0.02,
        "Diluted NI Availto Com Stockholders": -900000.0,
        "Net Income Common Stockholders": -900000.0,
        "Net Income": -900000.0,
        "Net Income Including Noncontrolling Interests": -900000.0,
        "Net Income Continuous Operations": -900000.0,
        "Tax Provision": -4600000.0,
        "Pretax Income": -5500000.0,
        "Net Non Operating Interest Income Expense": -5500000.0,
        "Interest Expense Non Operating": 5500000.0,
        "Operating Income": 0.0,
        "Operating Expense": 302600000.0,
        "Other Operating Expenses": -2000000.0,
        "Selling General And Administration": 304600000.0,
        "Gross Profit": 302600000.0,
        "Cost Of Revenue": 587400000.0,
        "Total Revenue": 890000000.0,
        "Operating Revenue": 890000000.0
    },
    "2022-09-30": {
        "Tax Effect Of Unusual Items": 0.0,
        "Tax Rate For Calcs": 0.238,
        "Normalized EBITDA": 129200000.0,
        "Net Income From Continuing Operation Net Minority Interest": 73300000.0,
        "Reconciled Depreciation": 27400000.0,
        "Reconciled Cost Of Revenue": 714000000.0,
        "EBITDA": 129200000.0,
        "EBIT": 101800000.0,
        "Net Interest Income": -5600000.0,
        "Interest Expense": 5600000.0,
        "Normalized Income": 73300000.0,
        "Net Income From Continuing And Discontinued Operation": 73300000.0,
        "Total Expenses": 1000800000.0,
        "Total Operating Income As Reported": 101800000.0,
        "Diluted Average Shares": 45774367.0,
        "Basic Average Shares": 45102574.0,
        "Diluted EPS": 1.6,
        "Basic EPS": 1.63,
        "Diluted NI Availto Com Stockholders": 73300000.0,
        "Net Income Common Stockholders": 73300000.0,
        "Net Income": 73300000.0,
        "Net Income Including Noncontrolling Interests": 73300000.0,
        "Net Income Continuous Operations": 73300000.0,
        "Tax Provision": 22900000.0,
        "Pretax Income": 96200000.0,
        "Net Non Operating Interest Income Expense": -5600000.0,
        "Interest Expense Non Operating": 5600000.0,
        "Operating Income": 101800000.0,
        "Operating Expense": 286800000.0,
        "Other Operating Expenses": -2400000.0,
        "Selling General And Administration": 289200000.0,
        "Gross Profit": 388600000.0,
        "Cost Of Revenue": 714000000.0,
        "Total Revenue": 1102600000.0,
        "Operating Revenue": 1102600000.0
    },
    "2022-06-30": {
        "Tax Effect Of Unusual Items": 0.0,
        "Tax Rate For Calcs": 0.241509,
        "Normalized EBITDA": 190100000.0,
        "Net Income From Continuing Operation Net Minority Interest": 140700000.0,
        "Reconciled Depreciation": 23100000.0,
        "Reconciled Cost Of Revenue": 755500000.0,
        "EBITDA": 190100000.0,
        "EBIT": 190100000.0,
        "Net Interest Income": -4600000.0,
        "Interest Expense": 4600000.0,
        "Normalized Income": 140700000.0,
        "Net Income From Continuing And Discontinued Operation": 140700000.0,
        "Total Expenses": 1026500000.0,
        "Total Operating Income As Reported": 190100000.0,
        "Diluted Average Shares": 45779173.0,
        "Basic Average Shares": 45034633.0,
        "Diluted EPS": 3.07,
        "Basic EPS": 3.12,
        "Diluted NI Availto Com Stockholders": 140700000.0,
        "Net Income Common Stockholders": 140700000.0,
        "Net Income": 140700000.0,
        "Net Income Including Noncontrolling Interests": 140700000.0,
        "Net Income Continuous Operations": 140700000.0,
        "Tax Provision": 44800000.0,
        "Pretax Income": 185500000.0,
        "Net Non Operating Interest Income Expense": -4600000.0,
        "Total Other Finance Cost": 4600000.0,
        "Interest Expense Non Operating": 4600000.0,
        "Operating Income": 190100000.0,
        "Operating Expense": 271000000.0,
        "Other Operating Expenses": -1700000.0,
        "Selling General And Administration": 272700000.0,
        "Gross Profit": 461100000.0,
        "Cost Of Revenue": 755500000.0,
        "Total Revenue": 1216600000.0,
        "Operating Revenue": 1216600000.0
    },
    "2023-06-30": {
        "Tax Effect Of Unusual Items": 0.0,
        "Tax Rate For Calcs": 0.244,
        "Normalized EBITDA": 202300000.0,
        "Net Income From Continuing Operation Net Minority Interest": 124000000.0,
        "Reconciled Depreciation": 31000000.0,
        "Reconciled Cost Of Revenue": 864300000.0,
        "EBITDA": 202300000.0,
        "EBIT": 171300000.0,
        "Net Interest Income": -7300000.0,
        "Interest Expense": 7300000.0,
        "Normalized Income": 124000000.0,
        "Net Income From Continuing And Discontinued Operation": 124000000.0,
        "Total Expenses": 1182400000.0,
        "Total Operating Income As Reported": 171300000.0,
        "Diluted Average Shares": 45682976.0,
        "Basic Average Shares": 45093712.0,
        "Diluted EPS": NaN,
        "Basic EPS": 2.75,
        "Diluted NI Availto Com Stockholders": 124000000.0,
        "Net Income Common Stockholders": 124000000.0,
        "Net Income": 124000000.0,
        "Net Income Including Noncontrolling Interests": 124000000.0,
        "Net Income Continuous Operations": 124000000.0,
        "Tax Provision": 40000000.0,
        "Pretax Income": 164000000.0,
        "Net Non Operating Interest Income Expense": -7300000.0,
        "Interest Expense Non Operating": 7300000.0,
        "Operating Income": 171300000.0,
        "Operating Expense": 318100000.0,
        "Other Operating Expenses": -2500000.0,
        "Selling General And Administration": 320600000.0,
        "Gross Profit": 489400000.0,
        "Cost Of Revenue": 864300000.0,
        "Total Revenue": 1353700000.0,
        "Operating Revenue": 1353700000.0
    },
    "2022-03-31": {
        "Diluted EPS": 0.7,
        "Total Revenue": 805,
        "Gross Profit": 269,
        "Operating Income": 41,
        "EBIT": 63,
        "Net Income": 32
    },
    "2021-12-31": {
        "Diluted EPS": 0.6,
        "Total Revenue": 805,
        "Gross Profit": 282,
        "Operating Income": 35,
        "EBIT": 59,
        "Net Income": 28
    },
    "2021-09-30": {
        "Diluted EPS": 1.74,
        "Total Revenue": 936,
        "Gross Profit": 341,
        "Operating Income": 103,
        "EBIT": 125,
        "Net Income": 80
    },
    "2021-06-30": {
        "Diluted EPS": 2.7,
        "Total Revenue": NaN,
        "Gross Profit": 388,
        "Operating Income": 165,
        "EBIT": 185,
        "Net Income": 124
    },
    "2021-03-31": {
        "Diluted EPS": 0.16,
        "Total Revenue": 650,
        "Gross Profit": 202,
        "Operating Income": 10,
        "EBIT": 30,
        "Net Income": 7
    },
    "2020-12-31": {
        "Diluted EPS": 0.26,
        "Total Revenue": 675,
        "Gross Profit": 222,
        "Operating Income": 22,
        "EBIT": 43,
        "Net Income": 12
    },
    "2020-09-30": {
        "Diluted EPS": 1.08,
        "Total Revenue": 752,
        "Gross Profit": 250,
        "Operating Income": 69,
        "EBIT": 85,
        "Net Income": 48
    },
    "2020-06-30": {
        "Diluted EPS": 1.83,
        "Total Revenue": 818,
        "Gross Profit": 286,
        "Operating Income": 112,
        "EBIT": 129,
        "Net Income": 79
    },
    "2020-03-31": {
        "Diluted EPS": -0.42,
        "Total Revenue": 460,
        "Gross Profit": 143,
        "Operating Income": -23,
        "EBIT": -7,
        "Net Income": -18
    },
    "2019-12-31": {
        "Diluted EPS": 0.08,
        "Total Revenue": 535,
        "Gross Profit": 170,
        "Operating Income": 4,
        "EBIT": 20,
        "Net Income": 3
    },
    "2019-09-30": {
        "Diluted EPS": 0.81,
        "Total Revenue": 653,
        "Gross Profit": 215,
        "Operating Income": 53,
        "EBIT": 68,
        "Net Income": 35
    },
    "2019-06-30": {
        "Diluted EPS": 1.52,
        "Total Revenue": 752,
        "Gross Profit": 258,
        "Operating Income": 93,
        "EBIT": 108,
        "Net Income": 65
    },
    "2019-03-31": {
        "Diluted EPS": -0.59,
        "Total Revenue": 417,
        "Gross Profit": 130,
        "Operating Income": -25,
        "EBIT": -9,
        "Net Income": -24
    },
    "2018-12-31": {
        "Diluted EPS": -0.02,
        "Total Revenue": 475,
        "Gross Profit": 149,
        "Operating Income": 1,
        "EBIT": 15,
        "Net Income": -2
    },
    "2018-09-30": {
        "Diluted EPS": 0.7,
        "Total Revenue": 579,
        "Gross Profit": 191,
        "Operating Income": 42,
        "EBIT": 56,
        "Net Income": 30
    },
    "2018-06-30": {
        "Diluted EPS": 1.48,
        "Total Revenue": 688,
        "Gross Profit": 230,
        "Operating Income": 86,
        "EBIT": 99,
        "Net Income": 63
    },
    "2018-03-31": {
        "Diluted EPS": -0.43,
        "Total Revenue": 371,
        "Gross Profit": 109,
        "Operating Income": -21,
        "EBIT": -8,
        "Net Income": -17
    },
    "2017-12-31": {
        "Diluted EPS": 0.07,
        "Total Revenue": 416,
        "Gross Profit": 132,
        "Operating Income": -1,
        "EBIT": 11,
        "Net Income": 4
    },
    "2017-09-30": {
        "Diluted EPS": 0.41,
        "Total Revenue": 502,
        "Gross Profit": 160,
        "Operating Income": 34,
        "EBIT": 46,
        "Net Income": 17
    },
    "2017-06-30": {
        "Diluted EPS": 1.07,
        "Total Revenue": 609,
        "Gross Profit": 202,
        "Operating Income": 77,
        "EBIT": 89,
        "Net Income": 44
    },
    "2017-03-31": {
        "Diluted EPS": -0.26,
        "Total Revenue": 335,
        "Gross Profit": 101,
        "Operating Income": -12,
        "EBIT": -1,
        "Net Income": -11
    },
    "2016-12-31": {
        "Diluted EPS": 0.66,
        "Total Revenue": 362,
        "Gross Profit": 112,
        "Operating Income": -3,
        "EBIT": 7,
        "Net Income": -6
    },
    "2016-09-30": {
        "Diluted EPS": 0.36,
        "Total Revenue": 445,
        "Gross Profit": 138,
        "Operating Income": 32,
        "EBIT": 42,
        "Net Income": 15
    },
    "2016-06-30": {
        "Diluted EPS": -3.18,
        "Total Revenue": 513,
        "Gross Profit": 169,
        "Operating Income": 52,
        "EBIT": 61,
        "Net Income": -89
    },
    "2016-03-31": {
        "Diluted EPS": -0.85,
        "Total Revenue": 329,
        "Gross Profit": 97,
        "Operating Income": -6,
        "EBIT": 3,
        "Net Income": -12
    },
    "2015-12-31": {
        "Diluted EPS": -0.41,
        "Total Revenue": 340,
        "Gross Profit": 105,
        "Operating Income": -5,
        "EBIT": 6,
        "Net Income": -6
    },
    "2015-09-30": {
        "Diluted EPS": 0.01,
        "Total Revenue": 405,
        "Gross Profit": 118,
        "Operating Income": 22,
        "EBIT": 31,
        "Net Income": 0
    },
    "2015-06-30": {
        "Diluted EPS": 0.59,
        "Total Revenue": 482,
        "Gross Profit": 148,
        "Operating Income": 57,
        "EBIT": 66,
        "Net Income": 8
    },
    "2015-03-31": {
        "Diluted EPS": -1.23,
        "Total Revenue": 226,
        "Gross Profit": 59,
        "Operating Income": -14,
        "EBIT": -7,
        "Net Income": -18
    },
    "2014-12-31": {
        "Diluted EPS": 0.0,
        "Total Revenue": NaN,
        "Gross Profit": NaN,
        "Operating Income": NaN,
        "EBIT": NaN,
        "Net Income": NaN
    },
    "2013-12-31": {
        "Diluted EPS": 0.0,
        "Total Revenue": NaN,
        "Gross Profit": NaN,
        "Operating Income": NaN,
        "EBIT": NaN,
        "Net Income": NaN
    },
    "2023-09-30": {
        "Tax Effect Of Unusual Items": 0.0,
        "Tax Rate For Calcs": 0.234,
        "Normalized EBITDA": 112500000.0,
        "Net Income From Continuing Operation Net Minority Interest": 57300000.0,
        "Reconciled Depreciation": 31300000.0,
        "Reconciled Cost Of Revenue": 757000000.0,
        "EBITDA": 112500000.0,
        "EBIT": 81200000.0,
        "Net Interest Income": -6400000.0,
        "Interest Expense": 6400000.0,
        "Normalized Income": 57300000.0,
        "Net Income From Continuing And Discontinued Operation": 57300000.0,
        "Total Expenses": 1063900000.0,
        "Total Operating Income As Reported": 81200000.0,
        "Diluted Average Shares": 45747398.0,
        "Basic Average Shares": 45149650.0,
        "Diluted EPS": 1.25,
        "Basic EPS": NaN,
        "Diluted NI Availto Com Stockholders": 57300000.0,
        "Net Income Common Stockholders": 57300000.0,
        "Net Income": 57300000.0,
        "Net Income Including Noncontrolling Interests": 57300000.0,
        "Net Income Continuous Operations": 57300000.0,
        "Tax Provision": 17500000.0,
        "Pretax Income": 74800000.0,
        "Net Non Operating Interest Income Expense": -6400000.0,
        "Interest Expense Non Operating": 6400000.0,
        "Operating Income": 81200000.0,
        "Operating Expense": 306900000.0,
        "Other Operating Expenses": -4900000.0,
        "Selling General And Administration": 311800000.0,
        "Gross Profit": 388100000.0,
        "Cost Of Revenue": 757000000.0,
        "Total Revenue": 1145100000.0,
        "Operating Revenue": 1145100000.0
    }
}