{
    "2023-03-31": {
        "Tax Effect Of Unusual Items": NaN,
        "Tax Rate For Calcs": NaN,
        "Normalized EBITDA": NaN,
        "Total Unusual Items": 0.0,
        "Total Unusual Items Excluding Goodwill": 0.0,
        "Net Income From Continuing Operation Net Minority Interest": NaN,
        "Reconciled Depreciation": NaN,
        "Reconciled Cost Of Revenue": NaN,
        "EBITDA": NaN,
        "EBIT": NaN,
        "Net Interest Income": NaN,
        "Interest Income": NaN,
        "Normalized Income": NaN,
        "Net Income From Continuing And Discontinued Operation": NaN,
        "Total Expenses": NaN,
        "Total Operating Income As Reported": NaN,
        "Diluted Average Shares": NaN,
        "Basic Average Shares": NaN,
        "Diluted EPS": NaN,
        "Basic EPS": NaN,
        "Diluted NI Availto Com Stockholders": NaN,
        "Net Income Common Stockholders": NaN,
        "Net Income": NaN,
        "Net Income Including Noncontrolling Interests": NaN,
        "Net Income Continuous Operations": NaN,
        "Tax Provision": NaN,
        "Pretax Income": NaN,
        "Other Income Expense": NaN,
        "Other Non Operating Income Expenses": NaN,
        "Special Income Charges": 0.0,
        "Restructuring And Mergern Acquisition": 0.0,
        "Net Non Operating Interest Income Expense": NaN,
        "Interest Income Non Operating": NaN,
        "Operating Income": NaN,
        "Operating Expense": NaN,
        "Research And Development": NaN,
        "Selling General And Administration": NaN,
        "Gross Profit": NaN,
        "Cost Of Revenue": NaN,
        "Total Revenue": NaN,
        "Operating Revenue": NaN
    },
    "2022-12-31": {
        "Tax Effect Of Unusual Items": 0.0,
        "Tax Rate For Calcs": 0.026131,
        "Normalized EBITDA": -2386000.0,
        "Net Income From Continuing Operation Net Minority Interest": -1528000.0,
        "Reconciled Depreciation": 3346000.0,
        "Reconciled Cost Of Revenue": 23080000.0,
        "EBITDA": -2386000.0,
        "EBIT": -5732000.0,
        "Net Interest Income": 3996000.0,
        "Interest Income": 3996000.0,
        "Normalized Income": -1528000.0,
        "Net Income From Continuing And Discontinued Operation": -1528000.0,
        "Total Expenses": 66571000.0,
        "Total Operating Income As Reported": -5732000.0,
        "Diluted Average Shares": 21544000.0,
        "Basic Average Shares": 21544000.0,
        "Diluted EPS": -0.07,
        "Basic EPS": -0.07,
        "Diluted NI Availto Com Stockholders": -1528000.0,
        "Net Income Common Stockholders": -1528000.0,
        "Net Income": -1528000.0,
        "Net Income Including Noncontrolling Interests": -1528000.0,
        "Net Income Continuous Operations": -1528000.0,
        "Tax Provision": -41000.0,
        "Pretax Income": -1569000.0,
        "Other Income Expense": 167000.0,
        "Other Non Operating Income Expenses": 167000.0,
        "Net Non Operating Interest Income Expense": 3996000.0,
        "Interest Income Non Operating": 3996000.0,
        "Operating Income": -5732000.0,
        "Operating Expense": 43491000.0,
        "Research And Development": 23798000.0,
        "Selling General And Administration": 19693000.0,
        "Gross Profit": 37759000.0,
        "Cost Of Revenue": 23080000.0,
        "Total Revenue": 60839000.0,
        "Operating Revenue": 60839000.0
    },
    "2022-09-30": {
        "Tax Effect Of Unusual Items": 0.0,
        "Tax Rate For Calcs": 0.000518,
        "Normalized EBITDA": 3532000.0,
        "Net Income From Continuing Operation Net Minority Interest": 5783000.0,
        "Reconciled Depreciation": 3228000.0,
        "Reconciled Cost Of Revenue": 25799000.0,
        "EBITDA": 3532000.0,
        "EBIT": 3532000.0,
        "Net Interest Income": 2492000.0,
        "Interest Income": 2492000.0,
        "Normalized Income": 5783000.0,
        "Net Income From Continuing And Discontinued Operation": 5783000.0,
        "Total Expenses": 69563000.0,
        "Total Operating Income As Reported": 3532000.0,
        "Diluted Average Shares": 22614000.0,
        "Basic Average Shares": 21353000.0,
        "Diluted EPS": 0.26,
        "Basic EPS": 0.27,
        "Diluted NI Availto Com Stockholders": 5783000.0,
        "Net Income Common Stockholders": 5783000.0,
        "Net Income": 5783000.0,
        "Net Income Including Noncontrolling Interests": 5783000.0,
        "Net Income Continuous Operations": 5783000.0,
        "Tax Provision": 3000.0,
        "Pretax Income": 5786000.0,
        "Other Income Expense": -238000.0,
        "Other Non Operating Income Expenses": -238000.0,
        "Net Non Operating Interest Income Expense": 2492000.0,
        "Interest Income Non Operating": 2492000.0,
        "Operating Income": 3532000.0,
        "Operating Expense": 43764000.0,
        "Research And Development": 23878000.0,
        "Selling General And Administration": 19886000.0,
        "Gross Profit": 47296000.0,
        "Cost Of Revenue": 25799000.0,
        "Total Revenue": 73095000.0,
        "Operating Revenue": 73095000.0
    },
    "2022-06-30": {
        "Tax Effect Of Unusual Items": 0.0,
        "Tax Rate For Calcs": 0.004028,
        "Normalized EBITDA": 12281000.0,
        "Net Income From Continuing Operation Net Minority Interest": 12859000.0,
        "Reconciled Depreciation": 2725000.0,
        "Reconciled Cost Of Revenue": 26744000.0,
        "EBITDA": 12281000.0,
        "EBIT": 12281000.0,
        "Net Interest Income": 803000.0,
        "Interest Income": 803000.0,
        "Normalized Income": 12859000.0,
        "Net Income From Continuing And Discontinued Operation": 12859000.0,
        "Total Expenses": 67137000.0,
        "Total Operating Income As Reported": 12281000.0,
        "Diluted Average Shares": 22721000.0,
        "Basic Average Shares": 21148000.0,
        "Diluted EPS": 0.57,
        "Basic EPS": 0.61,
        "Diluted NI Availto Com Stockholders": 12859000.0,
        "Net Income Common Stockholders": 12859000.0,
        "Net Income": 12859000.0,
        "Net Income Including Noncontrolling Interests": 12859000.0,
        "Net Income Continuous Operations": 12859000.0,
        "Tax Provision": 52000.0,
        "Pretax Income": 12911000.0,
        "Other Income Expense": -173000.0,
        "Other Non Operating Income Expenses": -173000.0,
        "Net Non Operating Interest Income Expense": 803000.0,
        "Interest Income Non Operating": 803000.0,
        "Operating Income": 12281000.0,
        "Operating Expense": 40393000.0,
        "Research And Development": 22017000.0,
        "Selling General And Administration": 18376000.0,
        "Gross Profit": 52674000.0,
        "Cost Of Revenue": 26744000.0,
        "Total Revenue": 79418000.0,
        "Operating Revenue": 79418000.0
    },
    "2023-06-30": {
        "Tax Effect Of Unusual Items": 0.0,
        "Tax Rate For Calcs": 0.21,
        "Normalized EBITDA": -28482000.0,
        "Total Unusual Items": 0.0,
        "Total Unusual Items Excluding Goodwill": 0.0,
        "Net Income From Continuing Operation Net Minority Interest": -25922000.0,
        "Reconciled Depreciation": 3923000.0,
        "Reconciled Cost Of Revenue": 12290000.0,
        "EBITDA": -28482000.0,
        "EBIT": -32405000.0,
        "Net Interest Income": 6667000.0,
        "Interest Income": 6667000.0,
        "Normalized Income": -25922000.0,
        "Net Income From Continuing And Discontinued Operation": -25922000.0,
        "Total Expenses": 60133000.0,
        "Total Operating Income As Reported": -32405000.0,
        "Diluted Average Shares": 22074000.0,
        "Basic Average Shares": 22074000.0,
        "Diluted EPS": -1.17,
        "Basic EPS": -1.17,
        "Diluted NI Availto Com Stockholders": -25922000.0,
        "Net Income Common Stockholders": -25922000.0,
        "Net Income": -25922000.0,
        "Net Income Including Noncontrolling Interests": -25922000.0,
        "Net Income Continuous Operations": -25922000.0,
        "Tax Provision": 23000.0,
        "Pretax Income": -25899000.0,
        "Other Income Expense": -161000.0,
        "Other Non Operating Income Expenses": -161000.0,
        "Special Income Charges": 0.0,
        "Restructuring And Mergern Acquisition": 0.0,
        "Net Non Operating Interest Income Expense": 6667000.0,
        "Interest Income Non Operating": 6667000.0,
        "Operating Income": -32405000.0,
        "Operating Expense": 47843000.0,
        "Research And Development": 26567000.0,
        "Selling General And Administration": 21276000.0,
        "Gross Profit": 15438000.0,
        "Cost Of Revenue": 12290000.0,
        "Total Revenue": 27728000.0,
        "Operating Revenue": 27728000.0
    },
    "2022-03-31": {
        "Diluted EPS": 0.27,
        "Total Revenue": 70,
        "Gross Profit": 45,
        "Operating Income": 6,
        "EBIT": 9,
        "Net Income": 6
    },
    "2021-12-31": {
        "Diluted EPS": 0.97,
        "Total Revenue": 76,
        "Gross Profit": 52,
        "Operating Income": 20,
        "EBIT": 23,
        "Net Income": 20
    },
    "2021-09-30": {
        "Diluted EPS": 0.66,
        "Total Revenue": 63,
        "Gross Profit": 42,
        "Operating Income": 14,
        "EBIT": 16,
        "Net Income": 14
    },
    "2021-06-30": {
        "Diluted EPS": 0.1,
        "Total Revenue": 44,
        "Gross Profit": 27,
        "Operating Income": 2,
        "EBIT": 4,
        "Net Income": 2
    },
    "2021-03-31": {
        "Diluted EPS": -0.2,
        "Total Revenue": 36,
        "Gross Profit": 19,
        "Operating Income": -3,
        "EBIT": -2,
        "Net Income": -4
    },
    "2020-12-31": {
        "Diluted EPS": 0.16,
        "Total Revenue": 40,
        "Gross Profit": 21,
        "Operating Income": 2,
        "EBIT": 4,
        "Net Income": 2
    },
    "2020-09-30": {
        "Diluted EPS": -0.04,
        "Total Revenue": 33,
        "Gross Profit": 17,
        "Operating Income": -1,
        "EBIT": 1,
        "Net Income": -1
    },
    "2020-06-30": {
        "Diluted EPS": -0.36,
        "Total Revenue": 21,
        "Gross Profit": 10,
        "Operating Income": -5,
        "EBIT": -4,
        "Net Income": -6
    },
    "2020-03-31": {
        "Diluted EPS": -0.34,
        "Total Revenue": 22,
        "Gross Profit": 10,
        "Operating Income": -5,
        "EBIT": -3,
        "Net Income": -5
    },
    "2019-12-31": {
        "Diluted EPS": 0.05,
        "Total Revenue": 28,
        "Gross Profit": 13,
        "Operating Income": -5,
        "EBIT": -3,
        "Net Income": 1
    },
    "2019-09-30": {
        "Diluted EPS": 0.11,
        "Total Revenue": 25,
        "Gross Profit": 12,
        "Operating Income": 2,
        "EBIT": 4,
        "Net Income": 1
    },
    "2019-06-30": {
        "Diluted EPS": -0.54,
        "Total Revenue": 16,
        "Gross Profit": 6,
        "Operating Income": -5,
        "EBIT": -3,
        "Net Income": -5
    },
    "2019-03-31": {
        "Diluted EPS": -0.29,
        "Total Revenue": 15,
        "Gross Profit": 8,
        "Operating Income": -2,
        "EBIT": -1,
        "Net Income": -3
    },
    "2018-12-31": {
        "Diluted EPS": 0.0,
        "Total Revenue": NaN,
        "Gross Profit": NaN,
        "Operating Income": NaN,
        "EBIT": NaN,
        "Net Income": NaN
    },
    "2010-03-31": {
        "Diluted EPS": 0.0,
        "Total Revenue": 15,
        "Gross Profit": 8,
        "Operating Income": -2,
        "EBIT": -2,
        "Net Income": -3
    },
    "2023-09-30": {
        "Tax Effect Of Unusual Items": 0.0,
        "Tax Rate For Calcs": 0.21,
        "Normalized EBITDA": -21188000.0,
        "Total Unusual Items": NaN,
        "Total Unusual Items Excluding Goodwill": NaN,
        "Net Income From Continuing Operation Net Minority Interest": -18125000.0,
        "Reconciled Depreciation": 3989000.0,
        "Reconciled Cost Of Revenue": 15603000.0,
        "EBITDA": -21188000.0,
        "EBIT": -25177000.0,
        "Net Interest Income": 7333000.0,
        "Interest Income": 7333000.0,
        "Normalized Income": -18125000.0,
        "Net Income From Continuing And Discontinued Operation": -18125000.0,
        "Total Expenses": 60697000.0,
        "Total Operating Income As Reported": -25177000.0,
        "Diluted Average Shares": 22326000.0,
        "Basic Average Shares": 22326000.0,
        "Diluted EPS": -0.81,
        "Basic EPS": -0.81,
        "Diluted NI Availto Com Stockholders": -18125000.0,
        "Net Income Common Stockholders": -18125000.0,
        "Net Income": -18125000.0,
        "Net Income Including Noncontrolling Interests": -18125000.0,
        "Net Income Continuous Operations": -18125000.0,
        "Tax Provision": 49000.0,
        "Pretax Income": -18076000.0,
        "Other Income Expense": -232000.0,
        "Other Non Operating Income Expenses": -232000.0,
        "Special Income Charges": NaN,
        "Restructuring And Mergern Acquisition": NaN,
        "Net Non Operating Interest Income Expense": 7333000.0,
        "Interest Income Non Operating": 7333000.0,
        "Operating Income": -25177000.0,
        "Operating Expense": 45094000.0,
        "Research And Development": 23647000.0,
        "Selling General And Administration": 21447000.0,
        "Gross Profit": 19917000.0,
        "Cost Of Revenue": 15603000.0,
        "Total Revenue": 35520000.0,
        "Operating Revenue": 35520000.0
    },
    "2023-12-31": {
        "Tax Effect Of Unusual Items": 0.0,
        "Tax Rate For Calcs": 0.21,
        "Normalized EBITDA": -15348000.0,
        "Total Unusual Items": NaN,
        "Total Unusual Items Excluding Goodwill": NaN,
        "Net Income From Continuing Operation Net Minority Interest": -19998000.0,
        "Reconciled Depreciation": 4392000.0,
        "Reconciled Cost Of Revenue": 18710000.0,
        "EBITDA": -15348000.0,
        "EBIT": -19740000.0,
        "Net Interest Income": 7329000.0,
        "Interest Income": 7329000.0,
        "Normalized Income": -19998000.0,
        "Net Income From Continuing And Discontinued Operation": -19998000.0,
        "Total Expenses": 62143000.0,
        "Total Operating Income As Reported": -27468000.0,
        "Diluted Average Shares": 22553000.0,
        "Basic Average Shares": 22553000.0,
        "Diluted EPS": -0.89,
        "Basic EPS": -0.89,
        "Diluted NI Availto Com Stockholders": -19998000.0,
        "Net Income Common Stockholders": -19998000.0,
        "Net Income": -19998000.0,
        "Net Income Including Noncontrolling Interests": -19998000.0,
        "Net Income Continuous Operations": -19998000.0,
        "Tax Provision": 10000.0,
        "Pretax Income": -19988000.0,
        "Other Income Expense": -7577000.0,
        "Other Non Operating Income Expenses": 151000.0,
        "Special Income Charges": NaN,
        "Restructuring And Mergern Acquisition": NaN,
        "Net Non Operating Interest Income Expense": 7329000.0,
        "Interest Income Non Operating": 7329000.0,
        "Operating Income": -19740000.0,
        "Operating Expense": 43433000.0,
        "Research And Development": 22918000.0,
        "Selling General And Administration": 20515000.0,
        "Gross Profit": 23693000.0,
        "Cost Of Revenue": 18710000.0,
        "Total Revenue": 42403000.0,
        "Operating Revenue": 42403000.0
    },
    "2024-03-31": {
        "Tax Effect Of Unusual Items": 0.0,
        "Tax Rate For Calcs": 0.0,
        "Normalized EBITDA": -22953000.0,
        "Total Unusual Items": -3242000.0,
        "Total Unusual Items Excluding Goodwill": -3242000.0,
        "Net Income From Continuing Operation Net Minority Interest": -28704000.0,
        "Reconciled Depreciation": 5601000.0,
        "Reconciled Cost Of Revenue": 15361000.0,
        "EBITDA": -26195000.0,
        "EBIT": -31796000.0,
        "Net Interest Income": 6560000.0,
        "Interest Income": 6560000.0,
        "Normalized Income": -25462000.0,
        "Net Income From Continuing And Discontinued Operation": -28704000.0,
        "Total Expenses": 64818000.0,
        "Total Operating Income As Reported": -35038000.0,
        "Diluted Average Shares": 22765000.0,
        "Basic Average Shares": 22765000.0,
        "Diluted EPS": -1.26,
        "Basic EPS": -1.26,
        "Diluted NI Availto Com Stockholders": -28704000.0,
        "Net Income Common Stockholders": -28704000.0,
        "Net Income": -28704000.0,
        "Net Income Including Noncontrolling Interests": -28704000.0,
        "Net Income Continuous Operations": -28704000.0,
        "Tax Provision": 13000.0,
        "Pretax Income": -28691000.0,
        "Other Income Expense": -3455000.0,
        "Other Non Operating Income Expenses": -213000.0,
        "Special Income Charges": -3242000.0,
        "Restructuring And Mergern Acquisition": 3242000.0,
        "Net Non Operating Interest Income Expense": 6560000.0,
        "Interest Income Non Operating": 6560000.0,
        "Operating Income": -31796000.0,
        "Operating Expense": 49457000.0,
        "Research And Development": 25544000.0,
        "Selling General And Administration": 23913000.0,
        "Gross Profit": 17661000.0,
        "Cost Of Revenue": 15361000.0,
        "Total Revenue": 33022000.0,
        "Operating Revenue": 33022000.0
    },
    "2024-06-30": {
        "Tax Effect Of Unusual Items": 0.0,
        "Tax Rate For Calcs": 0.0,
        "Normalized EBITDA": -18069000.0,
        "Total Unusual Items": -3163000.0,
        "Total Unusual Items Excluding Goodwill": -3163000.0,
        "Net Income From Continuing Operation Net Minority Interest": -26769000.0,
        "Reconciled Depreciation": 7925000.0,
        "Reconciled Cost Of Revenue": 22343000.0,
        "EBITDA": -21232000.0,
        "EBIT": -29157000.0,
        "Net Interest Income": 5736000.0,
        "Interest Income": 5736000.0,
        "Normalized Income": -23606000.0,
        "Net Income From Continuing And Discontinued Operation": -26769000.0,
        "Total Expenses": 73023000.0,
        "Total Operating Income As Reported": -32320000.0,
        "Diluted Average Shares": 22997000.0,
        "Basic Average Shares": 22997000.0,
        "Diluted EPS": -1.16,
        "Basic EPS": -1.16,
        "Diluted NI Availto Com Stockholders": -26769000.0,
        "Net Income Common Stockholders": -26769000.0,
        "Net Income": -26769000.0,
        "Net Income Including Noncontrolling Interests": -26769000.0,
        "Net Income Continuous Operations": -26769000.0,
        "Tax Provision": -18000.0,
        "Pretax Income": -26787000.0,
        "Other Income Expense": -3366000.0,
        "Other Non Operating Income Expenses": -203000.0,
        "Special Income Charges": -3163000.0,
        "Restructuring And Mergern Acquisition": 3163000.0,
        "Net Non Operating Interest Income Expense": 5736000.0,
        "Interest Income Non Operating": 5736000.0,
        "Operating Income": -29157000.0,
        "Operating Expense": 50680000.0,
        "Research And Development": 25490000.0,
        "Selling General And Administration": 25190000.0,
        "Gross Profit": 21523000.0,
        "Cost Of Revenue": 22343000.0,
        "Total Revenue": 43866000.0,
        "Operating Revenue": 43866000.0
    }
}