{
    "2023-03-31": {
        "Tax Effect Of Unusual Items": -496740.0,
        "Tax Rate For Calcs": 0.204,
        "Normalized EBITDA": -19860000.0,
        "Total Unusual Items": -2435000.0,
        "Total Unusual Items Excluding Goodwill": -2435000.0,
        "Net Income From Continuing Operation Net Minority Interest": -69859000.0,
        "Reconciled Depreciation": 29114000.0,
        "Reconciled Cost Of Revenue": 9765000.0,
        "EBITDA": -22295000.0,
        "EBIT": -51409000.0,
        "Net Interest Income": -36302000.0,
        "Interest Expense": 36302000.0,
        "Interest Income": NaN,
        "Normalized Income": -67920740.0,
        "Net Income From Continuing And Discontinued Operation": -69859000.0,
        "Total Expenses": 191996000.0,
        "Total Operating Income As Reported": -52241000.0,
        "Diluted Average Shares": 83207000.0,
        "Basic Average Shares": 83207000.0,
        "Diluted EPS": -0.84,
        "Basic EPS": NaN,
        "Diluted NI Availto Com Stockholders": -69859000.0,
        "Net Income Common Stockholders": -69859000.0,
        "Net Income": -69859000.0,
        "Minority Interests": NaN,
        "Net Income Including Noncontrolling Interests": -69859000.0,
        "Net Income Continuous Operations": -69859000.0,
        "Tax Provision": -17852000.0,
        "Pretax Income": -87711000.0,
        "Other Income Expense": -1603000.0,
        "Other Non Operating Income Expenses": 832000.0,
        "Special Income Charges": -2435000.0,
        "Gain On Sale Of Ppe": -2435000.0,
        "Other Special Charges": NaN,
        "Net Non Operating Interest Income Expense": -36302000.0,
        "Interest Expense Non Operating": 36302000.0,
        "Interest Income Non Operating": NaN,
        "Operating Income": -49806000.0,
        "Operating Expense": 182231000.0,
        "Other Operating Expenses": 108870000.0,
        "Depreciation Amortization Depletion Income Statement": 29114000.0,
        "Depreciation And Amortization In Income Statement": 29114000.0,
        "Selling General And Administration": 44247000.0,
        "General And Administrative Expense": 44247000.0,
        "Other Gand A": 44247000.0,
        "Salaries And Wages": NaN,
        "Gross Profit": 132425000.0,
        "Cost Of Revenue": 9765000.0,
        "Total Revenue": 142190000.0,
        "Operating Revenue": 142190000.0
    },
    "2022-12-31": {
        "Tax Effect Of Unusual Items": -2999334.370333,
        "Tax Rate For Calcs": 0.168181,
        "Normalized EBITDA": 98788000.0,
        "Total Unusual Items": -17834000.0,
        "Total Unusual Items Excluding Goodwill": -17834000.0,
        "Net Income From Continuing Operation Net Minority Interest": 13369000.0,
        "Reconciled Depreciation": 30352000.0,
        "Reconciled Cost Of Revenue": 22157000.0,
        "EBITDA": 80954000.0,
        "EBIT": 50602000.0,
        "Net Interest Income": -33885000.0,
        "Interest Expense": 34530000.0,
        "Interest Income": 645000.0,
        "Normalized Income": 28203665.629667,
        "Net Income From Continuing And Discontinued Operation": 13369000.0,
        "Total Expenses": 210400000.0,
        "Total Operating Income As Reported": NaN,
        "Diluted Average Shares": 83230000.0,
        "Basic Average Shares": 83156000.0,
        "Diluted EPS": NaN,
        "Basic EPS": 0.16,
        "Diluted NI Availto Com Stockholders": 13369000.0,
        "Net Income Common Stockholders": 13369000.0,
        "Net Income": 13369000.0,
        "Minority Interests": 0.0,
        "Net Income Including Noncontrolling Interests": 13369000.0,
        "Net Income Continuous Operations": 13369000.0,
        "Tax Provision": 2703000.0,
        "Pretax Income": 16072000.0,
        "Other Income Expense": -19519000.0,
        "Other Non Operating Income Expenses": -1685000.0,
        "Special Income Charges": -17834000.0,
        "Gain On Sale Of Ppe": -891000.0,
        "Other Special Charges": 0.0,
        "Net Non Operating Interest Income Expense": -33885000.0,
        "Interest Expense Non Operating": 34530000.0,
        "Interest Income Non Operating": 645000.0,
        "Operating Income": 69476000.0,
        "Operating Expense": 188243000.0,
        "Other Operating Expenses": 126872000.0,
        "Depreciation Amortization Depletion Income Statement": 30352000.0,
        "Depreciation And Amortization In Income Statement": 30352000.0,
        "Selling General And Administration": 31019000.0,
        "General And Administrative Expense": NaN,
        "Other Gand A": NaN,
        "Salaries And Wages": NaN,
        "Gross Profit": 257719000.0,
        "Cost Of Revenue": 22157000.0,
        "Total Revenue": 279876000.0,
        "Operating Revenue": 279876000.0
    },
    "2022-09-30": {
        "Tax Effect Of Unusual Items": -1103322.0,
        "Tax Rate For Calcs": 0.219,
        "Normalized EBITDA": 246613000.0,
        "Total Unusual Items": -5038000.0,
        "Total Unusual Items Excluding Goodwill": -5038000.0,
        "Net Income From Continuing Operation Net Minority Interest": 115829000.0,
        "Reconciled Depreciation": 30186000.0,
        "Reconciled Cost Of Revenue": 40164000.0,
        "EBITDA": 241575000.0,
        "EBIT": 211389000.0,
        "Net Interest Income": -34197000.0,
        "Interest Expense": 34580000.0,
        "Interest Income": 383000.0,
        "Normalized Income": 119763678.0,
        "Net Income From Continuing And Discontinued Operation": 115829000.0,
        "Total Expenses": 289746000.0,
        "Total Operating Income As Reported": NaN,
        "Diluted Average Shares": 83107000.0,
        "Basic Average Shares": 83094000.0,
        "Diluted EPS": 1.37,
        "Basic EPS": 1.37,
        "Diluted NI Availto Com Stockholders": 115829000.0,
        "Net Income Common Stockholders": 115829000.0,
        "Net Income": 115829000.0,
        "Minority Interests": -22326000.0,
        "Net Income Including Noncontrolling Interests": 138155000.0,
        "Net Income Continuous Operations": 138155000.0,
        "Tax Provision": 38654000.0,
        "Pretax Income": 176809000.0,
        "Other Income Expense": -4079000.0,
        "Other Non Operating Income Expenses": 959000.0,
        "Special Income Charges": -5038000.0,
        "Gain On Sale Of Ppe": -5038000.0,
        "Other Special Charges": NaN,
        "Impairment Of Capital Assets": NaN,
        "Net Non Operating Interest Income Expense": -34197000.0,
        "Interest Expense Non Operating": 34580000.0,
        "Interest Income Non Operating": 383000.0,
        "Operating Income": 215085000.0,
        "Operating Expense": 249582000.0,
        "Other Operating Expenses": 181162000.0,
        "Depreciation Amortization Depletion Income Statement": 30186000.0,
        "Depreciation And Amortization In Income Statement": 30186000.0,
        "Amortization": 5000.0,
        "Amortization Of Intangibles Income Statement": 5000.0,
        "Depreciation Income Statement": 30181000.0,
        "Selling General And Administration": 38234000.0,
        "General And Administrative Expense": NaN,
        "Other Gand A": NaN,
        "Salaries And Wages": NaN,
        "Gross Profit": 464667000.0,
        "Cost Of Revenue": 40164000.0,
        "Total Revenue": 504831000.0,
        "Operating Revenue": 504831000.0
    },
    "2022-06-30": {
        "Tax Effect Of Unusual Items": -4760370.0,
        "Tax Rate For Calcs": 0.27,
        "Normalized EBITDA": 173851000.0,
        "Total Unusual Items": -17631000.0,
        "Total Unusual Items Excluding Goodwill": -17631000.0,
        "Net Income From Continuing Operation Net Minority Interest": 45392000.0,
        "Reconciled Depreciation": 27537000.0,
        "Reconciled Cost Of Revenue": 35710000.0,
        "EBITDA": 156220000.0,
        "EBIT": 128683000.0,
        "Net Interest Income": -35978000.0,
        "Interest Expense": 36250000.0,
        "Interest Income": 272000.0,
        "Normalized Income": 58262630.0,
        "Net Income From Continuing And Discontinued Operation": 45392000.0,
        "Total Expenses": 290402000.0,
        "Total Operating Income As Reported": NaN,
        "Diluted Average Shares": 85242000.0,
        "Basic Average Shares": 84992000.0,
        "Diluted EPS": 0.53,
        "Basic EPS": 0.53,
        "Diluted NI Availto Com Stockholders": 45392000.0,
        "Net Income Common Stockholders": 45392000.0,
        "Net Income": 45392000.0,
        "Minority Interests": -22325000.0,
        "Net Income Including Noncontrolling Interests": 67717000.0,
        "Net Income Continuous Operations": 67717000.0,
        "Tax Provision": 24716000.0,
        "Pretax Income": 92433000.0,
        "Other Income Expense": -16609000.0,
        "Other Non Operating Income Expenses": 1022000.0,
        "Special Income Charges": -17631000.0,
        "Gain On Sale Of Ppe": -98000.0,
        "Other Special Charges": 17533000.0,
        "Impairment Of Capital Assets": NaN,
        "Net Non Operating Interest Income Expense": -35978000.0,
        "Interest Expense Non Operating": 36250000.0,
        "Interest Income Non Operating": 272000.0,
        "Operating Income": 145020000.0,
        "Operating Expense": 254692000.0,
        "Other Operating Expenses": 173582000.0,
        "Depreciation Amortization Depletion Income Statement": 27537000.0,
        "Depreciation And Amortization In Income Statement": 27537000.0,
        "Amortization": 5000.0,
        "Amortization Of Intangibles Income Statement": 5000.0,
        "Depreciation Income Statement": 27532000.0,
        "Selling General And Administration": 53573000.0,
        "General And Administrative Expense": NaN,
        "Other Gand A": NaN,
        "Salaries And Wages": NaN,
        "Gross Profit": 399712000.0,
        "Cost Of Revenue": 35710000.0,
        "Total Revenue": 435422000.0,
        "Operating Revenue": 435422000.0
    },
    "2022-03-31": {
        "Diluted EPS": -0.76,
        "Total Revenue": 138,
        "Gross Profit": 128,
        "Operating Income": -48,
        "EBIT": -17,
        "Net Income": -66
    },
    "2021-12-31": {
        "Diluted EPS": 0.01,
        "Total Revenue": 317,
        "Gross Profit": 292,
        "Operating Income": 51,
        "EBIT": 82,
        "Net Income": -2
    },
    "2021-09-30": {
        "Diluted EPS": 1.8,
        "Total Revenue": 638,
        "Gross Profit": 584,
        "Operating Income": 263,
        "EBIT": 293,
        "Net Income": 157
    },
    "2021-06-30": {
        "Diluted EPS": 0.81,
        "Total Revenue": 460,
        "Gross Profit": 421,
        "Operating Income": 160,
        "EBIT": 190,
        "Net Income": 71
    },
    "2021-03-31": {
        "Diluted EPS": -1.12,
        "Total Revenue": 82,
        "Gross Profit": 75,
        "Operating Income": -82,
        "EBIT": -51,
        "Net Income": -96
    },
    "2020-12-31": {
        "Diluted EPS": -1.0,
        "Total Revenue": 109,
        "Gross Profit": 97,
        "Operating Income": -69,
        "EBIT": -36,
        "Net Income": -86
    },
    "2020-09-30": {
        "Diluted EPS": -1.37,
        "Total Revenue": 126,
        "Gross Profit": 113,
        "Operating Income": -80,
        "EBIT": -49,
        "Net Income": -116
    },
    "2020-06-30": {
        "Diluted EPS": -1.62,
        "Total Revenue": 19,
        "Gross Profit": 17,
        "Operating Income": -112,
        "EBIT": -80,
        "Net Income": -137
    },
    "2020-03-31": {
        "Diluted EPS": -1.0,
        "Total Revenue": 103,
        "Gross Profit": 95,
        "Operating Income": -77,
        "EBIT": -45,
        "Net Income": -85
    },
    "2019-12-31": {
        "Diluted EPS": -0.12,
        "Total Revenue": 261,
        "Gross Profit": 238,
        "Operating Income": 41,
        "EBIT": 72,
        "Net Income": -11
    },
    "2019-09-30": {
        "Diluted EPS": 2.11,
        "Total Revenue": 621,
        "Gross Profit": 568,
        "Operating Income": 290,
        "EBIT": 322,
        "Net Income": 180
    },
    "2019-06-30": {
        "Diluted EPS": 0.94,
        "Total Revenue": 477,
        "Gross Profit": 434,
        "Operating Income": 168,
        "EBIT": 199,
        "Net Income": 80
    },
    "2019-03-31": {
        "Diluted EPS": -0.82,
        "Total Revenue": 128,
        "Gross Profit": 118,
        "Operating Income": -66,
        "EBIT": -37,
        "Net Income": -69
    },
    "2018-12-31": {
        "Diluted EPS": 0.93,
        "Total Revenue": 270,
        "Gross Profit": 248,
        "Operating Income": 144,
        "EBIT": 175,
        "Net Income": 79
    },
    "2018-09-30": {
        "Diluted EPS": 2.16,
        "Total Revenue": 620,
        "Gross Profit": 570,
        "Operating Income": 287,
        "EBIT": 317,
        "Net Income": 184
    },
    "2018-06-30": {
        "Diluted EPS": 0.88,
        "Total Revenue": 445,
        "Gross Profit": 406,
        "Operating Income": 146,
        "EBIT": 175,
        "Net Income": 75
    },
    "2018-03-31": {
        "Diluted EPS": -0.74,
        "Total Revenue": 129,
        "Gross Profit": 119,
        "Operating Income": -54,
        "EBIT": -25,
        "Net Income": -62
    },
    "2017-12-31": {
        "Diluted EPS": 1.02,
        "Total Revenue": 257,
        "Gross Profit": 237,
        "Operating Income": 42,
        "EBIT": 72,
        "Net Income": 98
    },
    "2017-09-30": {
        "Diluted EPS": 2.11,
        "Total Revenue": 580,
        "Gross Profit": 534,
        "Operating Income": 326,
        "EBIT": 355,
        "Net Income": 181
    },
    "2017-06-30": {
        "Diluted EPS": 0.59,
        "Total Revenue": 422,
        "Gross Profit": 385,
        "Operating Income": 173,
        "EBIT": 200,
        "Net Income": 52
    },
    "2017-03-31": {
        "Diluted EPS": -0.63,
        "Total Revenue": 100,
        "Gross Profit": 92,
        "Operating Income": -75,
        "EBIT": -47,
        "Net Income": -58
    },
    "2016-12-31": {
        "Diluted EPS": 0.03,
        "Total Revenue": 239,
        "Gross Profit": 220,
        "Operating Income": 27,
        "EBIT": 56,
        "Net Income": 2
    },
    "2016-09-30": {
        "Diluted EPS": 1.09,
        "Total Revenue": 558,
        "Gross Profit": 513,
        "Operating Income": 200,
        "EBIT": 228,
        "Net Income": 102
    },
    "2016-06-30": {
        "Diluted EPS": 0.64,
        "Total Revenue": 407,
        "Gross Profit": 371,
        "Operating Income": 144,
        "EBIT": 171,
        "Net Income": 61
    },
    "2016-03-31": {
        "Diluted EPS": -0.51,
        "Total Revenue": 115,
        "Gross Profit": 105,
        "Operating Income": -51,
        "EBIT": -24,
        "Net Income": -47
    },
    "2015-12-31": {
        "Diluted EPS": 0.02,
        "Total Revenue": 217,
        "Gross Profit": 202,
        "Operating Income": 8,
        "EBIT": 38,
        "Net Income": 2
    },
    "2015-09-30": {
        "Diluted EPS": 1.64,
        "Total Revenue": 575,
        "Gross Profit": 532,
        "Operating Income": 289,
        "EBIT": 316,
        "Net Income": 157
    },
    "2015-06-30": {
        "Diluted EPS": 0.67,
        "Total Revenue": 386,
        "Gross Profit": 352,
        "Operating Income": 137,
        "EBIT": 163,
        "Net Income": 66
    },
    "2015-03-31": {
        "Diluted EPS": -0.75,
        "Total Revenue": 85,
        "Gross Profit": 78,
        "Operating Income": -87,
        "EBIT": -59,
        "Net Income": -70
    },
    "2014-12-31": {
        "Diluted EPS": -0.34,
        "Total Revenue": 184,
        "Gross Profit": 170,
        "Operating Income": -23,
        "EBIT": 5,
        "Net Income": -34
    },
    "2014-09-30": {
        "Diluted EPS": 1.08,
        "Total Revenue": 542,
        "Gross Profit": 502,
        "Operating Income": 203,
        "EBIT": 231,
        "Net Income": 105
    },
    "2014-06-30": {
        "Diluted EPS": 0.67,
        "Total Revenue": 377,
        "Gross Profit": 345,
        "Operating Income": 132,
        "EBIT": 159,
        "Net Income": 66
    },
    "2014-03-31": {
        "Diluted EPS": -0.64,
        "Total Revenue": 74,
        "Gross Profit": 67,
        "Operating Income": -78,
        "EBIT": -49,
        "Net Income": -61
    },
    "2013-12-31": {
        "Diluted EPS": 0.1,
        "Total Revenue": 154,
        "Gross Profit": 143,
        "Operating Income": -3,
        "EBIT": 29,
        "Net Income": 13
    },
    "2013-09-30": {
        "Diluted EPS": 1.22,
        "Total Revenue": 505,
        "Gross Profit": 468,
        "Operating Income": 246,
        "EBIT": 278,
        "Net Income": 120
    },
    "2013-06-30": {
        "Diluted EPS": 0.47,
        "Total Revenue": 364,
        "Gross Profit": 333,
        "Operating Income": 117,
        "EBIT": 150,
        "Net Income": 47
    },
    "2013-03-31": {
        "Diluted EPS": -0.61,
        "Total Revenue": 88,
        "Gross Profit": 80,
        "Operating Income": -81,
        "EBIT": -44,
        "Net Income": -63
    },
    "2012-12-31": {
        "Diluted EPS": 1.49,
        "Total Revenue": 144,
        "Gross Profit": 134,
        "Operating Income": -24,
        "EBIT": 12,
        "Net Income": 156
    },
    "2012-09-30": {
        "Diluted EPS": 2.23,
        "Total Revenue": 485,
        "Gross Profit": 451,
        "Operating Income": 223,
        "EBIT": 259,
        "Net Income": 253
    },
    "2012-06-30": {
        "Diluted EPS": 0.64,
        "Total Revenue": 375,
        "Gross Profit": 345,
        "Operating Income": 104,
        "EBIT": 141,
        "Net Income": 72
    },
    "2012-03-31": {
        "Diluted EPS": -1.06,
        "Total Revenue": 66,
        "Gross Profit": 61,
        "Operating Income": -107,
        "EBIT": -65,
        "Net Income": -115
    },
    "2011-12-31": {
        "Diluted EPS": -0.9,
        "Total Revenue": 138,
        "Gross Profit": 128,
        "Operating Income": -34,
        "EBIT": 10,
        "Net Income": -102
    },
    "2011-09-30": {
        "Diluted EPS": 1.72,
        "Total Revenue": 476,
        "Gross Profit": 441,
        "Operating Income": 218,
        "EBIT": 262,
        "Net Income": 193
    },
    "2011-06-30": {
        "Diluted EPS": 0.31,
        "Total Revenue": 339,
        "Gross Profit": 311,
        "Operating Income": 75,
        "EBIT": 118,
        "Net Income": 35
    },
    "2011-03-31": {
        "Diluted EPS": -1.34,
        "Total Revenue": 61,
        "Gross Profit": 56,
        "Operating Income": -138,
        "EBIT": -92,
        "Net Income": -148
    },
    "2010-12-31": {
        "Diluted EPS": 2.18,
        "Total Revenue": 122,
        "Gross Profit": 112,
        "Operating Income": -58,
        "EBIT": -12,
        "Net Income": -94
    },
    "2010-09-30": {
        "Diluted EPS": 1.21,
        "Total Revenue": 476,
        "Gross Profit": 439,
        "Operating Income": 190,
        "EBIT": 236,
        "Net Income": 134
    },
    "2010-06-30": {
        "Diluted EPS": 2.49,
        "Total Revenue": 321,
        "Gross Profit": 293,
        "Operating Income": 51,
        "EBIT": 91,
        "Net Income": 743
    },
    "2010-03-31": {
        "Diluted EPS": -0.47,
        "Total Revenue": 57,
        "Gross Profit": 52,
        "Operating Income": -99,
        "EBIT": -62,
        "Net Income": -184
    },
    "2009-12-31": {
        "Diluted EPS": -0.81,
        "Total Revenue": 101,
        "Gross Profit": 94,
        "Operating Income": -56,
        "EBIT": -18,
        "Net Income": -116
    },
    "2009-09-30": {
        "Diluted EPS": 0.24,
        "Total Revenue": 450,
        "Gross Profit": 413,
        "Operating Income": 187,
        "EBIT": 224,
        "Net Income": 138
    },
    "2009-06-30": {
        "Diluted EPS": -0.31,
        "Total Revenue": 297,
        "Gross Profit": 271,
        "Operating Income": 33,
        "EBIT": 69,
        "Net Income": -122
    },
    "2009-03-31": {
        "Diluted EPS": -0.38,
        "Total Revenue": 51,
        "Gross Profit": 46,
        "Operating Income": -100,
        "EBIT": -64,
        "Net Income": -146
    },
    "2023-06-30": {
        "Tax Effect Of Unusual Items": -3918084.0,
        "Tax Rate For Calcs": 0.237,
        "Normalized EBITDA": 147064000.0,
        "Total Unusual Items": -16532000.0,
        "Total Unusual Items Excluding Goodwill": -16532000.0,
        "Net Income From Continuing Operation Net Minority Interest": 20554000.0,
        "Reconciled Depreciation": 28910000.0,
        "Reconciled Cost Of Revenue": 34787000.0,
        "EBITDA": 130532000.0,
        "EBIT": 101622000.0,
        "Net Interest Income": -43495000.0,
        "Interest Expense": 43495000.0,
        "Interest Income": NaN,
        "Normalized Income": 33167916.0,
        "Net Income From Continuing And Discontinued Operation": 20554000.0,
        "Total Expenses": 327814000.0,
        "Total Operating Income As Reported": 113343000.0,
        "Diluted Average Shares": NaN,
        "Basic Average Shares": NaN,
        "Diluted EPS": NaN,
        "Basic EPS": 0.25,
        "Diluted NI Availto Com Stockholders": 20554000.0,
        "Net Income Common Stockholders": 20554000.0,
        "Net Income": 20554000.0,
        "Minority Interests": -23766000.0,
        "Net Income Including Noncontrolling Interests": 44320000.0,
        "Net Income Continuous Operations": 44320000.0,
        "Tax Provision": 13807000.0,
        "Pretax Income": 58127000.0,
        "Other Income Expense": -14271000.0,
        "Other Non Operating Income Expenses": 2261000.0,
        "Special Income Charges": -16532000.0,
        "Gain On Sale Of Ppe": -2550000.0,
        "Other Special Charges": 13982000.0,
        "Net Non Operating Interest Income Expense": -43495000.0,
        "Interest Expense Non Operating": 43495000.0,
        "Interest Income Non Operating": NaN,
        "Operating Income": 115893000.0,
        "Operating Expense": 293027000.0,
        "Other Operating Expenses": 173669000.0,
        "Depreciation Amortization Depletion Income Statement": 28910000.0,
        "Depreciation And Amortization In Income Statement": 28910000.0,
        "Selling General And Administration": 90448000.0,
        "General And Administrative Expense": 90448000.0,
        "Other Gand A": 88269000.0,
        "Salaries And Wages": 2179000.0,
        "Gross Profit": 408920000.0,
        "Cost Of Revenue": 34787000.0,
        "Total Revenue": 443707000.0,
        "Operating Revenue": 443707000.0
    },
    "2023-09-30": {
        "Tax Effect Of Unusual Items": -376640.0,
        "Tax Rate For Calcs": 0.214,
        "Normalized EBITDA": 239002000.0,
        "Total Unusual Items": -1760000.0,
        "Total Unusual Items Excluding Goodwill": -1760000.0,
        "Net Income From Continuing Operation Net Minority Interest": 110700000.0,
        "Reconciled Depreciation": 27942000.0,
        "Reconciled Cost Of Revenue": 42885000.0,
        "EBITDA": 237242000.0,
        "EBIT": 209300000.0,
        "Net Interest Income": -38263000.0,
        "Interest Expense": 38263000.0,
        "Interest Income": NaN,
        "Normalized Income": 112083360.0,
        "Net Income From Continuing And Discontinued Operation": 110700000.0,
        "Total Expenses": 335240000.0,
        "Total Operating Income As Reported": NaN,
        "Diluted Average Shares": NaN,
        "Basic Average Shares": 83510000.0,
        "Diluted EPS": NaN,
        "Basic EPS": 1.33,
        "Diluted NI Availto Com Stockholders": 110700000.0,
        "Net Income Common Stockholders": 110700000.0,
        "Net Income": 110700000.0,
        "Minority Interests": -23767000.0,
        "Net Income Including Noncontrolling Interests": 134467000.0,
        "Net Income Continuous Operations": 134467000.0,
        "Tax Provision": 36570000.0,
        "Pretax Income": 171037000.0,
        "Other Income Expense": -2915000.0,
        "Other Non Operating Income Expenses": -1155000.0,
        "Special Income Charges": -1760000.0,
        "Gain On Sale Of Ppe": -1760000.0,
        "Other Special Charges": NaN,
        "Net Non Operating Interest Income Expense": -38263000.0,
        "Interest Expense Non Operating": 38263000.0,
        "Interest Income Non Operating": NaN,
        "Operating Income": 212215000.0,
        "Operating Expense": 292355000.0,
        "Other Operating Expenses": 206461000.0,
        "Depreciation Amortization Depletion Income Statement": 27942000.0,
        "Depreciation And Amortization In Income Statement": 27942000.0,
        "Selling General And Administration": 57952000.0,
        "General And Administrative Expense": NaN,
        "Other Gand A": NaN,
        "Salaries And Wages": NaN,
        "Gross Profit": 504570000.0,
        "Cost Of Revenue": 42885000.0,
        "Total Revenue": 547455000.0,
        "Operating Revenue": 547455000.0
    },
    "2023-12-31": {
        "Tax Effect Of Unusual Items": NaN,
        "Tax Rate For Calcs": NaN,
        "Normalized EBITDA": NaN,
        "Total Unusual Items": NaN,
        "Total Unusual Items Excluding Goodwill": NaN,
        "Net Income From Continuing Operation Net Minority Interest": NaN,
        "Reconciled Depreciation": NaN,
        "Reconciled Cost Of Revenue": NaN,
        "EBITDA": NaN,
        "EBIT": NaN,
        "Net Interest Income": NaN,
        "Interest Expense": NaN,
        "Interest Income": NaN,
        "Normalized Income": NaN,
        "Net Income From Continuing And Discontinued Operation": NaN,
        "Total Expenses": NaN,
        "Total Operating Income As Reported": NaN,
        "Diluted Average Shares": 83207000.0,
        "Basic Average Shares": NaN,
        "Diluted EPS": -0.84,
        "Basic EPS": -0.84,
        "Diluted NI Availto Com Stockholders": NaN,
        "Net Income Common Stockholders": NaN,
        "Net Income": NaN,
        "Minority Interests": NaN,
        "Net Income Including Noncontrolling Interests": NaN,
        "Net Income Continuous Operations": NaN,
        "Tax Provision": NaN,
        "Pretax Income": NaN,
        "Other Income Expense": NaN,
        "Other Non Operating Income Expenses": NaN,
        "Special Income Charges": NaN,
        "Gain On Sale Of Ppe": NaN,
        "Other Special Charges": NaN,
        "Net Non Operating Interest Income Expense": NaN,
        "Interest Expense Non Operating": NaN,
        "Interest Income Non Operating": NaN,
        "Operating Income": NaN,
        "Operating Expense": NaN,
        "Other Operating Expenses": NaN,
        "Depreciation Amortization Depletion Income Statement": NaN,
        "Depreciation And Amortization In Income Statement": NaN,
        "Selling General And Administration": NaN,
        "General And Administrative Expense": NaN,
        "Other Gand A": NaN,
        "Salaries And Wages": NaN,
        "Gross Profit": NaN,
        "Cost Of Revenue": NaN,
        "Total Revenue": NaN,
        "Operating Revenue": NaN
    }
}