{
    "2023-03-31": {
        "Tax Effect Of Unusual Items": NaN,
        "Tax Rate For Calcs": NaN,
        "Normalized EBITDA": NaN,
        "Total Unusual Items": NaN,
        "Total Unusual Items Excluding Goodwill": NaN,
        "Net Income From Continuing Operation Net Minority Interest": NaN,
        "Reconciled Depreciation": NaN,
        "Reconciled Cost Of Revenue": NaN,
        "EBITDA": NaN,
        "EBIT": NaN,
        "Net Interest Income": NaN,
        "Interest Expense": 3494000.0,
        "Interest Income": NaN,
        "Normalized Income": NaN,
        "Net Income From Continuing And Discontinued Operation": NaN,
        "Total Expenses": NaN,
        "Total Operating Income As Reported": NaN,
        "Diluted Average Shares": NaN,
        "Basic Average Shares": NaN,
        "Diluted EPS": NaN,
        "Basic EPS": NaN,
        "Diluted NI Availto Com Stockholders": NaN,
        "Net Income Common Stockholders": NaN,
        "Net Income": NaN,
        "Net Income Including Noncontrolling Interests": NaN,
        "Net Income Continuous Operations": NaN,
        "Tax Provision": NaN,
        "Pretax Income": NaN,
        "Other Income Expense": NaN,
        "Other Non Operating Income Expenses": NaN,
        "Special Income Charges": NaN,
        "Other Special Charges": NaN,
        "Impairment Of Capital Assets": NaN,
        "Gain On Sale Of Security": NaN,
        "Net Non Operating Interest Income Expense": NaN,
        "Total Other Finance Cost": 3494000.0,
        "Interest Expense Non Operating": 3494000.0,
        "Interest Income Non Operating": NaN,
        "Operating Income": NaN,
        "Operating Expense": NaN,
        "Research And Development": NaN,
        "Selling General And Administration": NaN,
        "Selling And Marketing Expense": NaN,
        "General And Administrative Expense": NaN,
        "Other Gand A": NaN,
        "Gross Profit": NaN,
        "Cost Of Revenue": NaN,
        "Total Revenue": NaN,
        "Operating Revenue": NaN
    },
    "2022-12-31": {
        "Tax Effect Of Unusual Items": NaN,
        "Tax Rate For Calcs": NaN,
        "Normalized EBITDA": NaN,
        "Total Unusual Items": NaN,
        "Total Unusual Items Excluding Goodwill": NaN,
        "Net Income From Continuing Operation Net Minority Interest": NaN,
        "Reconciled Depreciation": NaN,
        "Reconciled Cost Of Revenue": NaN,
        "EBITDA": NaN,
        "EBIT": NaN,
        "Net Interest Income": NaN,
        "Interest Expense": 4432000.0,
        "Normalized Income": NaN,
        "Net Income From Continuing And Discontinued Operation": NaN,
        "Total Expenses": NaN,
        "Total Operating Income As Reported": NaN,
        "Diluted Average Shares": NaN,
        "Basic Average Shares": NaN,
        "Diluted EPS": NaN,
        "Basic EPS": NaN,
        "Diluted NI Availto Com Stockholders": NaN,
        "Net Income Common Stockholders": NaN,
        "Net Income": NaN,
        "Net Income Including Noncontrolling Interests": NaN,
        "Net Income Continuous Operations": NaN,
        "Tax Provision": NaN,
        "Pretax Income": NaN,
        "Other Income Expense": NaN,
        "Other Non Operating Income Expenses": NaN,
        "Special Income Charges": -120470000.0,
        "Other Special Charges": NaN,
        "Impairment Of Capital Assets": 120470000.0,
        "Gain On Sale Of Security": NaN,
        "Net Non Operating Interest Income Expense": NaN,
        "Total Other Finance Cost": NaN,
        "Interest Expense Non Operating": 4432000.0,
        "Operating Income": NaN,
        "Operating Expense": NaN,
        "Research And Development": NaN,
        "Selling General And Administration": NaN,
        "Selling And Marketing Expense": NaN,
        "General And Administrative Expense": NaN,
        "Other Gand A": NaN,
        "Gross Profit": NaN,
        "Cost Of Revenue": NaN,
        "Total Revenue": NaN,
        "Operating Revenue": NaN
    },
    "2022-09-30": {
        "Tax Effect Of Unusual Items": -68259.8,
        "Tax Rate For Calcs": 0.0014,
        "Normalized EBITDA": -23907000.0,
        "Total Unusual Items": -48757000.0,
        "Total Unusual Items Excluding Goodwill": -48757000.0,
        "Net Income From Continuing Operation Net Minority Interest": -83225000.0,
        "Reconciled Depreciation": 4321000.0,
        "Reconciled Cost Of Revenue": 7599000.0,
        "EBITDA": -72664000.0,
        "EBIT": -76985000.0,
        "Net Interest Income": -6360000.0,
        "Interest Expense": 6360000.0,
        "Normalized Income": -34536259.8,
        "Net Income From Continuing And Discontinued Operation": -83225000.0,
        "Total Expenses": 87952000.0,
        "Total Operating Income As Reported": -79966000.0,
        "Diluted Average Shares": NaN,
        "Basic Average Shares": NaN,
        "Diluted EPS": NaN,
        "Basic EPS": NaN,
        "Diluted NI Availto Com Stockholders": -83225000.0,
        "Average Dilution Earnings": 0.0,
        "Net Income Common Stockholders": -83225000.0,
        "Net Income": -83225000.0,
        "Net Income Including Noncontrolling Interests": -83225000.0,
        "Net Income Continuous Operations": -83225000.0,
        "Tax Provision": -120000.0,
        "Pretax Income": -83345000.0,
        "Other Income Expense": -48249000.0,
        "Other Non Operating Income Expenses": 508000.0,
        "Special Income Charges": -48677000.0,
        "Other Special Charges": -2553000.0,
        "Impairment Of Capital Assets": 51230000.0,
        "Gain On Sale Of Security": -80000.0,
        "Net Non Operating Interest Income Expense": -6360000.0,
        "Interest Expense Non Operating": 6360000.0,
        "Operating Income": -28736000.0,
        "Operating Expense": 80353000.0,
        "Research And Development": 7937000.0,
        "Selling General And Administration": 72416000.0,
        "Selling And Marketing Expense": 51480000.0,
        "General And Administrative Expense": 20936000.0,
        "Other Gand A": 20936000.0,
        "Gross Profit": 51617000.0,
        "Cost Of Revenue": 7599000.0,
        "Total Revenue": 59216000.0,
        "Operating Revenue": 59216000.0
    },
    "2022-06-30": {
        "Tax Effect Of Unusual Items": 2609.436198,
        "Tax Rate For Calcs": 0.002551,
        "Normalized EBITDA": -48348000.0,
        "Total Unusual Items": 1023000.0,
        "Total Unusual Items Excluding Goodwill": 1023000.0,
        "Net Income From Continuing Operation Net Minority Interest": -60611000.0,
        "Reconciled Depreciation": 5845000.0,
        "Reconciled Cost Of Revenue": 9020000.0,
        "EBITDA": -47325000.0,
        "EBIT": -53170000.0,
        "Net Interest Income": -7596000.0,
        "Interest Expense": 7596000.0,
        "Normalized Income": -61631390.563802,
        "Net Income From Continuing And Discontinued Operation": -60611000.0,
        "Total Expenses": 127446000.0,
        "Total Operating Income As Reported": -54111000.0,
        "Diluted Average Shares": 20407887.0,
        "Basic Average Shares": 20407887.0,
        "Diluted EPS": -3.07,
        "Basic EPS": -3.07,
        "Diluted NI Availto Com Stockholders": -60611000.0,
        "Average Dilution Earnings": NaN,
        "Net Income Common Stockholders": -60611000.0,
        "Net Income": -60611000.0,
        "Net Income Including Noncontrolling Interests": -60611000.0,
        "Net Income Continuous Operations": -60611000.0,
        "Tax Provision": -155000.0,
        "Pretax Income": -60766000.0,
        "Other Income Expense": 941000.0,
        "Other Non Operating Income Expenses": -82000.0,
        "Special Income Charges": NaN,
        "Other Special Charges": NaN,
        "Impairment Of Capital Assets": NaN,
        "Gain On Sale Of Security": 1023000.0,
        "Net Non Operating Interest Income Expense": -7596000.0,
        "Interest Expense Non Operating": 7596000.0,
        "Operating Income": -54111000.0,
        "Operating Expense": 118426000.0,
        "Research And Development": 18529000.0,
        "Selling General And Administration": 99897000.0,
        "Selling And Marketing Expense": 73185000.0,
        "General And Administrative Expense": 26712000.0,
        "Other Gand A": 26712000.0,
        "Gross Profit": 64315000.0,
        "Cost Of Revenue": 9020000.0,
        "Total Revenue": 73335000.0,
        "Operating Revenue": 73335000.0
    },
    "2022-03-31": {
        "Diluted EPS": -7.4,
        "Total Revenue": 92,
        "Gross Profit": 83,
        "Operating Income": -146,
        "EBIT": -140,
        "Net Income": -150
    },
    "2021-12-31": {
        "Diluted EPS": -3.6,
        "Total Revenue": 105,
        "Gross Profit": 96,
        "Operating Income": -111,
        "EBIT": -105,
        "Net Income": -106
    },
    "2021-09-30": {
        "Diluted EPS": -3.2,
        "Total Revenue": 102,
        "Gross Profit": 94,
        "Operating Income": -82,
        "EBIT": -77,
        "Net Income": 51
    },
    "2021-06-30": {
        "Diluted EPS": -4.2,
        "Total Revenue": 89,
        "Gross Profit": 85,
        "Operating Income": -50,
        "EBIT": -49,
        "Net Income": -80
    },
    "2021-03-31": {
        "Diluted EPS": -3.2,
        "Total Revenue": 84,
        "Gross Profit": 79,
        "Operating Income": -51,
        "EBIT": -51,
        "Net Income": -54
    },
    "2020-12-31": {
        "Diluted EPS": -4.8,
        "Total Revenue": 67,
        "Gross Profit": 63,
        "Operating Income": -47,
        "EBIT": -46,
        "Net Income": -71
    },
    "2020-09-30": {
        "Diluted EPS": -2.8,
        "Total Revenue": 60,
        "Gross Profit": 57,
        "Operating Income": -29,
        "EBIT": -28,
        "Net Income": -43
    },
    "2020-06-30": {
        "Diluted EPS": -1.4,
        "Total Revenue": 59,
        "Gross Profit": 56,
        "Operating Income": -13,
        "EBIT": -12,
        "Net Income": -20
    },
    "2020-03-31": {
        "Diluted EPS": -1.2,
        "Total Revenue": 44,
        "Gross Profit": 41,
        "Operating Income": -15,
        "EBIT": -15,
        "Net Income": -16
    },
    "2019-12-31": {
        "Diluted EPS": 0.0,
        "Total Revenue": NaN,
        "Gross Profit": NaN,
        "Operating Income": NaN,
        "EBIT": NaN,
        "Net Income": NaN
    },
    "2018-12-31": {
        "Diluted EPS": 0.0,
        "Total Revenue": NaN,
        "Gross Profit": NaN,
        "Operating Income": NaN,
        "EBIT": NaN,
        "Net Income": NaN
    },
    "2023-06-30": {
        "Tax Effect Of Unusual Items": NaN,
        "Tax Rate For Calcs": NaN,
        "Normalized EBITDA": NaN,
        "Total Unusual Items": NaN,
        "Total Unusual Items Excluding Goodwill": NaN,
        "Net Income From Continuing Operation Net Minority Interest": NaN,
        "Reconciled Depreciation": NaN,
        "Reconciled Cost Of Revenue": NaN,
        "EBITDA": NaN,
        "EBIT": NaN,
        "Net Interest Income": NaN,
        "Interest Expense": 1712000.0,
        "Interest Income": NaN,
        "Normalized Income": NaN,
        "Net Income From Continuing And Discontinued Operation": NaN,
        "Total Expenses": NaN,
        "Total Operating Income As Reported": NaN,
        "Diluted Average Shares": NaN,
        "Basic Average Shares": NaN,
        "Diluted EPS": NaN,
        "Basic EPS": NaN,
        "Diluted NI Availto Com Stockholders": NaN,
        "Net Income Common Stockholders": NaN,
        "Net Income": NaN,
        "Net Income Including Noncontrolling Interests": NaN,
        "Net Income Continuous Operations": NaN,
        "Tax Provision": NaN,
        "Pretax Income": NaN,
        "Other Income Expense": NaN,
        "Other Non Operating Income Expenses": NaN,
        "Special Income Charges": 15205000.0,
        "Other Special Charges": -15205000.0,
        "Impairment Of Capital Assets": NaN,
        "Gain On Sale Of Security": 152000.0,
        "Net Non Operating Interest Income Expense": NaN,
        "Total Other Finance Cost": 1712000.0,
        "Interest Expense Non Operating": 1712000.0,
        "Interest Income Non Operating": NaN,
        "Operating Income": NaN,
        "Operating Expense": NaN,
        "Research And Development": NaN,
        "Selling General And Administration": NaN,
        "Selling And Marketing Expense": NaN,
        "General And Administrative Expense": NaN,
        "Other Gand A": NaN,
        "Gross Profit": NaN,
        "Cost Of Revenue": NaN,
        "Total Revenue": NaN,
        "Operating Revenue": NaN
    },
    "2023-09-30": {
        "Tax Effect Of Unusual Items": 26670.0,
        "Tax Rate For Calcs": 0.21,
        "Normalized EBITDA": -29376000.0,
        "Total Unusual Items": 127000.0,
        "Total Unusual Items Excluding Goodwill": 127000.0,
        "Net Income From Continuing Operation Net Minority Interest": -33545000.0,
        "Reconciled Depreciation": 486000.0,
        "Reconciled Cost Of Revenue": 3693000.0,
        "EBITDA": -29249000.0,
        "EBIT": -29735000.0,
        "Net Interest Income": -2279000.0,
        "Interest Expense": 3801000.0,
        "Interest Income": 1522000.0,
        "Normalized Income": -33645330.0,
        "Net Income From Continuing And Discontinued Operation": -33545000.0,
        "Total Expenses": 67859000.0,
        "Total Operating Income As Reported": -31432000.0,
        "Diluted Average Shares": 21305470.0,
        "Basic Average Shares": 21305470.0,
        "Diluted EPS": -1.57,
        "Basic EPS": -1.57,
        "Diluted NI Availto Com Stockholders": -33545000.0,
        "Net Income Common Stockholders": -33545000.0,
        "Net Income": -33545000.0,
        "Net Income Including Noncontrolling Interests": -33545000.0,
        "Net Income Continuous Operations": -33545000.0,
        "Tax Provision": 9000.0,
        "Pretax Income": -33536000.0,
        "Other Income Expense": 175000.0,
        "Other Non Operating Income Expenses": 48000.0,
        "Special Income Charges": 0.0,
        "Other Special Charges": NaN,
        "Impairment Of Capital Assets": 0.0,
        "Gain On Sale Of Security": 127000.0,
        "Net Non Operating Interest Income Expense": -2279000.0,
        "Total Other Finance Cost": NaN,
        "Interest Expense Non Operating": 3801000.0,
        "Interest Income Non Operating": 1522000.0,
        "Operating Income": -31432000.0,
        "Operating Expense": 64166000.0,
        "Research And Development": 7852000.0,
        "Selling General And Administration": 56314000.0,
        "Selling And Marketing Expense": 31925000.0,
        "General And Administrative Expense": 24389000.0,
        "Other Gand A": 24389000.0,
        "Gross Profit": 32734000.0,
        "Cost Of Revenue": 3693000.0,
        "Total Revenue": 36427000.0,
        "Operating Revenue": 36427000.0
    },
    "2023-12-31": {
        "Tax Effect Of Unusual Items": -604800.0,
        "Tax Rate For Calcs": 0.21,
        "Normalized EBITDA": -17117000.0,
        "Total Unusual Items": -2880000.0,
        "Total Unusual Items Excluding Goodwill": -2880000.0,
        "Net Income From Continuing Operation Net Minority Interest": -15512000.0,
        "Reconciled Depreciation": 103000.0,
        "Reconciled Cost Of Revenue": 3456000.0,
        "EBITDA": -19997000.0,
        "EBIT": -20100000.0,
        "Net Interest Income": 4634000.0,
        "Interest Expense": -4634000.0,
        "Interest Income": NaN,
        "Normalized Income": -13236800.0,
        "Net Income From Continuing And Discontinued Operation": -15512000.0,
        "Total Expenses": 48766000.0,
        "Total Operating Income As Reported": -20542000.0,
        "Diluted Average Shares": 20054167.0,
        "Basic Average Shares": 20054167.0,
        "Diluted EPS": -1.04,
        "Basic EPS": -1.04,
        "Diluted NI Availto Com Stockholders": -15512000.0,
        "Net Income Common Stockholders": -15512000.0,
        "Net Income": -15512000.0,
        "Net Income Including Noncontrolling Interests": -15512000.0,
        "Net Income Continuous Operations": -15512000.0,
        "Tax Provision": 46000.0,
        "Pretax Income": -15466000.0,
        "Other Income Expense": -2438000.0,
        "Other Non Operating Income Expenses": 442000.0,
        "Special Income Charges": -2880000.0,
        "Other Special Charges": 0.0,
        "Impairment Of Capital Assets": 2880000.0,
        "Gain On Sale Of Security": 0.0,
        "Net Non Operating Interest Income Expense": 4634000.0,
        "Total Other Finance Cost": NaN,
        "Interest Expense Non Operating": -4634000.0,
        "Interest Income Non Operating": NaN,
        "Operating Income": -17662000.0,
        "Operating Expense": 45310000.0,
        "Research And Development": 3391000.0,
        "Selling General And Administration": 41919000.0,
        "Selling And Marketing Expense": 23345000.0,
        "General And Administrative Expense": 18574000.0,
        "Other Gand A": 18574000.0,
        "Gross Profit": 27648000.0,
        "Cost Of Revenue": 3456000.0,
        "Total Revenue": 31104000.0,
        "Operating Revenue": 31104000.0
    },
    "2024-03-31": {
        "Tax Effect Of Unusual Items": 1890.0,
        "Tax Rate For Calcs": 0.21,
        "Normalized EBITDA": -26485000.0,
        "Total Unusual Items": 9000.0,
        "Total Unusual Items Excluding Goodwill": 9000.0,
        "Net Income From Continuing Operation Net Minority Interest": -26723000.0,
        "Reconciled Depreciation": 395000.0,
        "Reconciled Cost Of Revenue": 3451000.0,
        "EBITDA": -26476000.0,
        "EBIT": -26871000.0,
        "Net Interest Income": 112000.0,
        "Interest Expense": NaN,
        "Interest Income": NaN,
        "Normalized Income": -26730110.0,
        "Net Income From Continuing And Discontinued Operation": -26723000.0,
        "Total Expenses": 52106000.0,
        "Total Operating Income As Reported": -26871000.0,
        "Diluted Average Shares": 18461221.0,
        "Basic Average Shares": 18461221.0,
        "Diluted EPS": -1.45,
        "Basic EPS": -1.45,
        "Diluted NI Availto Com Stockholders": -26723000.0,
        "Net Income Common Stockholders": -26723000.0,
        "Net Income": -26723000.0,
        "Net Income Including Noncontrolling Interests": -26723000.0,
        "Net Income Continuous Operations": -26723000.0,
        "Tax Provision": 38000.0,
        "Pretax Income": -26685000.0,
        "Other Income Expense": 74000.0,
        "Other Non Operating Income Expenses": 65000.0,
        "Special Income Charges": NaN,
        "Other Special Charges": NaN,
        "Impairment Of Capital Assets": NaN,
        "Gain On Sale Of Security": 9000.0,
        "Net Non Operating Interest Income Expense": 112000.0,
        "Total Other Finance Cost": -112000.0,
        "Interest Expense Non Operating": NaN,
        "Interest Income Non Operating": NaN,
        "Operating Income": -26871000.0,
        "Operating Expense": 48655000.0,
        "Research And Development": 4624000.0,
        "Selling General And Administration": 44031000.0,
        "Selling And Marketing Expense": 20994000.0,
        "General And Administrative Expense": 23037000.0,
        "Other Gand A": 23037000.0,
        "Gross Profit": 21784000.0,
        "Cost Of Revenue": 3451000.0,
        "Total Revenue": 25235000.0,
        "Operating Revenue": 25235000.0
    },
    "2024-06-30": {
        "Tax Effect Of Unusual Items": 128805.6,
        "Tax Rate For Calcs": 0.0028,
        "Normalized EBITDA": -66007000.0,
        "Total Unusual Items": 46002000.0,
        "Total Unusual Items Excluding Goodwill": 46002000.0,
        "Net Income From Continuing Operation Net Minority Interest": 26045000.0,
        "Reconciled Depreciation": 403000.0,
        "Reconciled Cost Of Revenue": 3346000.0,
        "EBITDA": -20005000.0,
        "EBIT": -20408000.0,
        "Net Interest Income": 334000.0,
        "Interest Expense": NaN,
        "Interest Income": NaN,
        "Normalized Income": -19828194.4,
        "Net Income From Continuing And Discontinued Operation": 26045000.0,
        "Total Expenses": 45703000.0,
        "Total Operating Income As Reported": 25592000.0,
        "Diluted Average Shares": 18079310.0,
        "Basic Average Shares": 17776904.0,
        "Diluted EPS": 1.44,
        "Basic EPS": 1.47,
        "Diluted NI Availto Com Stockholders": 26045000.0,
        "Net Income Common Stockholders": 26045000.0,
        "Net Income": 26045000.0,
        "Net Income Including Noncontrolling Interests": 26045000.0,
        "Net Income Continuous Operations": 26045000.0,
        "Tax Provision": 73000.0,
        "Pretax Income": 26118000.0,
        "Other Income Expense": 46192000.0,
        "Other Non Operating Income Expenses": 190000.0,
        "Special Income Charges": 46000000.0,
        "Other Special Charges": -46000000.0,
        "Impairment Of Capital Assets": NaN,
        "Gain On Sale Of Security": 2000.0,
        "Net Non Operating Interest Income Expense": 334000.0,
        "Total Other Finance Cost": -334000.0,
        "Interest Expense Non Operating": NaN,
        "Interest Income Non Operating": NaN,
        "Operating Income": -20408000.0,
        "Operating Expense": 42357000.0,
        "Research And Development": 4272000.0,
        "Selling General And Administration": 38085000.0,
        "Selling And Marketing Expense": 20849000.0,
        "General And Administrative Expense": 17236000.0,
        "Other Gand A": 17236000.0,
        "Gross Profit": 21949000.0,
        "Cost Of Revenue": 3346000.0,
        "Total Revenue": 25295000.0,
        "Operating Revenue": 25295000.0
    },
    "2024-09-30": {
        "Tax Effect Of Unusual Items": 0.0,
        "Tax Rate For Calcs": 0.21,
        "Normalized EBITDA": -16922000.0,
        "Total Unusual Items": 0.0,
        "Total Unusual Items Excluding Goodwill": 0.0,
        "Net Income From Continuing Operation Net Minority Interest": -21115000.0,
        "Reconciled Depreciation": 390000.0,
        "Reconciled Cost Of Revenue": 3373000.0,
        "EBITDA": -16922000.0,
        "EBIT": -17312000.0,
        "Net Interest Income": 242000.0,
        "Interest Expense": 3771000.0,
        "Interest Income": 4013000.0,
        "Normalized Income": -21115000.0,
        "Net Income From Continuing And Discontinued Operation": -21115000.0,
        "Total Expenses": 45556000.0,
        "Total Operating Income As Reported": -20992000.0,
        "Diluted Average Shares": 17531790.0,
        "Basic Average Shares": 17531790.0,
        "Diluted EPS": -1.2,
        "Basic EPS": -1.2,
        "Diluted NI Availto Com Stockholders": -21115000.0,
        "Net Income Common Stockholders": -21115000.0,
        "Net Income": -21115000.0,
        "Net Income Including Noncontrolling Interests": -21115000.0,
        "Net Income Continuous Operations": -21115000.0,
        "Tax Provision": 32000.0,
        "Pretax Income": -21083000.0,
        "Other Income Expense": -333000.0,
        "Other Non Operating Income Expenses": -333000.0,
        "Special Income Charges": 0.0,
        "Other Special Charges": NaN,
        "Impairment Of Capital Assets": 0.0,
        "Gain On Sale Of Security": NaN,
        "Net Non Operating Interest Income Expense": 242000.0,
        "Total Other Finance Cost": NaN,
        "Interest Expense Non Operating": 3771000.0,
        "Interest Income Non Operating": 4013000.0,
        "Operating Income": -20992000.0,
        "Operating Expense": 42183000.0,
        "Research And Development": 4742000.0,
        "Selling General And Administration": 37441000.0,
        "Selling And Marketing Expense": 19294000.0,
        "General And Administrative Expense": 18147000.0,
        "Other Gand A": 18147000.0,
        "Gross Profit": 21191000.0,
        "Cost Of Revenue": 3373000.0,
        "Total Revenue": 24564000.0,
        "Operating Revenue": 24564000.0
    }
}