{
    "2023-06-30": {
        "Tax Effect Of Unusual Items": 0.0,
        "Tax Rate For Calcs": 0.177,
        "Normalized EBITDA": 261704000.0,
        "Net Income From Continuing Operation Net Minority Interest": 152759000.0,
        "Reconciled Depreciation": 43971000.0,
        "Reconciled Cost Of Revenue": 951992000.0,
        "EBITDA": 261704000.0,
        "EBIT": 217733000.0,
        "Normalized Income": 152759000.0,
        "Net Income From Continuing And Discontinued Operation": 152759000.0,
        "Total Expenses": 1794783000.0,
        "Total Operating Income As Reported": 217733000.0,
        "Diluted Average Shares": 156571000.0,
        "Basic Average Shares": 154970000.0,
        "Diluted EPS": 0.98,
        "Basic EPS": 0.99,
        "Diluted NI Availto Com Stockholders": 152759000.0,
        "Net Income Common Stockholders": 152759000.0,
        "Net Income": 152759000.0,
        "Minority Interests": -28824000.0,
        "Net Income Including Noncontrolling Interests": 181583000.0,
        "Net Income Continuous Operations": 181583000.0,
        "Tax Provision": 38942000.0,
        "Pretax Income": 220525000.0,
        "Other Income Expense": 2792000.0,
        "Other Non Operating Income Expenses": 2792000.0,
        "Operating Income": 217733000.0,
        "Operating Expense": 842791000.0,
        "Selling General And Administration": 842791000.0,
        "Selling And Marketing Expense": 187118000.0,
        "General And Administrative Expense": 655673000.0,
        "Other Gand A": 655673000.0,
        "Gross Profit": 1060524000.0,
        "Cost Of Revenue": 951992000.0,
        "Total Revenue": 2012516000.0,
        "Operating Revenue": 2012516000.0
    },
    "2023-03-31": {
        "Tax Effect Of Unusual Items": 0.0,
        "Tax Rate For Calcs": 0.185,
        "Normalized EBITDA": 265001000.0,
        "Net Income From Continuing Operation Net Minority Interest": 160443000.0,
        "Reconciled Depreciation": 41424000.0,
        "Reconciled Cost Of Revenue": 1023349000.0,
        "EBITDA": 265001000.0,
        "EBIT": 223577000.0,
        "Normalized Income": 160443000.0,
        "Net Income From Continuing And Discontinued Operation": 160443000.0,
        "Total Expenses": 1778351000.0,
        "Total Operating Income As Reported": 223577000.0,
        "Diluted Average Shares": 156755000.0,
        "Basic Average Shares": 155140000.0,
        "Diluted EPS": 1.02,
        "Basic EPS": 1.03,
        "Diluted NI Availto Com Stockholders": 160443000.0,
        "Net Income Common Stockholders": 160443000.0,
        "Net Income": 160443000.0,
        "Minority Interests": -29841000.0,
        "Net Income Including Noncontrolling Interests": 190284000.0,
        "Net Income Continuous Operations": 190284000.0,
        "Tax Provision": 43216000.0,
        "Pretax Income": 233500000.0,
        "Other Income Expense": 9923000.0,
        "Other Non Operating Income Expenses": 9923000.0,
        "Operating Income": 223577000.0,
        "Operating Expense": 755002000.0,
        "Selling General And Administration": 755002000.0,
        "Selling And Marketing Expense": 128560000.0,
        "General And Administrative Expense": 626442000.0,
        "Other Gand A": 626442000.0,
        "Gross Profit": 978579000.0,
        "Cost Of Revenue": 1023349000.0,
        "Total Revenue": 2001928000.0,
        "Operating Revenue": 2001928000.0
    },
    "2022-12-31": {
        "Tax Effect Of Unusual Items": 0.0,
        "Tax Rate For Calcs": 0.096378,
        "Normalized EBITDA": 129665000.0,
        "Net Income From Continuing Operation Net Minority Interest": 75515000.0,
        "Reconciled Depreciation": 43028000.0,
        "Reconciled Cost Of Revenue": 969105000.0,
        "EBITDA": 129665000.0,
        "EBIT": 86637000.0,
        "Normalized Income": 75515000.0,
        "Net Income From Continuing And Discontinued Operation": 75515000.0,
        "Total Expenses": 1792148000.0,
        "Total Operating Income As Reported": 86637000.0,
        "Diluted Average Shares": 156278000.0,
        "Basic Average Shares": 155162000.0,
        "Diluted EPS": 0.48,
        "Basic EPS": 0.49,
        "Diluted NI Availto Com Stockholders": 75515000.0,
        "Net Income Common Stockholders": 75515000.0,
        "Net Income": 75515000.0,
        "Minority Interests": -16987000.0,
        "Net Income Including Noncontrolling Interests": 92502000.0,
        "Net Income Continuous Operations": 92502000.0,
        "Tax Provision": 9866000.0,
        "Pretax Income": 102368000.0,
        "Other Income Expense": 15731000.0,
        "Other Non Operating Income Expenses": 15731000.0,
        "Operating Income": 86637000.0,
        "Operating Expense": 823043000.0,
        "Selling General And Administration": 823043000.0,
        "Selling And Marketing Expense": 157951000.0,
        "General And Administrative Expense": 665092000.0,
        "Other Gand A": 665092000.0,
        "Gross Profit": 909680000.0,
        "Cost Of Revenue": 969105000.0,
        "Total Revenue": 1878785000.0,
        "Operating Revenue": 1878785000.0
    },
    "2022-09-30": {
        "Tax Effect Of Unusual Items": 0.0,
        "Tax Rate For Calcs": 0.179,
        "Normalized EBITDA": 129971000.0,
        "Net Income From Continuing Operation Net Minority Interest": 85886000.0,
        "Reconciled Depreciation": 38656000.0,
        "Reconciled Cost Of Revenue": 994432000.0,
        "EBITDA": 129971000.0,
        "EBIT": 129971000.0,
        "Normalized Income": 85886000.0,
        "Net Income From Continuing And Discontinued Operation": 85886000.0,
        "Total Expenses": 1748396000.0,
        "Total Operating Income As Reported": 129971000.0,
        "Diluted Average Shares": 156233000.0,
        "Basic Average Shares": 155420000.0,
        "Diluted EPS": 0.55,
        "Basic EPS": 0.55,
        "Diluted NI Availto Com Stockholders": 85886000.0,
        "Net Income Common Stockholders": 85886000.0,
        "Net Income": 85886000.0,
        "Minority Interests": -8448000.0,
        "Net Income Including Noncontrolling Interests": 94334000.0,
        "Net Income Continuous Operations": 94334000.0,
        "Tax Provision": 20498000.0,
        "Pretax Income": 114832000.0,
        "Other Income Expense": -15139000.0,
        "Other Non Operating Income Expenses": -15139000.0,
        "Operating Income": 129971000.0,
        "Operating Expense": 753964000.0,
        "Selling General And Administration": 753964000.0,
        "Selling And Marketing Expense": 150857000.0,
        "General And Administrative Expense": 603107000.0,
        "Other Gand A": 603107000.0,
        "Gross Profit": 883935000.0,
        "Cost Of Revenue": 994432000.0,
        "Total Revenue": 1878367000.0,
        "Operating Revenue": 1878367000.0
    },
    "2022-06-30": {
        "Tax Effect Of Unusual Items": 0.0,
        "Tax Rate For Calcs": 0.213,
        "Normalized EBITDA": 154158000.0,
        "Net Income From Continuing Operation Net Minority Interest": 90404000.0,
        "Reconciled Depreciation": 35516000.0,
        "Reconciled Cost Of Revenue": 970225000.0,
        "EBITDA": 154158000.0,
        "EBIT": 154158000.0,
        "Normalized Income": 90404000.0,
        "Net Income From Continuing And Discontinued Operation": 90404000.0,
        "Total Expenses": 1713646000.0,
        "Total Operating Income As Reported": 154158000.0,
        "Diluted Average Shares": 156748000.0,
        "Basic Average Shares": 155941000.0,
        "Diluted EPS": 0.58,
        "Basic EPS": 0.58,
        "Diluted NI Availto Com Stockholders": 90404000.0,
        "Net Income Common Stockholders": 90404000.0,
        "Net Income": 90404000.0,
        "Minority Interests": -15756000.0,
        "Net Income Including Noncontrolling Interests": 106160000.0,
        "Net Income Continuous Operations": 106160000.0,
        "Tax Provision": 28739000.0,
        "Pretax Income": 134899000.0,
        "Other Income Expense": -19259000.0,
        "Other Non Operating Income Expenses": -19259000.0,
        "Operating Income": 154158000.0,
        "Operating Expense": 743421000.0,
        "Selling General And Administration": 743421000.0,
        "Selling And Marketing Expense": 166609000.0,
        "General And Administrative Expense": 576812000.0,
        "Other Gand A": 576812000.0,
        "Gross Profit": 897579000.0,
        "Cost Of Revenue": 970225000.0,
        "Total Revenue": 1867804000.0,
        "Operating Revenue": 1867804000.0
    },
    "2022-03-31": {
        "Diluted EPS": 0.77,
        "Total Revenue": NaN,
        "Gross Profit": 824,
        "Operating Income": 176,
        "EBIT": 212,
        "Net Income": 121
    },
    "2021-12-31": {
        "Diluted EPS": 2.56,
        "Total Revenue": NaN,
        "Gross Profit": 808,
        "Operating Income": 93,
        "EBIT": 132,
        "Net Income": 402
    },
    "2021-09-30": {
        "Diluted EPS": 0.66,
        "Total Revenue": NaN,
        "Gross Profit": 777,
        "Operating Income": 146,
        "EBIT": 180,
        "Net Income": 103
    },
    "2021-06-30": {
        "Diluted EPS": 0.88,
        "Total Revenue": NaN,
        "Gross Profit": 854,
        "Operating Income": 201,
        "EBIT": 235,
        "Net Income": 137
    },
    "2021-03-31": {
        "Diluted EPS": 0.63,
        "Total Revenue": NaN,
        "Gross Profit": 686,
        "Operating Income": 158,
        "EBIT": 191,
        "Net Income": 99
    },
    "2020-12-31": {
        "Diluted EPS": 0.35,
        "Total Revenue": NaN,
        "Gross Profit": 664,
        "Operating Income": 58,
        "EBIT": 95,
        "Net Income": 53
    },
    "2020-09-30": {
        "Diluted EPS": 0.41,
        "Total Revenue": NaN,
        "Gross Profit": 625,
        "Operating Income": 92,
        "EBIT": 126,
        "Net Income": 64
    },
    "2020-06-30": {
        "Diluted EPS": -0.44,
        "Total Revenue": 729,
        "Gross Profit": 369,
        "Operating Income": -61,
        "EBIT": -29,
        "Net Income": -68
    },
    "2020-03-31": {
        "Diluted EPS": 0.32,
        "Total Revenue": NaN,
        "Gross Profit": 548,
        "Operating Income": 45,
        "EBIT": 84,
        "Net Income": 49
    },
    "2019-12-31": {
        "Diluted EPS": 0.38,
        "Total Revenue": NaN,
        "Gross Profit": 638,
        "Operating Income": 94,
        "EBIT": 125,
        "Net Income": 60
    },
    "2019-09-30": {
        "Diluted EPS": 0.67,
        "Total Revenue": NaN,
        "Gross Profit": 653,
        "Operating Income": 147,
        "EBIT": 176,
        "Net Income": 103
    },
    "2019-06-30": {
        "Diluted EPS": 0.49,
        "Total Revenue": NaN,
        "Gross Profit": 610,
        "Operating Income": 111,
        "EBIT": 136,
        "Net Income": 75
    },
    "2019-03-31": {
        "Diluted EPS": 0.71,
        "Total Revenue": NaN,
        "Gross Profit": 591,
        "Operating Income": 166,
        "EBIT": 193,
        "Net Income": 109
    },
    "2018-12-31": {
        "Diluted EPS": 0.3,
        "Total Revenue": NaN,
        "Gross Profit": 516,
        "Operating Income": 84,
        "EBIT": 112,
        "Net Income": 47
    },
    "2018-09-30": {
        "Diluted EPS": 0.58,
        "Total Revenue": NaN,
        "Gross Profit": 564,
        "Operating Income": 124,
        "EBIT": 151,
        "Net Income": 91
    },
    "2018-06-30": {
        "Diluted EPS": 0.29,
        "Total Revenue": NaN,
        "Gross Profit": 561,
        "Operating Income": 81,
        "EBIT": 109,
        "Net Income": 45
    },
    "2018-03-31": {
        "Diluted EPS": 0.75,
        "Total Revenue": NaN,
        "Gross Profit": 583,
        "Operating Income": 149,
        "EBIT": 176,
        "Net Income": 118
    },
    "2017-12-31": {
        "Diluted EPS": -0.43,
        "Total Revenue": 971,
        "Gross Profit": 454,
        "Operating Income": 56,
        "EBIT": 82,
        "Net Income": -67
    },
    "2017-09-30": {
        "Diluted EPS": 0.59,
        "Total Revenue": NaN,
        "Gross Profit": 520,
        "Operating Income": 116,
        "EBIT": 141,
        "Net Income": 92
    },
    "2017-06-30": {
        "Diluted EPS": 0.38,
        "Total Revenue": NaN,
        "Gross Profit": 488,
        "Operating Income": 86,
        "EBIT": 110,
        "Net Income": 60
    },
    "2017-03-31": {
        "Diluted EPS": 0.6,
        "Total Revenue": NaN,
        "Gross Profit": 476,
        "Operating Income": 124,
        "EBIT": 147,
        "Net Income": 94
    },
    "2016-12-31": {
        "Diluted EPS": 0.04,
        "Total Revenue": 764,
        "Gross Profit": 356,
        "Operating Income": 28,
        "EBIT": 50,
        "Net Income": 7
    },
    "2016-09-30": {
        "Diluted EPS": 0.42,
        "Total Revenue": 942,
        "Gross Profit": 430,
        "Operating Income": 103,
        "EBIT": 124,
        "Net Income": 65
    },
    "2016-06-30": {
        "Diluted EPS": 0.48,
        "Total Revenue": 878,
        "Gross Profit": 416,
        "Operating Income": 100,
        "EBIT": 119,
        "Net Income": 74
    },
    "2016-03-31": {
        "Diluted EPS": 0.63,
        "Total Revenue": 979,
        "Gross Profit": 432,
        "Operating Income": 139,
        "EBIT": 156,
        "Net Income": 98
    },
    "2015-12-31": {
        "Diluted EPS": 0.18,
        "Total Revenue": 723,
        "Gross Profit": 330,
        "Operating Income": 55,
        "EBIT": 65,
        "Net Income": 29
    },
    "2015-09-30": {
        "Diluted EPS": 0.43,
        "Total Revenue": 856,
        "Gross Profit": 387,
        "Operating Income": 96,
        "EBIT": 111,
        "Net Income": 67
    },
    "2015-06-30": {
        "Diluted EPS": 0.52,
        "Total Revenue": 800,
        "Gross Profit": 375,
        "Operating Income": 112,
        "EBIT": 127,
        "Net Income": 80
    },
    "2015-03-31": {
        "Diluted EPS": 0.37,
        "Total Revenue": 768,
        "Gross Profit": 333,
        "Operating Income": 88,
        "EBIT": 102,
        "Net Income": 56
    },
    "2014-12-31": {
        "Diluted EPS": 0.15,
        "Total Revenue": 570,
        "Gross Profit": 258,
        "Operating Income": 33,
        "EBIT": 46,
        "Net Income": 22
    },
    "2014-09-30": {
        "Diluted EPS": 0.33,
        "Total Revenue": 674,
        "Gross Profit": 304,
        "Operating Income": 74,
        "EBIT": 87,
        "Net Income": 51
    },
    "2014-06-30": {
        "Diluted EPS": 0.23,
        "Total Revenue": 587,
        "Gross Profit": 269,
        "Operating Income": 54,
        "EBIT": 66,
        "Net Income": 35
    },
    "2014-03-31": {
        "Diluted EPS": 0.2,
        "Total Revenue": 547,
        "Gross Profit": 240,
        "Operating Income": 48,
        "EBIT": 60,
        "Net Income": 31
    },
    "2013-12-31": {
        "Diluted EPS": 0.09,
        "Total Revenue": 451,
        "Gross Profit": 201,
        "Operating Income": 17,
        "EBIT": 29,
        "Net Income": 14
    },
    "2013-09-30": {
        "Diluted EPS": 0.18,
        "Total Revenue": 516,
        "Gross Profit": 231,
        "Operating Income": 44,
        "EBIT": 55,
        "Net Income": 27
    },
    "2013-06-30": {
        "Diluted EPS": 0.05,
        "Total Revenue": 428,
        "Gross Profit": 195,
        "Operating Income": 17,
        "EBIT": 28,
        "Net Income": 7
    },
    "2013-03-31": {
        "Diluted EPS": 0.04,
        "Total Revenue": 452,
        "Gross Profit": 193,
        "Operating Income": 15,
        "EBIT": 26,
        "Net Income": 7
    },
    "2012-12-31": {
        "Diluted EPS": 0.03,
        "Total Revenue": 396,
        "Gross Profit": 168,
        "Operating Income": 8,
        "EBIT": 19,
        "Net Income": 4
    },
    "2012-09-30": {
        "Diluted EPS": 0.07,
        "Total Revenue": 429,
        "Gross Profit": 188,
        "Operating Income": 20,
        "EBIT": 31,
        "Net Income": 11
    },
    "2012-06-30": {
        "Diluted EPS": -0.01,
        "Total Revenue": 384,
        "Gross Profit": 171,
        "Operating Income": -2,
        "EBIT": 10,
        "Net Income": -2
    },
    "2012-03-31": {
        "Diluted EPS": -0.02,
        "Total Revenue": 351,
        "Gross Profit": 156,
        "Operating Income": -4,
        "EBIT": 6,
        "Net Income": -4
    },
    "2011-12-31": {
        "Diluted EPS": -0.39,
        "Total Revenue": 283,
        "Gross Profit": 113,
        "Operating Income": -103,
        "EBIT": -92,
        "Net Income": -58
    },
    "2011-09-30": {
        "Diluted EPS": 0.06,
        "Total Revenue": 412,
        "Gross Profit": 175,
        "Operating Income": 2,
        "EBIT": 11,
        "Net Income": 8
    },
    "2011-06-30": {
        "Diluted EPS": -0.21,
        "Total Revenue": 434,
        "Gross Profit": 143,
        "Operating Income": -48,
        "EBIT": -40,
        "Net Income": -30
    },
    "2011-03-31": {
        "Diluted EPS": 0.08,
        "Total Revenue": 476,
        "Gross Profit": 193,
        "Operating Income": 15,
        "EBIT": 23,
        "Net Income": 12
    },
    "2010-12-31": {
        "Diluted EPS": 0.02,
        "Total Revenue": 455,
        "Gross Profit": 184,
        "Operating Income": 0,
        "EBIT": 8,
        "Net Income": 3
    },
    "2010-09-30": {
        "Diluted EPS": 0.25,
        "Total Revenue": 555,
        "Gross Profit": 253,
        "Operating Income": 56,
        "EBIT": 63,
        "Net Income": 36
    },
    "2010-06-30": {
        "Diluted EPS": 0.27,
        "Total Revenue": 505,
        "Gross Profit": 238,
        "Operating Income": 59,
        "EBIT": 65,
        "Net Income": 40
    },
    "2010-03-31": {
        "Diluted EPS": 0.38,
        "Total Revenue": 493,
        "Gross Profit": 237,
        "Operating Income": 81,
        "EBIT": 87,
        "Net Income": 56
    },
    "2009-12-31": {
        "Diluted EPS": 0.2,
        "Total Revenue": 389,
        "Gross Profit": 189,
        "Operating Income": 39,
        "EBIT": 45,
        "Net Income": 28
    },
    "2009-09-30": {
        "Diluted EPS": 0.17,
        "Total Revenue": 405,
        "Gross Profit": 184,
        "Operating Income": 32,
        "EBIT": 38,
        "Net Income": 24
    },
    "2009-06-30": {
        "Diluted EPS": -0.04,
        "Total Revenue": 299,
        "Gross Profit": 123,
        "Operating Income": -8,
        "EBIT": -3,
        "Net Income": -6
    },
    "2009-03-31": {
        "Diluted EPS": 0.06,
        "Total Revenue": 343,
        "Gross Profit": 125,
        "Operating Income": 6,
        "EBIT": 11,
        "Net Income": 8
    },
    "2023-09-30": {
        "Tax Effect Of Unusual Items": 0.0,
        "Tax Rate For Calcs": 0.195,
        "Normalized EBITDA": 259323000.0,
        "Net Income From Continuing Operation Net Minority Interest": 145415000.0,
        "Reconciled Depreciation": 46140000.0,
        "Reconciled Cost Of Revenue": 953040000.0,
        "EBITDA": 259323000.0,
        "EBIT": 213183000.0,
        "Normalized Income": 145415000.0,
        "Net Income From Continuing And Discontinued Operation": 145415000.0,
        "Total Expenses": 1811775000.0,
        "Total Operating Income As Reported": 213183000.0,
        "Diluted Average Shares": 156200000.0,
        "Basic Average Shares": 154525000.0,
        "Diluted EPS": 0.93,
        "Basic EPS": 0.94,
        "Diluted NI Availto Com Stockholders": 145415000.0,
        "Net Income Common Stockholders": 145415000.0,
        "Net Income": 145415000.0,
        "Minority Interests": -20511000.0,
        "Net Income Including Noncontrolling Interests": 165926000.0,
        "Net Income Continuous Operations": 165926000.0,
        "Tax Provision": 40202000.0,
        "Pretax Income": 206128000.0,
        "Other Income Expense": -7055000.0,
        "Other Non Operating Income Expenses": -7055000.0,
        "Operating Income": 213183000.0,
        "Operating Expense": 858735000.0,
        "Selling General And Administration": 858735000.0,
        "Selling And Marketing Expense": 178286000.0,
        "General And Administrative Expense": 680449000.0,
        "Other Gand A": 680449000.0,
        "Gross Profit": 1071918000.0,
        "Cost Of Revenue": 953040000.0,
        "Total Revenue": 2024958000.0,
        "Operating Revenue": 2024958000.0
    },
    "2023-12-31": {
        "Tax Effect Of Unusual Items": 0.0,
        "Tax Rate For Calcs": 0.203164,
        "Normalized EBITDA": 180683000.0,
        "Net Income From Continuing Operation Net Minority Interest": 87182000.0,
        "Reconciled Depreciation": 50390000.0,
        "Reconciled Cost Of Revenue": 919557000.0,
        "EBITDA": 180683000.0,
        "EBIT": 130293000.0,
        "Normalized Income": 87182000.0,
        "Net Income From Continuing And Discontinued Operation": 87182000.0,
        "Total Expenses": 1830647000.0,
        "Total Operating Income As Reported": 130293000.0,
        "Diluted Average Shares": 155571000.0,
        "Basic Average Shares": 153516000.0,
        "Diluted EPS": 0.56,
        "Basic EPS": 0.57,
        "Diluted NI Availto Com Stockholders": 87182000.0,
        "Net Income Common Stockholders": 87182000.0,
        "Net Income": 87182000.0,
        "Minority Interests": -24948000.0,
        "Net Income Including Noncontrolling Interests": 112130000.0,
        "Net Income Continuous Operations": 112130000.0,
        "Tax Provision": 28589000.0,
        "Pretax Income": 140719000.0,
        "Other Income Expense": 10426000.0,
        "Other Non Operating Income Expenses": 10426000.0,
        "Operating Income": 130293000.0,
        "Operating Expense": 911090000.0,
        "Selling General And Administration": 911090000.0,
        "Selling And Marketing Expense": 182926000.0,
        "General And Administrative Expense": 728164000.0,
        "Other Gand A": 728164000.0,
        "Gross Profit": 1041383000.0,
        "Cost Of Revenue": 919557000.0,
        "Total Revenue": 1960940000.0,
        "Operating Revenue": 1960940000.0
    },
    "2024-03-31": {
        "Tax Effect Of Unusual Items": 0.0,
        "Tax Rate For Calcs": 0.19,
        "Normalized EBITDA": 348123000.0,
        "Net Income From Continuing Operation Net Minority Interest": 206622000.0,
        "Reconciled Depreciation": 49325000.0,
        "Reconciled Cost Of Revenue": 1069953000.0,
        "EBITDA": 348123000.0,
        "EBIT": 298798000.0,
        "Normalized Income": 206622000.0,
        "Net Income From Continuing And Discontinued Operation": 206622000.0,
        "Total Expenses": 1952789000.0,
        "Total Operating Income As Reported": 298798000.0,
        "Diluted Average Shares": 155119000.0,
        "Basic Average Shares": 152918000.0,
        "Diluted EPS": 1.33,
        "Basic EPS": 1.35,
        "Diluted NI Availto Com Stockholders": 206622000.0,
        "Net Income Common Stockholders": 206622000.0,
        "Net Income": 206622000.0,
        "Minority Interests": -33756000.0,
        "Net Income Including Noncontrolling Interests": 240378000.0,
        "Net Income Continuous Operations": 240378000.0,
        "Tax Provision": 56370000.0,
        "Pretax Income": 296748000.0,
        "Other Income Expense": -2050000.0,
        "Other Non Operating Income Expenses": -2050000.0,
        "Operating Income": 298798000.0,
        "Operating Expense": 882836000.0,
        "Selling General And Administration": 882836000.0,
        "Selling And Marketing Expense": 156501000.0,
        "General And Administrative Expense": 726335000.0,
        "Other Gand A": 726335000.0,
        "Gross Profit": 1181634000.0,
        "Cost Of Revenue": 1069953000.0,
        "Total Revenue": 2251587000.0,
        "Operating Revenue": 2251587000.0
    },
    "2024-06-30": {
        "Tax Effect Of Unusual Items": 0.0,
        "Tax Rate For Calcs": 0.197,
        "Normalized EBITDA": 256867000.0,
        "Net Income From Continuing Operation Net Minority Interest": 140302000.0,
        "Reconciled Depreciation": 50336000.0,
        "Reconciled Cost Of Revenue": 973206000.0,
        "EBITDA": 256867000.0,
        "EBIT": 206531000.0,
        "Normalized Income": 140302000.0,
        "Net Income From Continuing And Discontinued Operation": 140302000.0,
        "Total Expenses": 1951112000.0,
        "Total Operating Income As Reported": 206531000.0,
        "Diluted Average Shares": 154176000.0,
        "Basic Average Shares": 152503000.0,
        "Diluted EPS": 0.91,
        "Basic EPS": 0.92,
        "Diluted NI Availto Com Stockholders": 140302000.0,
        "Net Income Common Stockholders": 140302000.0,
        "Net Income": 140302000.0,
        "Minority Interests": -24222000.0,
        "Net Income Including Noncontrolling Interests": 164524000.0,
        "Net Income Continuous Operations": 164524000.0,
        "Tax Provision": 40355000.0,
        "Pretax Income": 204879000.0,
        "Other Income Expense": -1652000.0,
        "Other Non Operating Income Expenses": -1652000.0,
        "Operating Income": 206531000.0,
        "Operating Expense": 977906000.0,
        "Selling General And Administration": 977906000.0,
        "Selling And Marketing Expense": 235870000.0,
        "General And Administrative Expense": 742036000.0,
        "Other Gand A": 742036000.0,
        "Gross Profit": 1184437000.0,
        "Cost Of Revenue": 973206000.0,
        "Total Revenue": 2157643000.0,
        "Operating Revenue": 2157643000.0
    },
    "2024-09-30": {
        "Tax Effect Of Unusual Items": 0.0,
        "Tax Rate For Calcs": 0.146775,
        "Normalized EBITDA": 287086000.0,
        "Net Income From Continuing Operation Net Minority Interest": 193221000.0,
        "Reconciled Depreciation": 53662000.0,
        "Reconciled Cost Of Revenue": 1124659000.0,
        "EBITDA": 287086000.0,
        "EBIT": 233424000.0,
        "Normalized Income": 193221000.0,
        "Net Income From Continuing And Discontinued Operation": 193221000.0,
        "Total Expenses": 2114281000.0,
        "Total Operating Income As Reported": 233424000.0,
        "Diluted Average Shares": 153662000.0,
        "Basic Average Shares": 151831000.0,
        "Diluted EPS": 1.26,
        "Basic EPS": 1.27,
        "Diluted NI Availto Com Stockholders": 193221000.0,
        "Net Income Common Stockholders": 193221000.0,
        "Net Income": 193221000.0,
        "Minority Interests": -16088000.0,
        "Net Income Including Noncontrolling Interests": 209309000.0,
        "Net Income Continuous Operations": 209309000.0,
        "Tax Provision": 36006000.0,
        "Pretax Income": 245315000.0,
        "Other Income Expense": 11891000.0,
        "Other Non Operating Income Expenses": 11891000.0,
        "Operating Income": 233424000.0,
        "Operating Expense": 989622000.0,
        "Selling General And Administration": 989622000.0,
        "Selling And Marketing Expense": 211162000.0,
        "General And Administrative Expense": 778460000.0,
        "Other Gand A": 778460000.0,
        "Gross Profit": 1223046000.0,
        "Cost Of Revenue": 1124659000.0,
        "Total Revenue": 2347705000.0,
        "Operating Revenue": 2347705000.0
    }
}