{
    "2023-06-30": {
        "Tax Effect Of Unusual Items": 0.0,
        "Tax Rate For Calcs": 0.125758,
        "Normalized EBITDA": 51355000.0,
        "Net Income From Continuing Operation Net Minority Interest": 15419000.0,
        "Reconciled Cost Of Revenue": 619763000.0,
        "EBITDA": 51355000.0,
        "EBIT": 51355000.0,
        "Net Interest Income": -23224000.0,
        "Interest Expense": 33718000.0,
        "Interest Income": 10494000.0,
        "Normalized Income": 15419000.0,
        "Net Income From Continuing And Discontinued Operation": 15419000.0,
        "Total Expenses": 693783000.0,
        "Rent Expense Supplemental": 2428000.0,
        "Total Operating Income As Reported": 31860000.0,
        "Diluted Average Shares": 44219000.0,
        "Basic Average Shares": 43837000.0,
        "Diluted EPS": 0.35,
        "Basic EPS": 0.35,
        "Diluted NI Availto Com Stockholders": 15419000.0,
        "Net Income Common Stockholders": 15419000.0,
        "Net Income": 15419000.0,
        "Net Income Including Noncontrolling Interests": 15419000.0,
        "Net Income Continuous Operations": 15419000.0,
        "Tax Provision": 2218000.0,
        "Pretax Income": 17637000.0,
        "Other Income Expense": 9001000.0,
        "Other Non Operating Income Expenses": 9001000.0,
        "Net Non Operating Interest Income Expense": -23224000.0,
        "Interest Expense Non Operating": 33718000.0,
        "Interest Income Non Operating": 10494000.0,
        "Operating Income": 31860000.0,
        "Operating Expense": 74020000.0,
        "Other Operating Expenses": 74020000.0,
        "Gross Profit": 105880000.0,
        "Cost Of Revenue": 619763000.0,
        "Total Revenue": 725643000.0,
        "Operating Revenue": 725643000.0
    },
    "2023-03-31": {
        "Tax Effect Of Unusual Items": 0.0,
        "Tax Rate For Calcs": 0.155,
        "Normalized EBITDA": 7503000.0,
        "Total Unusual Items": NaN,
        "Total Unusual Items Excluding Goodwill": NaN,
        "Net Income From Continuing Operation Net Minority Interest": -22071000.0,
        "Reconciled Cost Of Revenue": 630363000.0,
        "EBITDA": 7503000.0,
        "EBIT": 7503000.0,
        "Net Interest Income": -23587000.0,
        "Interest Expense": 33620000.0,
        "Interest Income": 10033000.0,
        "Normalized Income": -22071000.0,
        "Net Income From Continuing And Discontinued Operation": -22071000.0,
        "Total Expenses": 696535000.0,
        "Rent Expense Supplemental": 19528000.0,
        "Total Operating Income As Reported": -4704000.0,
        "Diluted Average Shares": 49391000.0,
        "Basic Average Shares": 49391000.0,
        "Diluted EPS": -0.45,
        "Basic EPS": -0.45,
        "Diluted NI Availto Com Stockholders": -22071000.0,
        "Net Income Common Stockholders": -22071000.0,
        "Net Income": -22071000.0,
        "Net Income Including Noncontrolling Interests": -22071000.0,
        "Net Income Continuous Operations": -22071000.0,
        "Tax Provision": -4046000.0,
        "Pretax Income": -26117000.0,
        "Other Income Expense": 2174000.0,
        "Other Non Operating Income Expenses": 2174000.0,
        "Special Income Charges": NaN,
        "Net Non Operating Interest Income Expense": -23587000.0,
        "Interest Expense Non Operating": 33620000.0,
        "Interest Income Non Operating": 10033000.0,
        "Operating Income": -4704000.0,
        "Operating Expense": 66172000.0,
        "Other Operating Expenses": 66172000.0,
        "Gross Profit": 61468000.0,
        "Cost Of Revenue": 630363000.0,
        "Total Revenue": 691831000.0,
        "Operating Revenue": 691831000.0
    },
    "2022-12-31": {
        "Tax Effect Of Unusual Items": NaN,
        "Tax Rate For Calcs": NaN,
        "Normalized EBITDA": NaN,
        "Total Unusual Items": 0.0,
        "Total Unusual Items Excluding Goodwill": 0.0,
        "Net Income From Continuing Operation Net Minority Interest": NaN,
        "Reconciled Cost Of Revenue": NaN,
        "EBITDA": NaN,
        "EBIT": NaN,
        "Net Interest Income": NaN,
        "Interest Expense": NaN,
        "Interest Income": NaN,
        "Normalized Income": NaN,
        "Net Income From Continuing And Discontinued Operation": NaN,
        "Total Expenses": NaN,
        "Rent Expense Supplemental": NaN,
        "Total Operating Income As Reported": NaN,
        "Diluted Average Shares": NaN,
        "Basic Average Shares": NaN,
        "Diluted EPS": NaN,
        "Basic EPS": NaN,
        "Diluted NI Availto Com Stockholders": NaN,
        "Net Income Common Stockholders": NaN,
        "Net Income": NaN,
        "Net Income Including Noncontrolling Interests": NaN,
        "Net Income Continuous Operations": NaN,
        "Tax Provision": NaN,
        "Pretax Income": NaN,
        "Other Income Expense": NaN,
        "Other Non Operating Income Expenses": NaN,
        "Special Income Charges": 0.0,
        "Net Non Operating Interest Income Expense": NaN,
        "Interest Expense Non Operating": NaN,
        "Interest Income Non Operating": NaN,
        "Operating Income": NaN,
        "Operating Expense": NaN,
        "Other Operating Expenses": NaN,
        "Gross Profit": NaN,
        "Cost Of Revenue": NaN,
        "Total Revenue": NaN,
        "Operating Revenue": NaN
    },
    "2022-09-30": {
        "Tax Effect Of Unusual Items": NaN,
        "Tax Rate For Calcs": NaN,
        "Normalized EBITDA": NaN,
        "Total Unusual Items": 0.0,
        "Total Unusual Items Excluding Goodwill": 0.0,
        "Net Income From Continuing Operation Net Minority Interest": NaN,
        "Reconciled Cost Of Revenue": NaN,
        "EBITDA": NaN,
        "EBIT": NaN,
        "Net Interest Income": NaN,
        "Interest Expense": NaN,
        "Interest Income": NaN,
        "Normalized Income": NaN,
        "Net Income From Continuing And Discontinued Operation": NaN,
        "Total Expenses": NaN,
        "Rent Expense Supplemental": NaN,
        "Total Operating Income As Reported": NaN,
        "Diluted Average Shares": NaN,
        "Basic Average Shares": NaN,
        "Diluted EPS": NaN,
        "Basic EPS": NaN,
        "Diluted NI Availto Com Stockholders": NaN,
        "Net Income Common Stockholders": NaN,
        "Net Income": NaN,
        "Net Income Including Noncontrolling Interests": NaN,
        "Net Income Continuous Operations": NaN,
        "Tax Provision": NaN,
        "Pretax Income": NaN,
        "Other Income Expense": NaN,
        "Other Non Operating Income Expenses": NaN,
        "Special Income Charges": 0.0,
        "Write Off": 0.0,
        "Impairment Of Capital Assets": 0.0,
        "Net Non Operating Interest Income Expense": NaN,
        "Interest Expense Non Operating": NaN,
        "Interest Income Non Operating": NaN,
        "Operating Income": NaN,
        "Operating Expense": NaN,
        "Other Operating Expenses": NaN,
        "Gross Profit": NaN,
        "Cost Of Revenue": NaN,
        "Total Revenue": NaN,
        "Operating Revenue": NaN
    },
    "2022-06-30": {
        "Tax Effect Of Unusual Items": 0.0,
        "Tax Rate For Calcs": 0.258375,
        "Normalized EBITDA": 103180000.0,
        "Total Unusual Items": NaN,
        "Total Unusual Items Excluding Goodwill": NaN,
        "Net Income From Continuing Operation Net Minority Interest": 53951000.0,
        "Reconciled Cost Of Revenue": 626028000.0,
        "EBITDA": 103180000.0,
        "EBIT": 103180000.0,
        "Net Interest Income": -27874000.0,
        "Interest Expense": 30433000.0,
        "Interest Income": 2559000.0,
        "Normalized Income": 53951000.0,
        "Net Income From Continuing And Discontinued Operation": 53951000.0,
        "Total Expenses": 710483000.0,
        "Rent Expense Supplemental": 16024000.0,
        "Total Operating Income As Reported": 88602000.0,
        "Diluted Average Shares": 50566000.0,
        "Basic Average Shares": 50522000.0,
        "Diluted EPS": 1.07,
        "Basic EPS": 1.07,
        "Diluted NI Availto Com Stockholders": 53951000.0,
        "Net Income Common Stockholders": 53951000.0,
        "Net Income": 53951000.0,
        "Net Income Including Noncontrolling Interests": 53951000.0,
        "Net Income Continuous Operations": 53951000.0,
        "Tax Provision": 18796000.0,
        "Pretax Income": 72747000.0,
        "Other Income Expense": 12019000.0,
        "Other Non Operating Income Expenses": 12019000.0,
        "Special Income Charges": NaN,
        "Write Off": NaN,
        "Net Non Operating Interest Income Expense": -27874000.0,
        "Interest Expense Non Operating": 30433000.0,
        "Interest Income Non Operating": 2559000.0,
        "Operating Income": 88602000.0,
        "Operating Expense": 84455000.0,
        "Other Operating Expenses": 84455000.0,
        "Gross Profit": 173057000.0,
        "Cost Of Revenue": 626028000.0,
        "Total Revenue": 799085000.0,
        "Operating Revenue": 799085000.0
    },
    "2022-03-31": {
        "Diluted EPS": 0.35,
        "Total Revenue": 735,
        "Gross Profit": 526,
        "Operating Income": 52,
        "EBIT": 52,
        "Net Income": 18
    },
    "2021-12-31": {
        "Diluted EPS": 0.08,
        "Total Revenue": 777,
        "Gross Profit": 486,
        "Operating Income": 33,
        "EBIT": 33,
        "Net Income": 4
    },
    "2021-09-30": {
        "Diluted EPS": 0.19,
        "Total Revenue": 745,
        "Gross Profit": 460,
        "Operating Income": 47,
        "EBIT": 47,
        "Net Income": 10
    },
    "2021-06-30": {
        "Diluted EPS": 1.22,
        "Total Revenue": 657,
        "Gross Profit": 402,
        "Operating Income": 115,
        "EBIT": 115,
        "Net Income": 62
    },
    "2021-03-31": {
        "Diluted EPS": 0.71,
        "Total Revenue": 535,
        "Gross Profit": 272,
        "Operating Income": 81,
        "EBIT": 81,
        "Net Income": 36
    },
    "2020-12-31": {
        "Diluted EPS": -0.91,
        "Total Revenue": 590,
        "Gross Profit": 347,
        "Operating Income": -28,
        "EBIT": -28,
        "Net Income": -46
    },
    "2020-09-30": {
        "Diluted EPS": 0.66,
        "Total Revenue": 457,
        "Gross Profit": 260,
        "Operating Income": 75,
        "EBIT": 75,
        "Net Income": 34
    },
    "2020-06-30": {
        "Diluted EPS": -0.51,
        "Total Revenue": 350,
        "Gross Profit": 184,
        "Operating Income": -4,
        "EBIT": -4,
        "Net Income": -26
    },
    "2020-03-31": {
        "Diluted EPS": 0.59,
        "Total Revenue": 730,
        "Gross Profit": 497,
        "Operating Income": 66,
        "EBIT": 66,
        "Net Income": 30
    },
    "2019-12-31": {
        "Diluted EPS": 1.43,
        "Total Revenue": 744,
        "Gross Profit": 529,
        "Operating Income": 125,
        "EBIT": 125,
        "Net Income": 73
    },
    "2019-09-30": {
        "Diluted EPS": 1.79,
        "Total Revenue": 760,
        "Gross Profit": 550,
        "Operating Income": 146,
        "EBIT": 146,
        "Net Income": 91
    },
    "2019-06-30": {
        "Diluted EPS": 1.71,
        "Total Revenue": 744,
        "Gross Profit": 540,
        "Operating Income": 144,
        "EBIT": 144,
        "Net Income": 88
    },
    "2019-03-31": {
        "Diluted EPS": 1.69,
        "Total Revenue": 724,
        "Gross Profit": 529,
        "Operating Income": 96,
        "EBIT": 96,
        "Net Income": 88
    },
    "2018-12-31": {
        "Diluted EPS": 1.27,
        "Total Revenue": 803,
        "Gross Profit": 576,
        "Operating Income": 122,
        "EBIT": 122,
        "Net Income": 67
    },
    "2018-09-30": {
        "Diluted EPS": 1.57,
        "Total Revenue": 829,
        "Gross Profit": 594,
        "Operating Income": 138,
        "EBIT": 138,
        "Net Income": 83
    },
    "2018-06-30": {
        "Diluted EPS": 1.43,
        "Total Revenue": 806,
        "Gross Profit": 572,
        "Operating Income": 127,
        "EBIT": 127,
        "Net Income": 76
    },
    "2018-03-31": {
        "Diluted EPS": 1.03,
        "Total Revenue": 783,
        "Gross Profit": 541,
        "Operating Income": 88,
        "EBIT": 88,
        "Net Income": 54
    },
    "2017-12-31": {
        "Diluted EPS": 5.47,
        "Total Revenue": 771,
        "Gross Profit": 526,
        "Operating Income": 93,
        "EBIT": 93,
        "Net Income": 290
    },
    "2017-09-30": {
        "Diluted EPS": 1.01,
        "Total Revenue": 813,
        "Gross Profit": 556,
        "Operating Income": 112,
        "EBIT": 112,
        "Net Income": 54
    },
    "2017-06-30": {
        "Diluted EPS": 0.95,
        "Total Revenue": 792,
        "Gross Profit": 535,
        "Operating Income": 107,
        "EBIT": 107,
        "Net Income": 50
    },
    "2017-03-31": {
        "Diluted EPS": 0.65,
        "Total Revenue": 747,
        "Gross Profit": 507,
        "Operating Income": 76,
        "EBIT": 76,
        "Net Income": 35
    },
    "2016-12-31": {
        "Diluted EPS": -5.22,
        "Total Revenue": 701,
        "Gross Profit": 397,
        "Operating Income": -404,
        "EBIT": -404,
        "Net Income": -270
    },
    "2016-09-30": {
        "Diluted EPS": 0.79,
        "Total Revenue": 800,
        "Gross Profit": 557,
        "Operating Income": 86,
        "EBIT": 86,
        "Net Income": 41
    },
    "2016-06-30": {
        "Diluted EPS": 0.77,
        "Total Revenue": 801,
        "Gross Profit": 554,
        "Operating Income": 84,
        "EBIT": 84,
        "Net Income": 40
    },
    "2016-03-31": {
        "Diluted EPS": 0.52,
        "Total Revenue": 762,
        "Gross Profit": 531,
        "Operating Income": 62,
        "EBIT": 62,
        "Net Income": 27
    },
    "2015-12-31": {
        "Diluted EPS": 0.77,
        "Total Revenue": 753,
        "Gross Profit": 515,
        "Operating Income": 52,
        "EBIT": 52,
        "Net Income": 40
    },
    "2015-09-30": {
        "Diluted EPS": 0.71,
        "Total Revenue": 794,
        "Gross Profit": 547,
        "Operating Income": 78,
        "EBIT": 78,
        "Net Income": 36
    },
    "2015-06-30": {
        "Diluted EPS": 0.61,
        "Total Revenue": 788,
        "Gross Profit": 532,
        "Operating Income": 70,
        "EBIT": 70,
        "Net Income": 31
    },
    "2015-03-31": {
        "Diluted EPS": 0.18,
        "Total Revenue": 760,
        "Gross Profit": 504,
        "Operating Income": 34,
        "EBIT": 34,
        "Net Income": 10
    },
    "2014-12-31": {
        "Diluted EPS": -0.53,
        "Total Revenue": 814,
        "Gross Profit": 530,
        "Operating Income": -20,
        "EBIT": -20,
        "Net Income": -28
    },
    "2014-09-30": {
        "Diluted EPS": 0.79,
        "Total Revenue": 835,
        "Gross Profit": 553,
        "Operating Income": 59,
        "EBIT": 59,
        "Net Income": 41
    },
    "2014-06-30": {
        "Diluted EPS": -0.29,
        "Total Revenue": 817,
        "Gross Profit": 507,
        "Operating Income": 13,
        "EBIT": 13,
        "Net Income": -15
    },
    "2014-03-31": {
        "Diluted EPS": -0.44,
        "Total Revenue": 772,
        "Gross Profit": 467,
        "Operating Income": -28,
        "EBIT": -28,
        "Net Income": -23
    },
    "2013-12-31": {
        "Diluted EPS": 0.17,
        "Total Revenue": 804,
        "Gross Profit": 506,
        "Operating Income": 31,
        "EBIT": 31,
        "Net Income": 9
    },
    "2013-09-30": {
        "Diluted EPS": 0.5,
        "Total Revenue": 851,
        "Gross Profit": 543,
        "Operating Income": 56,
        "EBIT": 56,
        "Net Income": 26
    },
    "2013-06-30": {
        "Diluted EPS": 0.39,
        "Total Revenue": 839,
        "Gross Profit": 539,
        "Operating Income": 51,
        "EBIT": 51,
        "Net Income": 21
    },
    "2013-03-31": {
        "Diluted EPS": 0.06,
        "Total Revenue": 803,
        "Gross Profit": 504,
        "Operating Income": 16,
        "EBIT": 16,
        "Net Income": 3
    },
    "2012-12-31": {
        "Diluted EPS": 0.27,
        "Total Revenue": 811,
        "Gross Profit": 525,
        "Operating Income": 44,
        "EBIT": 44,
        "Net Income": 14
    },
    "2012-09-30": {
        "Diluted EPS": 0.4,
        "Total Revenue": 865,
        "Gross Profit": 547,
        "Operating Income": 55,
        "EBIT": 55,
        "Net Income": 21
    },
    "2012-06-30": {
        "Diluted EPS": 0.33,
        "Total Revenue": 937,
        "Gross Profit": 533,
        "Operating Income": 47,
        "EBIT": 47,
        "Net Income": 17
    },
    "2012-03-31": {
        "Diluted EPS": -0.01,
        "Total Revenue": 921,
        "Gross Profit": 509,
        "Operating Income": 20,
        "EBIT": 20,
        "Net Income": -1
    },
    "2011-12-31": {
        "Diluted EPS": -0.34,
        "Total Revenue": 900,
        "Gross Profit": 486,
        "Operating Income": -5,
        "EBIT": -5,
        "Net Income": -18
    },
    "2011-09-30": {
        "Diluted EPS": 0.0,
        "Total Revenue": 955,
        "Gross Profit": 519,
        "Operating Income": 27,
        "EBIT": 27,
        "Net Income": 0
    },
    "2011-06-30": {
        "Diluted EPS": 0.03,
        "Total Revenue": 934,
        "Gross Profit": 508,
        "Operating Income": 19,
        "EBIT": 19,
        "Net Income": 2
    },
    "2011-03-31": {
        "Diluted EPS": -0.21,
        "Total Revenue": 866,
        "Gross Profit": 490,
        "Operating Income": 0,
        "EBIT": 0,
        "Net Income": -11
    },
    "2010-12-31": {
        "Diluted EPS": 0.66,
        "Total Revenue": 796,
        "Gross Profit": 472,
        "Operating Income": 52,
        "EBIT": 52,
        "Net Income": 37
    },
    "2010-09-30": {
        "Diluted EPS": 0.45,
        "Total Revenue": 687,
        "Gross Profit": 401,
        "Operating Income": 58,
        "EBIT": 58,
        "Net Income": 25
    },
    "2010-06-30": {
        "Diluted EPS": 0.33,
        "Total Revenue": 650,
        "Gross Profit": 377,
        "Operating Income": 49,
        "EBIT": 49,
        "Net Income": 19
    },
    "2010-03-31": {
        "Diluted EPS": 0.26,
        "Total Revenue": 632,
        "Gross Profit": 376,
        "Operating Income": 42,
        "EBIT": 42,
        "Net Income": 15
    },
    "2009-12-31": {
        "Diluted EPS": 0.35,
        "Total Revenue": 604,
        "Gross Profit": 361,
        "Operating Income": 48,
        "EBIT": 48,
        "Net Income": 20
    },
    "2009-09-30": {
        "Diluted EPS": 0.5,
        "Total Revenue": 638,
        "Gross Profit": 381,
        "Operating Income": 63,
        "EBIT": 63,
        "Net Income": 29
    },
    "2009-06-30": {
        "Diluted EPS": 0.46,
        "Total Revenue": 699,
        "Gross Profit": 377,
        "Operating Income": 60,
        "EBIT": 60,
        "Net Income": 26
    },
    "2009-03-31": {
        "Diluted EPS": 0.16,
        "Total Revenue": 673,
        "Gross Profit": 367,
        "Operating Income": 41,
        "EBIT": 41,
        "Net Income": 9
    },
    "2023-09-30": {
        "Tax Effect Of Unusual Items": 0.0,
        "Tax Rate For Calcs": 0.036,
        "Normalized EBITDA": 56894000.0,
        "Net Income From Continuing Operation Net Minority Interest": 23478000.0,
        "Reconciled Cost Of Revenue": 651869000.0,
        "EBITDA": 56894000.0,
        "EBIT": 56894000.0,
        "Net Interest Income": -21309000.0,
        "Interest Expense": 32543000.0,
        "Interest Income": 11234000.0,
        "Normalized Income": 23478000.0,
        "Net Income From Continuing And Discontinued Operation": 23478000.0,
        "Total Expenses": 716880000.0,
        "Rent Expense Supplemental": 2099000.0,
        "Total Operating Income As Reported": 49291000.0,
        "Diluted Average Shares": 42580000.0,
        "Basic Average Shares": 41826000.0,
        "Diluted EPS": 0.55,
        "Basic EPS": 0.56,
        "Diluted NI Availto Com Stockholders": 23478000.0,
        "Net Income Common Stockholders": 23478000.0,
        "Net Income": 23478000.0,
        "Net Income Including Noncontrolling Interests": 23478000.0,
        "Net Income Continuous Operations": 23478000.0,
        "Tax Provision": 873000.0,
        "Pretax Income": 24351000.0,
        "Other Income Expense": -3631000.0,
        "Other Non Operating Income Expenses": -3631000.0,
        "Net Non Operating Interest Income Expense": -21309000.0,
        "Interest Expense Non Operating": 32543000.0,
        "Interest Income Non Operating": 11234000.0,
        "Operating Income": 49291000.0,
        "Operating Expense": 65011000.0,
        "Other Operating Expenses": 65011000.0,
        "Gross Profit": 114302000.0,
        "Cost Of Revenue": 651869000.0,
        "Total Revenue": 766171000.0,
        "Operating Revenue": 766171000.0
    },
    "2023-12-31": {
        "Tax Effect Of Unusual Items": 0.0,
        "Tax Rate For Calcs": 0.283247,
        "Normalized EBITDA": 55487000.0,
        "Net Income From Continuing Operation Net Minority Interest": 17516000.0,
        "Reconciled Cost Of Revenue": 661248000.0,
        "EBITDA": 55487000.0,
        "EBIT": 55487000.0,
        "Net Interest Income": -18882000.0,
        "Interest Expense": 31049000.0,
        "Interest Income": 12167000.0,
        "Normalized Income": 17516000.0,
        "Net Income From Continuing And Discontinued Operation": 17516000.0,
        "Total Expenses": 724165000.0,
        "Rent Expense Supplemental": 1452000.0,
        "Total Operating Income As Reported": 27622000.0,
        "Diluted Average Shares": 41776000.0,
        "Basic Average Shares": 40706000.0,
        "Diluted EPS": 0.42,
        "Basic EPS": 0.43,
        "Diluted NI Availto Com Stockholders": 17516000.0,
        "Net Income Common Stockholders": 17516000.0,
        "Net Income": 17516000.0,
        "Net Income Including Noncontrolling Interests": 17516000.0,
        "Net Income Continuous Operations": 17516000.0,
        "Tax Provision": 6922000.0,
        "Pretax Income": 24438000.0,
        "Other Income Expense": 15698000.0,
        "Other Non Operating Income Expenses": 15698000.0,
        "Net Non Operating Interest Income Expense": -18882000.0,
        "Interest Expense Non Operating": 31049000.0,
        "Interest Income Non Operating": 12167000.0,
        "Operating Income": 27622000.0,
        "Operating Expense": 62917000.0,
        "Other Operating Expenses": 62917000.0,
        "Gross Profit": 90539000.0,
        "Cost Of Revenue": 661248000.0,
        "Total Revenue": 751787000.0,
        "Operating Revenue": 751787000.0
    },
    "2024-03-31": {
        "Tax Effect Of Unusual Items": 0.0,
        "Tax Rate For Calcs": 0.248,
        "Normalized EBITDA": 110004000.0,
        "Net Income From Continuing Operation Net Minority Interest": 60298000.0,
        "Reconciled Cost Of Revenue": 635612000.0,
        "EBITDA": 110004000.0,
        "EBIT": 110004000.0,
        "Net Interest Income": -18203000.0,
        "Interest Expense": 29829000.0,
        "Interest Income": 11626000.0,
        "Normalized Income": 60298000.0,
        "Net Income From Continuing And Discontinued Operation": 60298000.0,
        "Total Expenses": 704108000.0,
        "Rent Expense Supplemental": 1276000.0,
        "Total Operating Income As Reported": 99506000.0,
        "Diluted Average Shares": 41492000.0,
        "Basic Average Shares": 40299000.0,
        "Diluted EPS": 1.45,
        "Basic EPS": 1.5,
        "Diluted NI Availto Com Stockholders": 60298000.0,
        "Net Income Common Stockholders": 60298000.0,
        "Net Income": 60298000.0,
        "Net Income Including Noncontrolling Interests": 60298000.0,
        "Net Income Continuous Operations": 60298000.0,
        "Tax Provision": 19877000.0,
        "Pretax Income": 80175000.0,
        "Other Income Expense": -1128000.0,
        "Other Non Operating Income Expenses": -1128000.0,
        "Net Non Operating Interest Income Expense": -18203000.0,
        "Interest Expense Non Operating": 29829000.0,
        "Interest Income Non Operating": 11626000.0,
        "Operating Income": 99506000.0,
        "Operating Expense": 68496000.0,
        "Other Operating Expenses": 68496000.0,
        "Gross Profit": 168002000.0,
        "Cost Of Revenue": 635612000.0,
        "Total Revenue": 803614000.0,
        "Operating Revenue": 803614000.0
    },
    "2024-06-30": {
        "Tax Effect Of Unusual Items": 0.0,
        "Tax Rate For Calcs": 0.26,
        "Normalized EBITDA": 131132000.0,
        "Net Income From Continuing Operation Net Minority Interest": 75578000.0,
        "Reconciled Cost Of Revenue": 675259000.0,
        "EBITDA": 131132000.0,
        "EBIT": 131132000.0,
        "Net Interest Income": -16926000.0,
        "Interest Expense": 28966000.0,
        "Interest Income": 12040000.0,
        "Normalized Income": 75578000.0,
        "Net Income From Continuing And Discontinued Operation": 75578000.0,
        "Total Expenses": 747478000.0,
        "Rent Expense Supplemental": 1310000.0,
        "Total Operating Income As Reported": 119640000.0,
        "Diluted Average Shares": 41431000.0,
        "Basic Average Shares": 40179000.0,
        "Diluted EPS": 1.82,
        "Basic EPS": 1.88,
        "Diluted NI Availto Com Stockholders": 75578000.0,
        "Net Income Common Stockholders": 75578000.0,
        "Net Income": 75578000.0,
        "Net Income Including Noncontrolling Interests": 75578000.0,
        "Net Income Continuous Operations": 75578000.0,
        "Tax Provision": 26588000.0,
        "Pretax Income": 102166000.0,
        "Other Income Expense": -548000.0,
        "Other Non Operating Income Expenses": -548000.0,
        "Net Non Operating Interest Income Expense": -16926000.0,
        "Interest Expense Non Operating": 28966000.0,
        "Interest Income Non Operating": 12040000.0,
        "Operating Income": 119640000.0,
        "Operating Expense": 72219000.0,
        "Other Operating Expenses": 72219000.0,
        "Gross Profit": 191859000.0,
        "Cost Of Revenue": 675259000.0,
        "Total Revenue": 867118000.0,
        "Operating Revenue": 867118000.0
    },
    "2024-09-30": {
        "Tax Effect Of Unusual Items": 0.0,
        "Tax Rate For Calcs": 0.227951,
        "Normalized EBITDA": 144004000.0,
        "Net Income From Continuing Operation Net Minority Interest": 89709000.0,
        "Reconciled Cost Of Revenue": 702454000.0,
        "EBITDA": 144004000.0,
        "EBIT": 144004000.0,
        "Net Interest Income": -15348000.0,
        "Interest Expense": 27808000.0,
        "Interest Income": 12460000.0,
        "Normalized Income": 89709000.0,
        "Net Income From Continuing And Discontinued Operation": 89709000.0,
        "Total Expenses": 781351000.0,
        "Rent Expense Supplemental": 1339000.0,
        "Total Operating Income As Reported": 131435000.0,
        "Diluted Average Shares": 41561000.0,
        "Basic Average Shares": 40253000.0,
        "Diluted EPS": 2.16,
        "Basic EPS": 2.23,
        "Diluted NI Availto Com Stockholders": 89709000.0,
        "Net Income Common Stockholders": 89709000.0,
        "Net Income": 89709000.0,
        "Net Income Including Noncontrolling Interests": 89709000.0,
        "Net Income Continuous Operations": 89709000.0,
        "Tax Provision": 26487000.0,
        "Pretax Income": 116196000.0,
        "Other Income Expense": 109000.0,
        "Other Non Operating Income Expenses": 109000.0,
        "Net Non Operating Interest Income Expense": -15348000.0,
        "Interest Expense Non Operating": 27808000.0,
        "Interest Income Non Operating": 12460000.0,
        "Operating Income": 131435000.0,
        "Operating Expense": 78897000.0,
        "Other Operating Expenses": 78897000.0,
        "Gross Profit": 210332000.0,
        "Cost Of Revenue": 702454000.0,
        "Total Revenue": 912786000.0,
        "Operating Revenue": 912786000.0
    }
}