{
    "2023-06-30": {
        "Tax Effect Of Unusual Items": 0.0,
        "Tax Rate For Calcs": 0.21,
        "Normalized EBITDA": 37547000.0,
        "Net Income From Continuing Operation Net Minority Interest": 10956000.0,
        "Reconciled Depreciation": 12600000.0,
        "Reconciled Cost Of Revenue": 101091000.0,
        "EBITDA": 37547000.0,
        "EBIT": 24947000.0,
        "Net Interest Income": 6184000.0,
        "Interest Expense": 1596000.0,
        "Interest Income": 7780000.0,
        "Normalized Income": 10956000.0,
        "Net Income From Continuing And Discontinued Operation": 10956000.0,
        "Total Expenses": 227699000.0,
        "Total Operating Income As Reported": 17167000.0,
        "Diluted Average Shares": 32926000.0,
        "Basic Average Shares": 31614000.0,
        "Diluted EPS": 0.33,
        "Basic EPS": 0.35,
        "Diluted NI Availto Com Stockholders": 10956000.0,
        "Net Income Common Stockholders": 10956000.0,
        "Net Income": 10956000.0,
        "Net Income Including Noncontrolling Interests": 10956000.0,
        "Net Income Continuous Operations": 10956000.0,
        "Earnings From Equity Interest Net Of Tax": -57000.0,
        "Tax Provision": 12338000.0,
        "Pretax Income": 23351000.0,
        "Net Non Operating Interest Income Expense": 6184000.0,
        "Interest Expense Non Operating": 1596000.0,
        "Interest Income Non Operating": 7780000.0,
        "Operating Income": 17167000.0,
        "Operating Expense": 126608000.0,
        "Research And Development": 85902000.0,
        "Selling General And Administration": 40706000.0,
        "Gross Profit": 143775000.0,
        "Cost Of Revenue": 101091000.0,
        "Total Revenue": 244866000.0,
        "Operating Revenue": 244866000.0
    },
    "2023-03-31": {
        "Tax Effect Of Unusual Items": 0.0,
        "Tax Rate For Calcs": 0.357,
        "Normalized EBITDA": 37154000.0,
        "Net Income From Continuing Operation Net Minority Interest": 13967000.0,
        "Reconciled Depreciation": 12745000.0,
        "Reconciled Cost Of Revenue": 92927000.0,
        "EBITDA": 37154000.0,
        "EBIT": 24409000.0,
        "Net Interest Income": 3180000.0,
        "Interest Expense": 1656000.0,
        "Interest Income": 4836000.0,
        "Normalized Income": 13967000.0,
        "Net Income From Continuing And Discontinued Operation": 13967000.0,
        "Total Expenses": 227214000.0,
        "Total Operating Income As Reported": 19573000.0,
        "Diluted Average Shares": 33753000.0,
        "Basic Average Shares": 31959000.0,
        "Diluted EPS": 0.41,
        "Basic EPS": 0.44,
        "Diluted NI Availto Com Stockholders": 13967000.0,
        "Net Income Common Stockholders": 13967000.0,
        "Net Income": 13967000.0,
        "Net Income Including Noncontrolling Interests": 13967000.0,
        "Net Income Discontinuous Operations": NaN,
        "Net Income Continuous Operations": 13967000.0,
        "Earnings From Equity Interest Net Of Tax": -1033000.0,
        "Tax Provision": 7753000.0,
        "Pretax Income": 22753000.0,
        "Net Non Operating Interest Income Expense": 3180000.0,
        "Interest Expense Non Operating": 1656000.0,
        "Interest Income Non Operating": 4836000.0,
        "Operating Income": 19573000.0,
        "Operating Expense": 134287000.0,
        "Research And Development": 89396000.0,
        "Selling General And Administration": 44891000.0,
        "Gross Profit": 153860000.0,
        "Cost Of Revenue": 92927000.0,
        "Total Revenue": 246787000.0,
        "Operating Revenue": 246787000.0
    },
    "2022-12-31": {
        "Tax Effect Of Unusual Items": NaN,
        "Tax Rate For Calcs": NaN,
        "Normalized EBITDA": NaN,
        "Net Income From Continuing Operation Net Minority Interest": NaN,
        "Reconciled Depreciation": NaN,
        "Reconciled Cost Of Revenue": NaN,
        "EBITDA": NaN,
        "EBIT": NaN,
        "Net Interest Income": NaN,
        "Interest Expense": NaN,
        "Interest Income": NaN,
        "Normalized Income": NaN,
        "Net Income From Continuing And Discontinued Operation": NaN,
        "Total Expenses": NaN,
        "Total Operating Income As Reported": NaN,
        "Diluted Average Shares": NaN,
        "Basic Average Shares": NaN,
        "Diluted EPS": NaN,
        "Basic EPS": NaN,
        "Diluted NI Availto Com Stockholders": NaN,
        "Net Income Common Stockholders": NaN,
        "Net Income": NaN,
        "Net Income Including Noncontrolling Interests": NaN,
        "Net Income Discontinuous Operations": 0.0,
        "Net Income Continuous Operations": NaN,
        "Earnings From Equity Interest Net Of Tax": NaN,
        "Tax Provision": NaN,
        "Pretax Income": NaN,
        "Net Non Operating Interest Income Expense": NaN,
        "Interest Expense Non Operating": NaN,
        "Interest Income Non Operating": NaN,
        "Operating Income": NaN,
        "Operating Expense": NaN,
        "Research And Development": NaN,
        "Selling General And Administration": NaN,
        "Gross Profit": NaN,
        "Cost Of Revenue": NaN,
        "Total Revenue": NaN,
        "Operating Revenue": NaN
    },
    "2022-09-30": {
        "Tax Effect Of Unusual Items": NaN,
        "Tax Rate For Calcs": NaN,
        "Normalized EBITDA": NaN,
        "Net Income From Continuing Operation Net Minority Interest": NaN,
        "Reconciled Depreciation": NaN,
        "Reconciled Cost Of Revenue": NaN,
        "EBITDA": NaN,
        "EBIT": NaN,
        "Net Interest Income": NaN,
        "Interest Expense": NaN,
        "Interest Income": NaN,
        "Normalized Income": NaN,
        "Net Income From Continuing And Discontinued Operation": NaN,
        "Total Expenses": NaN,
        "Total Operating Income As Reported": NaN,
        "Diluted Average Shares": NaN,
        "Basic Average Shares": NaN,
        "Diluted EPS": NaN,
        "Basic EPS": NaN,
        "Diluted NI Availto Com Stockholders": NaN,
        "Net Income Common Stockholders": NaN,
        "Net Income": NaN,
        "Net Income Including Noncontrolling Interests": NaN,
        "Net Income Discontinuous Operations": 0.0,
        "Net Income Continuous Operations": NaN,
        "Earnings From Equity Interest Net Of Tax": NaN,
        "Tax Provision": NaN,
        "Pretax Income": NaN,
        "Net Non Operating Interest Income Expense": NaN,
        "Interest Expense Non Operating": NaN,
        "Interest Income Non Operating": NaN,
        "Operating Income": NaN,
        "Operating Expense": NaN,
        "Research And Development": NaN,
        "Selling General And Administration": NaN,
        "Gross Profit": NaN,
        "Cost Of Revenue": NaN,
        "Total Revenue": NaN,
        "Operating Revenue": NaN
    },
    "2022-06-30": {
        "Tax Effect Of Unusual Items": 0.0,
        "Tax Rate For Calcs": 0.332,
        "Normalized EBITDA": 49072000.0,
        "Net Income From Continuing Operation Net Minority Interest": 22135000.0,
        "Reconciled Depreciation": 14248000.0,
        "Reconciled Cost Of Revenue": 99247000.0,
        "EBITDA": 49072000.0,
        "EBIT": 34824000.0,
        "Net Interest Income": 1778000.0,
        "Interest Expense": 1667000.0,
        "Interest Income": 3445000.0,
        "Normalized Income": 22135000.0,
        "Net Income From Continuing And Discontinued Operation": 22135000.0,
        "Total Expenses": 231771000.0,
        "Total Operating Income As Reported": 31379000.0,
        "Diluted Average Shares": 36604000.0,
        "Basic Average Shares": 35722000.0,
        "Diluted EPS": 0.6,
        "Basic EPS": 0.62,
        "Diluted NI Availto Com Stockholders": 22135000.0,
        "Net Income Common Stockholders": 22135000.0,
        "Net Income": 22135000.0,
        "Net Income Including Noncontrolling Interests": 22135000.0,
        "Net Income Discontinuous Operations": 0.0,
        "Net Income Continuous Operations": 22135000.0,
        "Earnings From Equity Interest Net Of Tax": -28000.0,
        "Tax Provision": 10994000.0,
        "Pretax Income": 33157000.0,
        "Net Non Operating Interest Income Expense": 1778000.0,
        "Interest Expense Non Operating": 1667000.0,
        "Interest Income Non Operating": 3445000.0,
        "Operating Income": 31379000.0,
        "Operating Expense": 132524000.0,
        "Research And Development": 83511000.0,
        "Selling General And Administration": 49013000.0,
        "Gross Profit": 163903000.0,
        "Cost Of Revenue": 99247000.0,
        "Total Revenue": 263150000.0,
        "Operating Revenue": 263150000.0
    },
    "2022-03-31": {
        "Diluted EPS": 0.58,
        "Total Revenue": 234,
        "Gross Profit": 156,
        "Operating Income": 34,
        "EBIT": 50,
        "Net Income": 23
    },
    "2021-12-31": {
        "Diluted EPS": 0.29,
        "Total Revenue": 209,
        "Gross Profit": 128,
        "Operating Income": 3,
        "EBIT": 24,
        "Net Income": -3
    },
    "2021-09-30": {
        "Diluted EPS": 46.76,
        "Total Revenue": 185,
        "Gross Profit": 110,
        "Operating Income": -9,
        "EBIT": 12,
        "Net Income": NaN
    },
    "2021-06-30": {
        "Diluted EPS": 0.44,
        "Total Revenue": 169,
        "Gross Profit": 96,
        "Operating Income": -11,
        "EBIT": 9,
        "Net Income": 20
    },
    "2021-03-31": {
        "Diluted EPS": 0.29,
        "Total Revenue": 158,
        "Gross Profit": 92,
        "Operating Income": -15,
        "EBIT": 7,
        "Net Income": 14
    },
    "2020-12-31": {
        "Diluted EPS": 0.2,
        "Total Revenue": 49,
        "Gross Profit": 24,
        "Operating Income": -56,
        "EBIT": -33,
        "Net Income": 9
    },
    "2020-09-30": {
        "Diluted EPS": 0.07,
        "Total Revenue": 133,
        "Gross Profit": 75,
        "Operating Income": -24,
        "EBIT": -2,
        "Net Income": 3
    },
    "2020-06-30": {
        "Diluted EPS": -0.04,
        "Total Revenue": 114,
        "Gross Profit": 67,
        "Operating Income": -32,
        "EBIT": -13,
        "Net Income": -2
    },
    "2020-03-31": {
        "Diluted EPS": 0.05,
        "Total Revenue": 215,
        "Gross Profit": 129,
        "Operating Income": 4,
        "EBIT": 22,
        "Net Income": 2
    },
    "2019-12-31": {
        "Diluted EPS": 0.23,
        "Total Revenue": -144,
        "Gross Profit": -97,
        "Operating Income": -132,
        "EBIT": -118,
        "Net Income": 10
    },
    "2019-09-30": {
        "Diluted EPS": 0.45,
        "Total Revenue": 223,
        "Gross Profit": 134,
        "Operating Income": 24,
        "EBIT": 41,
        "Net Income": 20
    },
    "2019-06-30": {
        "Diluted EPS": -0.37,
        "Total Revenue": 207,
        "Gross Profit": 127,
        "Operating Income": 15,
        "EBIT": 32,
        "Net Income": -16
    },
    "2019-03-31": {
        "Diluted EPS": 0.12,
        "Total Revenue": 188,
        "Gross Profit": 116,
        "Operating Income": 5,
        "EBIT": 23,
        "Net Income": 5
    },
    "2018-12-31": {
        "Diluted EPS": 0.35,
        "Total Revenue": 216,
        "Gross Profit": 130,
        "Operating Income": 18,
        "EBIT": 37,
        "Net Income": 15
    },
    "2018-09-30": {
        "Diluted EPS": 0.63,
        "Total Revenue": 230,
        "Gross Profit": 136,
        "Operating Income": 25,
        "EBIT": 47,
        "Net Income": 28
    },
    "2018-06-30": {
        "Diluted EPS": 0.32,
        "Total Revenue": 217,
        "Gross Profit": 131,
        "Operating Income": 18,
        "EBIT": 37,
        "Net Income": 14
    },
    "2018-03-31": {
        "Diluted EPS": 0.6,
        "Total Revenue": 205,
        "Gross Profit": 124,
        "Operating Income": 24,
        "EBIT": 37,
        "Net Income": 26
    },
    "2017-12-31": {
        "Diluted EPS": -0.11,
        "Total Revenue": 201,
        "Gross Profit": 119,
        "Operating Income": 26,
        "EBIT": 40,
        "Net Income": -5
    },
    "2017-09-30": {
        "Diluted EPS": 0.46,
        "Total Revenue": 199,
        "Gross Profit": 117,
        "Operating Income": 25,
        "EBIT": 39,
        "Net Income": 20
    },
    "2017-06-30": {
        "Diluted EPS": 0.38,
        "Total Revenue": 190,
        "Gross Profit": 113,
        "Operating Income": 21,
        "EBIT": 35,
        "Net Income": 17
    },
    "2017-03-31": {
        "Diluted EPS": 0.36,
        "Total Revenue": 179,
        "Gross Profit": 105,
        "Operating Income": 13,
        "EBIT": 24,
        "Net Income": 15
    },
    "2016-12-31": {
        "Diluted EPS": 0.47,
        "Total Revenue": 183,
        "Gross Profit": 109,
        "Operating Income": 20,
        "EBIT": 30,
        "Net Income": 20
    },
    "2016-09-30": {
        "Diluted EPS": 0.47,
        "Total Revenue": 178,
        "Gross Profit": 108,
        "Operating Income": 22,
        "EBIT": 31,
        "Net Income": 20
    },
    "2016-06-30": {
        "Diluted EPS": 0.37,
        "Total Revenue": 175,
        "Gross Profit": 108,
        "Operating Income": 18,
        "EBIT": 29,
        "Net Income": 16
    },
    "2016-03-31": {
        "Diluted EPS": 0.14,
        "Total Revenue": 162,
        "Gross Profit": 96,
        "Operating Income": 7,
        "EBIT": 18,
        "Net Income": 6
    },
    "2015-12-31": {
        "Diluted EPS": 0.14,
        "Total Revenue": 160,
        "Gross Profit": 94,
        "Operating Income": 5,
        "EBIT": 15,
        "Net Income": 6
    },
    "2015-09-30": {
        "Diluted EPS": 0.23,
        "Total Revenue": 156,
        "Gross Profit": 93,
        "Operating Income": 11,
        "EBIT": 21,
        "Net Income": 10
    },
    "2015-06-30": {
        "Diluted EPS": 0.17,
        "Total Revenue": 165,
        "Gross Profit": 97,
        "Operating Income": 9,
        "EBIT": 20,
        "Net Income": 8
    },
    "2015-03-31": {
        "Diluted EPS": 0.15,
        "Total Revenue": 164,
        "Gross Profit": 96,
        "Operating Income": 7,
        "EBIT": 17,
        "Net Income": 6
    },
    "2014-12-31": {
        "Diluted EPS": 0.24,
        "Total Revenue": 162,
        "Gross Profit": 97,
        "Operating Income": 11,
        "EBIT": 19,
        "Net Income": 10
    },
    "2014-09-30": {
        "Diluted EPS": 0.13,
        "Total Revenue": 158,
        "Gross Profit": 96,
        "Operating Income": 10,
        "EBIT": 17,
        "Net Income": 6
    },
    "2014-06-30": {
        "Diluted EPS": 0.32,
        "Total Revenue": 155,
        "Gross Profit": 99,
        "Operating Income": 21,
        "EBIT": 28,
        "Net Income": 14
    },
    "2014-03-31": {
        "Diluted EPS": 0.18,
        "Total Revenue": 146,
        "Gross Profit": 87,
        "Operating Income": 10,
        "EBIT": 18,
        "Net Income": 8
    },
    "2013-12-31": {
        "Diluted EPS": 0.24,
        "Total Revenue": 146,
        "Gross Profit": 89,
        "Operating Income": 14,
        "EBIT": 22,
        "Net Income": 11
    },
    "2013-09-30": {
        "Diluted EPS": 0.15,
        "Total Revenue": 147,
        "Gross Profit": 88,
        "Operating Income": 10,
        "EBIT": 19,
        "Net Income": 7
    },
    "2013-06-30": {
        "Diluted EPS": 0.29,
        "Total Revenue": 142,
        "Gross Profit": 89,
        "Operating Income": 19,
        "EBIT": 25,
        "Net Income": 13
    },
    "2013-03-31": {
        "Diluted EPS": 0.46,
        "Total Revenue": 145,
        "Gross Profit": 87,
        "Operating Income": 21,
        "EBIT": 27,
        "Net Income": 20
    },
    "2012-12-31": {
        "Diluted EPS": 0.43,
        "Total Revenue": 152,
        "Gross Profit": 94,
        "Operating Income": 25,
        "EBIT": 32,
        "Net Income": 19
    },
    "2012-09-30": {
        "Diluted EPS": 0.24,
        "Total Revenue": 149,
        "Gross Profit": 86,
        "Operating Income": 27,
        "EBIT": 37,
        "Net Income": 10
    },
    "2012-06-30": {
        "Diluted EPS": 0.47,
        "Total Revenue": 136,
        "Gross Profit": 83,
        "Operating Income": 16,
        "EBIT": 22,
        "Net Income": 21
    },
    "2012-03-31": {
        "Diluted EPS": 0.33,
        "Total Revenue": 126,
        "Gross Profit": 75,
        "Operating Income": 17,
        "EBIT": 23,
        "Net Income": 14
    },
    "2011-12-31": {
        "Diluted EPS": 0.28,
        "Total Revenue": 127,
        "Gross Profit": 77,
        "Operating Income": 15,
        "EBIT": 21,
        "Net Income": 13
    },
    "2011-09-30": {
        "Diluted EPS": 0.26,
        "Total Revenue": 119,
        "Gross Profit": 73,
        "Operating Income": 14,
        "EBIT": 20,
        "Net Income": 11
    },
    "2011-06-30": {
        "Diluted EPS": 0.29,
        "Total Revenue": 126,
        "Gross Profit": 76,
        "Operating Income": 16,
        "EBIT": 22,
        "Net Income": 13
    },
    "2011-03-31": {
        "Diluted EPS": -0.04,
        "Total Revenue": 120,
        "Gross Profit": 72,
        "Operating Income": 5,
        "EBIT": 11,
        "Net Income": -2
    },
    "2010-12-31": {
        "Diluted EPS": 0.29,
        "Total Revenue": 112,
        "Gross Profit": 71,
        "Operating Income": 11,
        "EBIT": 16,
        "Net Income": 13
    },
    "2010-09-30": {
        "Diluted EPS": 0.4,
        "Total Revenue": 120,
        "Gross Profit": 79,
        "Operating Income": 19,
        "EBIT": 24,
        "Net Income": 18
    },
    "2010-06-30": {
        "Diluted EPS": 0.44,
        "Total Revenue": 135,
        "Gross Profit": 91,
        "Operating Income": 31,
        "EBIT": 35,
        "Net Income": 21
    },
    "2010-03-31": {
        "Diluted EPS": 0.44,
        "Total Revenue": 127,
        "Gross Profit": 84,
        "Operating Income": 26,
        "EBIT": 30,
        "Net Income": 21
    },
    "2009-12-31": {
        "Diluted EPS": 0.88,
        "Total Revenue": 127,
        "Gross Profit": 83,
        "Operating Income": 26,
        "EBIT": 31,
        "Net Income": 40
    },
    "2009-09-30": {
        "Diluted EPS": 0.47,
        "Total Revenue": 126,
        "Gross Profit": 81,
        "Operating Income": 27,
        "EBIT": 32,
        "Net Income": 22
    },
    "2009-06-30": {
        "Diluted EPS": 0.21,
        "Total Revenue": 104,
        "Gross Profit": 65,
        "Operating Income": 13,
        "EBIT": 18,
        "Net Income": 10
    },
    "2009-03-31": {
        "Diluted EPS": 0.01,
        "Total Revenue": 84,
        "Gross Profit": 51,
        "Operating Income": 1,
        "EBIT": 6,
        "Net Income": 1
    },
    "2023-09-30": {
        "Tax Effect Of Unusual Items": NaN,
        "Tax Rate For Calcs": NaN,
        "Normalized EBITDA": NaN,
        "Net Income From Continuing Operation Net Minority Interest": NaN,
        "Reconciled Depreciation": NaN,
        "Reconciled Cost Of Revenue": NaN,
        "EBITDA": NaN,
        "EBIT": NaN,
        "Net Interest Income": NaN,
        "Interest Expense": NaN,
        "Interest Income": NaN,
        "Normalized Income": NaN,
        "Net Income From Continuing And Discontinued Operation": NaN,
        "Total Expenses": NaN,
        "Total Operating Income As Reported": NaN,
        "Diluted Average Shares": 32078000.0,
        "Basic Average Shares": 31796000.0,
        "Diluted EPS": 0.32,
        "Basic EPS": 0.33,
        "Diluted NI Availto Com Stockholders": NaN,
        "Net Income Common Stockholders": NaN,
        "Net Income": NaN,
        "Net Income Including Noncontrolling Interests": NaN,
        "Net Income Continuous Operations": NaN,
        "Earnings From Equity Interest Net Of Tax": NaN,
        "Tax Provision": NaN,
        "Pretax Income": NaN,
        "Net Non Operating Interest Income Expense": NaN,
        "Interest Expense Non Operating": NaN,
        "Interest Income Non Operating": NaN,
        "Operating Income": NaN,
        "Operating Expense": NaN,
        "Research And Development": NaN,
        "Selling General And Administration": NaN,
        "Gross Profit": NaN,
        "Cost Of Revenue": NaN,
        "Total Revenue": NaN,
        "Operating Revenue": NaN
    },
    "2023-12-31": {
        "Tax Effect Of Unusual Items": 0.0,
        "Tax Rate For Calcs": 0.220547,
        "Normalized EBITDA": -56573000.0,
        "Net Income From Continuing Operation Net Minority Interest": -69787000.0,
        "Reconciled Depreciation": 12927000.0,
        "Reconciled Cost Of Revenue": 42919000.0,
        "EBITDA": -56573000.0,
        "EBIT": -69500000.0,
        "Net Interest Income": 2668000.0,
        "Interest Expense": 943000.0,
        "Interest Income": 3611000.0,
        "Normalized Income": -69787000.0,
        "Net Income From Continuing And Discontinued Operation": -69787000.0,
        "Total Expenses": 159956000.0,
        "Total Operating Income As Reported": -73111000.0,
        "Diluted Average Shares": 31848000.0,
        "Basic Average Shares": 31848000.0,
        "Diluted EPS": -2.19,
        "Basic EPS": -2.19,
        "Diluted NI Availto Com Stockholders": -69787000.0,
        "Net Income Common Stockholders": -69787000.0,
        "Net Income": -69787000.0,
        "Net Income Including Noncontrolling Interests": -69787000.0,
        "Net Income Continuous Operations": -69787000.0,
        "Earnings From Equity Interest Net Of Tax": -14880000.0,
        "Tax Provision": -15536000.0,
        "Pretax Income": -70443000.0,
        "Net Non Operating Interest Income Expense": 2668000.0,
        "Interest Expense Non Operating": 943000.0,
        "Interest Income Non Operating": 3611000.0,
        "Operating Income": -73111000.0,
        "Operating Expense": 117037000.0,
        "Research And Development": 83404000.0,
        "Selling General And Administration": 33633000.0,
        "Gross Profit": 43926000.0,
        "Cost Of Revenue": 42919000.0,
        "Total Revenue": 86845000.0,
        "Operating Revenue": 86845000.0
    },
    "2024-03-31": {
        "Tax Effect Of Unusual Items": 0.0,
        "Tax Rate For Calcs": 0.007,
        "Normalized EBITDA": -43689000.0,
        "Net Income From Continuing Operation Net Minority Interest": -56526000.0,
        "Reconciled Depreciation": 12713000.0,
        "Reconciled Cost Of Revenue": 51306000.0,
        "EBITDA": -43689000.0,
        "EBIT": -56402000.0,
        "Net Interest Income": 2223000.0,
        "Interest Expense": 509000.0,
        "Interest Income": 2732000.0,
        "Normalized Income": -56526000.0,
        "Net Income From Continuing And Discontinued Operation": -56526000.0,
        "Total Expenses": 165509000.0,
        "Total Operating Income As Reported": -59134000.0,
        "Diluted Average Shares": 31910000.0,
        "Basic Average Shares": 31910000.0,
        "Diluted EPS": -1.77,
        "Basic EPS": -1.77,
        "Diluted NI Availto Com Stockholders": -56526000.0,
        "Net Income Common Stockholders": -56526000.0,
        "Net Income": -56526000.0,
        "Net Income Including Noncontrolling Interests": -56526000.0,
        "Net Income Continuous Operations": -56526000.0,
        "Earnings From Equity Interest Net Of Tax": 0.0,
        "Tax Provision": -385000.0,
        "Pretax Income": -56911000.0,
        "Net Non Operating Interest Income Expense": 2223000.0,
        "Interest Expense Non Operating": 509000.0,
        "Interest Income Non Operating": 2732000.0,
        "Operating Income": -59134000.0,
        "Operating Expense": 114203000.0,
        "Research And Development": 80650000.0,
        "Selling General And Administration": 33553000.0,
        "Gross Profit": 55069000.0,
        "Cost Of Revenue": 51306000.0,
        "Total Revenue": 106375000.0,
        "Operating Revenue": 106375000.0
    },
    "2024-06-30": {
        "Tax Effect Of Unusual Items": 0.0,
        "Tax Rate For Calcs": 0.21,
        "Normalized EBITDA": -32632000.0,
        "Net Income From Continuing Operation Net Minority Interest": -82157000.0,
        "Reconciled Depreciation": 12599000.0,
        "Reconciled Cost Of Revenue": 68784000.0,
        "EBITDA": -32632000.0,
        "EBIT": -45231000.0,
        "Net Interest Income": 2527000.0,
        "Interest Expense": 263000.0,
        "Interest Income": 2790000.0,
        "Normalized Income": -82157000.0,
        "Net Income From Continuing And Discontinued Operation": -82157000.0,
        "Total Expenses": 193388000.0,
        "Total Operating Income As Reported": -48021000.0,
        "Diluted Average Shares": 32124000.0,
        "Basic Average Shares": 32124000.0,
        "Diluted EPS": -2.56,
        "Basic EPS": -2.56,
        "Diluted NI Availto Com Stockholders": -82157000.0,
        "Net Income Common Stockholders": -82157000.0,
        "Net Income": -82157000.0,
        "Net Income Including Noncontrolling Interests": -82157000.0,
        "Net Income Continuous Operations": -82157000.0,
        "Earnings From Equity Interest Net Of Tax": 0.0,
        "Tax Provision": 36663000.0,
        "Pretax Income": -45494000.0,
        "Net Non Operating Interest Income Expense": 2527000.0,
        "Interest Expense Non Operating": 263000.0,
        "Interest Income Non Operating": 2790000.0,
        "Operating Income": -48021000.0,
        "Operating Expense": 124604000.0,
        "Research And Development": 85909000.0,
        "Selling General And Administration": 38695000.0,
        "Gross Profit": 76583000.0,
        "Cost Of Revenue": 68784000.0,
        "Total Revenue": 145367000.0,
        "Operating Revenue": 145367000.0
    },
    "2024-09-30": {
        "Tax Effect Of Unusual Items": 0.0,
        "Tax Rate For Calcs": 0.21,
        "Normalized EBITDA": -14635000.0,
        "Net Income From Continuing Operation Net Minority Interest": -28504000.0,
        "Reconciled Depreciation": 11586000.0,
        "Reconciled Cost Of Revenue": 76082000.0,
        "EBITDA": -14635000.0,
        "EBIT": -26221000.0,
        "Net Interest Income": 3209000.0,
        "Interest Expense": 278000.0,
        "Interest Income": 3487000.0,
        "Normalized Income": -28504000.0,
        "Net Income From Continuing And Discontinued Operation": -28504000.0,
        "Total Expenses": 196103000.0,
        "Total Operating Income As Reported": -29708000.0,
        "Diluted Average Shares": 32309000.0,
        "Basic Average Shares": 32309000.0,
        "Diluted EPS": -0.88,
        "Basic EPS": -0.88,
        "Diluted NI Availto Com Stockholders": -28504000.0,
        "Net Income Common Stockholders": -28504000.0,
        "Net Income": -28504000.0,
        "Net Income Including Noncontrolling Interests": -28504000.0,
        "Net Income Continuous Operations": -28504000.0,
        "Earnings From Equity Interest Net Of Tax": 0.0,
        "Tax Provision": 2005000.0,
        "Pretax Income": -26499000.0,
        "Net Non Operating Interest Income Expense": 3209000.0,
        "Interest Expense Non Operating": 278000.0,
        "Interest Income Non Operating": 3487000.0,
        "Operating Income": -29708000.0,
        "Operating Expense": 120021000.0,
        "Research And Development": 83228000.0,
        "Selling General And Administration": 36793000.0,
        "Gross Profit": 90313000.0,
        "Cost Of Revenue": 76082000.0,
        "Total Revenue": 166395000.0,
        "Operating Revenue": 166395000.0
    },
    "2024-12-31": {
        "Tax Effect Of Unusual Items": 0.0,
        "Tax Rate For Calcs": 0.080513,
        "Normalized EBITDA": -13962000.0,
        "Net Income From Continuing Operation Net Minority Interest": -23823000.0,
        "Reconciled Depreciation": 11687000.0,
        "Reconciled Cost Of Revenue": 76026000.0,
        "EBITDA": -13962000.0,
        "EBIT": -25649000.0,
        "Net Interest Income": 2718000.0,
        "Interest Expense": 260000.0,
        "Interest Income": 2978000.0,
        "Normalized Income": -23823000.0,
        "Net Income From Continuing And Discontinued Operation": -23823000.0,
        "Total Expenses": 194876000.0,
        "Total Operating Income As Reported": -28627000.0,
        "Diluted Average Shares": NaN,
        "Basic Average Shares": NaN,
        "Diluted EPS": NaN,
        "Basic EPS": NaN,
        "Diluted NI Availto Com Stockholders": -23823000.0,
        "Net Income Common Stockholders": -23823000.0,
        "Net Income": -23823000.0,
        "Net Income Including Noncontrolling Interests": -23823000.0,
        "Net Income Continuous Operations": -23823000.0,
        "Earnings From Equity Interest Net Of Tax": 0.0,
        "Tax Provision": -2086000.0,
        "Pretax Income": -25909000.0,
        "Net Non Operating Interest Income Expense": 2718000.0,
        "Interest Expense Non Operating": 260000.0,
        "Interest Income Non Operating": 2978000.0,
        "Operating Income": -28627000.0,
        "Operating Expense": 118850000.0,
        "Research And Development": 82438000.0,
        "Selling General And Administration": 36412000.0,
        "Gross Profit": 90223000.0,
        "Cost Of Revenue": 76026000.0,
        "Total Revenue": 166249000.0,
        "Operating Revenue": 166249000.0
    }
}