{
    "2023-06-30": {
        "Tax Effect Of Unusual Items": 0.0,
        "Tax Rate For Calcs": 0.25,
        "Normalized EBITDA": 120814000.0,
        "Total Unusual Items": NaN,
        "Total Unusual Items Excluding Goodwill": NaN,
        "Net Income From Continuing Operation Net Minority Interest": 46259000.0,
        "Reconciled Depreciation": 33546000.0,
        "Reconciled Cost Of Revenue": 259773000.0,
        "EBITDA": 120814000.0,
        "EBIT": 87268000.0,
        "Net Interest Income": -25987000.0,
        "Interest Expense": 25987000.0,
        "Normalized Income": 46259000.0,
        "Net Income From Continuing And Discontinued Operation": 46259000.0,
        "Total Expenses": 322013000.0,
        "Total Operating Income As Reported": 84771000.0,
        "Diluted Average Shares": 78338000.0,
        "Basic Average Shares": 77089000.0,
        "Diluted EPS": 0.59,
        "Basic EPS": 0.6,
        "Diluted NI Availto Com Stockholders": 46259000.0,
        "Net Income Common Stockholders": 46259000.0,
        "Net Income": 46259000.0,
        "Minority Interests": 115000.0,
        "Net Income Including Noncontrolling Interests": 46144000.0,
        "Net Income Continuous Operations": 46144000.0,
        "Tax Provision": 15137000.0,
        "Pretax Income": 61281000.0,
        "Other Income Expense": 2497000.0,
        "Other Non Operating Income Expenses": 2497000.0,
        "Special Income Charges": NaN,
        "Impairment Of Capital Assets": NaN,
        "Net Non Operating Interest Income Expense": -25987000.0,
        "Interest Expense Non Operating": 25987000.0,
        "Operating Income": 84771000.0,
        "Operating Expense": 62240000.0,
        "Depreciation Amortization Depletion Income Statement": 33546000.0,
        "Selling General And Administration": 28694000.0,
        "Gross Profit": 147011000.0,
        "Cost Of Revenue": 259773000.0,
        "Total Revenue": 406784000.0,
        "Operating Revenue": 406784000.0
    },
    "2023-03-31": {
        "Tax Effect Of Unusual Items": 0.0,
        "Tax Rate For Calcs": 0.23,
        "Normalized EBITDA": 117592000.0,
        "Total Unusual Items": NaN,
        "Total Unusual Items Excluding Goodwill": NaN,
        "Net Income From Continuing Operation Net Minority Interest": 44648000.0,
        "Reconciled Depreciation": 35386000.0,
        "Reconciled Cost Of Revenue": 293133000.0,
        "EBITDA": 117592000.0,
        "EBIT": 82206000.0,
        "Net Interest Income": -24061000.0,
        "Interest Expense": 24061000.0,
        "Normalized Income": 44648000.0,
        "Net Income From Continuing And Discontinued Operation": 44648000.0,
        "Total Expenses": 357682000.0,
        "Total Operating Income As Reported": 84558000.0,
        "Diluted Average Shares": 78292000.0,
        "Basic Average Shares": 76517000.0,
        "Diluted EPS": 0.57,
        "Basic EPS": 0.58,
        "Diluted NI Availto Com Stockholders": 44648000.0,
        "Net Income Common Stockholders": 44648000.0,
        "Net Income": 44648000.0,
        "Minority Interests": 76000.0,
        "Net Income Including Noncontrolling Interests": 44572000.0,
        "Net Income Continuous Operations": 44572000.0,
        "Tax Provision": 13573000.0,
        "Pretax Income": 58145000.0,
        "Other Income Expense": -2352000.0,
        "Other Non Operating Income Expenses": -2352000.0,
        "Special Income Charges": NaN,
        "Impairment Of Capital Assets": NaN,
        "Net Non Operating Interest Income Expense": -24061000.0,
        "Interest Expense Non Operating": 24061000.0,
        "Operating Income": 84558000.0,
        "Operating Expense": 64549000.0,
        "Depreciation Amortization Depletion Income Statement": 35386000.0,
        "Selling General And Administration": 29163000.0,
        "Gross Profit": 149107000.0,
        "Cost Of Revenue": 293133000.0,
        "Total Revenue": 442240000.0,
        "Operating Revenue": 442240000.0
    },
    "2022-12-31": {
        "Tax Effect Of Unusual Items": NaN,
        "Tax Rate For Calcs": NaN,
        "Normalized EBITDA": NaN,
        "Total Unusual Items": 0.0,
        "Total Unusual Items Excluding Goodwill": 0.0,
        "Net Income From Continuing Operation Net Minority Interest": NaN,
        "Reconciled Depreciation": NaN,
        "Reconciled Cost Of Revenue": NaN,
        "EBITDA": NaN,
        "EBIT": NaN,
        "Net Interest Income": NaN,
        "Interest Expense": NaN,
        "Normalized Income": NaN,
        "Net Income From Continuing And Discontinued Operation": NaN,
        "Total Expenses": NaN,
        "Total Operating Income As Reported": NaN,
        "Diluted Average Shares": NaN,
        "Basic Average Shares": NaN,
        "Diluted EPS": NaN,
        "Basic EPS": NaN,
        "Diluted NI Availto Com Stockholders": NaN,
        "Net Income Common Stockholders": NaN,
        "Net Income": NaN,
        "Minority Interests": NaN,
        "Net Income Including Noncontrolling Interests": NaN,
        "Net Income Continuous Operations": NaN,
        "Tax Provision": NaN,
        "Pretax Income": NaN,
        "Other Income Expense": NaN,
        "Other Non Operating Income Expenses": NaN,
        "Special Income Charges": 0.0,
        "Impairment Of Capital Assets": 0.0,
        "Net Non Operating Interest Income Expense": NaN,
        "Interest Expense Non Operating": NaN,
        "Operating Income": NaN,
        "Operating Expense": NaN,
        "Depreciation Amortization Depletion Income Statement": NaN,
        "Selling General And Administration": NaN,
        "Gross Profit": NaN,
        "Cost Of Revenue": NaN,
        "Total Revenue": NaN,
        "Operating Revenue": NaN
    },
    "2022-09-30": {
        "Tax Effect Of Unusual Items": NaN,
        "Tax Rate For Calcs": NaN,
        "Normalized EBITDA": NaN,
        "Total Unusual Items": 0.0,
        "Total Unusual Items Excluding Goodwill": 0.0,
        "Net Income From Continuing Operation Net Minority Interest": NaN,
        "Reconciled Depreciation": NaN,
        "Reconciled Cost Of Revenue": NaN,
        "EBITDA": NaN,
        "EBIT": NaN,
        "Net Interest Income": NaN,
        "Interest Expense": NaN,
        "Normalized Income": NaN,
        "Net Income From Continuing And Discontinued Operation": NaN,
        "Total Expenses": NaN,
        "Total Operating Income As Reported": NaN,
        "Diluted Average Shares": NaN,
        "Basic Average Shares": NaN,
        "Diluted EPS": NaN,
        "Basic EPS": NaN,
        "Diluted NI Availto Com Stockholders": NaN,
        "Net Income Common Stockholders": NaN,
        "Net Income": NaN,
        "Minority Interests": NaN,
        "Net Income Including Noncontrolling Interests": NaN,
        "Net Income Continuous Operations": NaN,
        "Tax Provision": NaN,
        "Pretax Income": NaN,
        "Other Income Expense": NaN,
        "Other Non Operating Income Expenses": NaN,
        "Special Income Charges": 0.0,
        "Impairment Of Capital Assets": 0.0,
        "Net Non Operating Interest Income Expense": NaN,
        "Interest Expense Non Operating": NaN,
        "Operating Income": NaN,
        "Operating Expense": NaN,
        "Depreciation Amortization Depletion Income Statement": NaN,
        "Selling General And Administration": NaN,
        "Gross Profit": NaN,
        "Cost Of Revenue": NaN,
        "Total Revenue": NaN,
        "Operating Revenue": NaN
    },
    "2022-06-30": {
        "Tax Effect Of Unusual Items": 0.0,
        "Tax Rate For Calcs": 0.34,
        "Normalized EBITDA": 86899000.0,
        "Total Unusual Items": 0.0,
        "Total Unusual Items Excluding Goodwill": 0.0,
        "Net Income From Continuing Operation Net Minority Interest": 22908000.0,
        "Reconciled Depreciation": 34715000.0,
        "Reconciled Cost Of Revenue": 268896000.0,
        "EBITDA": 86899000.0,
        "EBIT": 52184000.0,
        "Net Interest Income": -17430000.0,
        "Interest Expense": 17430000.0,
        "Normalized Income": 22908000.0,
        "Net Income From Continuing And Discontinued Operation": 22908000.0,
        "Total Expenses": 338428000.0,
        "Total Operating Income As Reported": 50085000.0,
        "Diluted Average Shares": 77966000.0,
        "Basic Average Shares": 75508000.0,
        "Diluted EPS": 0.29,
        "Basic EPS": 0.3,
        "Diluted NI Availto Com Stockholders": 22908000.0,
        "Net Income Common Stockholders": 22908000.0,
        "Net Income": 22908000.0,
        "Minority Interests": 73000.0,
        "Net Income Including Noncontrolling Interests": 22835000.0,
        "Net Income Continuous Operations": 22835000.0,
        "Tax Provision": 11919000.0,
        "Pretax Income": 34754000.0,
        "Other Income Expense": 2099000.0,
        "Other Non Operating Income Expenses": 2099000.0,
        "Special Income Charges": 0.0,
        "Impairment Of Capital Assets": 0.0,
        "Net Non Operating Interest Income Expense": -17430000.0,
        "Interest Expense Non Operating": 17430000.0,
        "Operating Income": 50085000.0,
        "Operating Expense": 69532000.0,
        "Depreciation Amortization Depletion Income Statement": 34715000.0,
        "Selling General And Administration": 34817000.0,
        "Gross Profit": 119617000.0,
        "Cost Of Revenue": 268896000.0,
        "Total Revenue": 388513000.0,
        "Operating Revenue": 388513000.0
    },
    "2022-03-31": {
        "Diluted EPS": -0.11,
        "Total Revenue": 305,
        "Gross Profit": 78,
        "Operating Income": 0,
        "EBIT": 39,
        "Net Income": -8
    },
    "2021-12-31": {
        "Diluted EPS": -0.24,
        "Total Revenue": 285,
        "Gross Profit": 67,
        "Operating Income": -6,
        "EBIT": 34,
        "Net Income": -19
    },
    "2021-09-30": {
        "Diluted EPS": -0.27,
        "Total Revenue": 267,
        "Gross Profit": 60,
        "Operating Income": -11,
        "EBIT": 30,
        "Net Income": -20
    },
    "2021-06-30": {
        "Diluted EPS": 0.34,
        "Total Revenue": 317,
        "Gross Profit": 124,
        "Operating Income": 56,
        "EBIT": 98,
        "Net Income": 26
    },
    "2021-03-31": {
        "Diluted EPS": -0.28,
        "Total Revenue": 234,
        "Gross Profit": 57,
        "Operating Income": -10,
        "EBIT": 33,
        "Net Income": -21
    },
    "2020-12-31": {
        "Diluted EPS": 0.06,
        "Total Revenue": 227,
        "Gross Profit": 86,
        "Operating Income": 15,
        "EBIT": 57,
        "Net Income": 5
    },
    "2020-09-30": {
        "Diluted EPS": -0.19,
        "Total Revenue": 176,
        "Gross Profit": 69,
        "Operating Income": 1,
        "EBIT": 43,
        "Net Income": -14
    },
    "2020-06-30": {
        "Diluted EPS": -0.44,
        "Total Revenue": 173,
        "Gross Profit": 48,
        "Operating Income": -32,
        "EBIT": 6,
        "Net Income": -32
    },
    "2020-03-31": {
        "Diluted EPS": -0.98,
        "Total Revenue": 270,
        "Gross Profit": 68,
        "Operating Income": -104,
        "EBIT": -64,
        "Net Income": -72
    },
    "2019-12-31": {
        "Diluted EPS": -4.0,
        "Total Revenue": 339,
        "Gross Profit": 81,
        "Operating Income": -363,
        "EBIT": -318,
        "Net Income": -293
    },
    "2019-09-30": {
        "Diluted EPS": -0.31,
        "Total Revenue": 362,
        "Gross Profit": 78,
        "Operating Income": -9,
        "EBIT": 40,
        "Net Income": -23
    },
    "2019-06-30": {
        "Diluted EPS": 0.08,
        "Total Revenue": 395,
        "Gross Profit": 101,
        "Operating Income": 17,
        "EBIT": 64,
        "Net Income": 6
    },
    "2019-03-31": {
        "Diluted EPS": -0.26,
        "Total Revenue": 379,
        "Gross Profit": 81,
        "Operating Income": 2,
        "EBIT": 48,
        "Net Income": -19
    },
    "2018-12-31": {
        "Diluted EPS": -3.32,
        "Total Revenue": 357,
        "Gross Profit": 70,
        "Operating Income": -274,
        "EBIT": -228,
        "Net Income": -256
    },
    "2018-09-30": {
        "Diluted EPS": 0.08,
        "Total Revenue": 423,
        "Gross Profit": 101,
        "Operating Income": 26,
        "EBIT": 63,
        "Net Income": 6
    },
    "2018-06-30": {
        "Diluted EPS": 0.22,
        "Total Revenue": 427,
        "Gross Profit": 135,
        "Operating Income": 40,
        "EBIT": 81,
        "Net Income": 18
    },
    "2018-03-31": {
        "Diluted EPS": 0.39,
        "Total Revenue": 369,
        "Gross Profit": 108,
        "Operating Income": 45,
        "EBIT": 74,
        "Net Income": 31
    },
    "2017-12-31": {
        "Diluted EPS": 0.88,
        "Total Revenue": 361,
        "Gross Profit": 106,
        "Operating Income": 49,
        "EBIT": 77,
        "Net Income": 72
    },
    "2017-09-30": {
        "Diluted EPS": 0.5,
        "Total Revenue": 345,
        "Gross Profit": 117,
        "Operating Income": 63,
        "EBIT": 88,
        "Net Income": 41
    },
    "2017-06-30": {
        "Diluted EPS": 0.36,
        "Total Revenue": 290,
        "Gross Profit": 94,
        "Operating Income": 44,
        "EBIT": 68,
        "Net Income": 29
    },
    "2017-03-31": {
        "Diluted EPS": 0.03,
        "Total Revenue": 245,
        "Gross Profit": 57,
        "Operating Income": 13,
        "EBIT": 35,
        "Net Income": 3
    },
    "2016-12-31": {
        "Diluted EPS": -0.07,
        "Total Revenue": 182,
        "Gross Profit": 34,
        "Operating Income": -5,
        "EBIT": 16,
        "Net Income": -7
    },
    "2016-09-30": {
        "Diluted EPS": -0.17,
        "Total Revenue": 138,
        "Gross Profit": 18,
        "Operating Income": -17,
        "EBIT": 0,
        "Net Income": -11
    },
    "2016-06-30": {
        "Diluted EPS": -0.19,
        "Total Revenue": 117,
        "Gross Profit": 14,
        "Operating Income": -16,
        "EBIT": 0,
        "Net Income": -12
    },
    "2016-03-31": {
        "Diluted EPS": -0.2,
        "Total Revenue": 123,
        "Gross Profit": 16,
        "Operating Income": -14,
        "EBIT": 1,
        "Net Income": -11
    },
    "2015-12-31": {
        "Diluted EPS": -0.28,
        "Total Revenue": 136,
        "Gross Profit": 19,
        "Operating Income": -13,
        "EBIT": 4,
        "Net Income": -15
    },
    "2015-09-30": {
        "Diluted EPS": 0.04,
        "Total Revenue": 155,
        "Gross Profit": 33,
        "Operating Income": 4,
        "EBIT": 20,
        "Net Income": 2
    },
    "2015-06-30": {
        "Diluted EPS": 0.18,
        "Total Revenue": 148,
        "Gross Profit": 30,
        "Operating Income": 10,
        "EBIT": 24,
        "Net Income": 10
    },
    "2015-03-31": {
        "Diluted EPS": 0.28,
        "Total Revenue": 204,
        "Gross Profit": 65,
        "Operating Income": 25,
        "EBIT": 39,
        "Net Income": 15
    },
    "2014-12-31": {
        "Diluted EPS": 0.61,
        "Total Revenue": 250,
        "Gross Profit": 92,
        "Operating Income": 44,
        "EBIT": 57,
        "Net Income": 33
    },
    "2014-09-30": {
        "Diluted EPS": 0.76,
        "Total Revenue": 241,
        "Gross Profit": 92,
        "Operating Income": 61,
        "EBIT": 73,
        "Net Income": 41
    },
    "2014-06-30": {
        "Diluted EPS": 0.53,
        "Total Revenue": 206,
        "Gross Profit": 73,
        "Operating Income": 44,
        "EBIT": 54,
        "Net Income": 29
    },
    "2014-03-31": {
        "Diluted EPS": 0.34,
        "Total Revenue": 180,
        "Gross Profit": 53,
        "Operating Income": 28,
        "EBIT": 38,
        "Net Income": 18
    },
    "2013-12-31": {
        "Diluted EPS": 0.31,
        "Total Revenue": 149,
        "Gross Profit": 47,
        "Operating Income": 22,
        "EBIT": 32,
        "Net Income": 17
    },
    "2013-09-30": {
        "Diluted EPS": 0.4,
        "Total Revenue": 144,
        "Gross Profit": 53,
        "Operating Income": 31,
        "EBIT": 41,
        "Net Income": 21
    },
    "2013-06-30": {
        "Diluted EPS": 0.38,
        "Total Revenue": 130,
        "Gross Profit": 50,
        "Operating Income": 31,
        "EBIT": 40,
        "Net Income": 20
    },
    "2013-03-31": {
        "Diluted EPS": 0.32,
        "Total Revenue": 122,
        "Gross Profit": 48,
        "Operating Income": 27,
        "EBIT": 36,
        "Net Income": 17
    },
    "2012-12-31": {
        "Diluted EPS": 0.41,
        "Total Revenue": 119,
        "Gross Profit": 48,
        "Operating Income": 29,
        "EBIT": 36,
        "Net Income": 22
    },
    "2012-09-30": {
        "Diluted EPS": 0.36,
        "Total Revenue": 116,
        "Gross Profit": 46,
        "Operating Income": 30,
        "EBIT": 36,
        "Net Income": 19
    },
    "2012-06-30": {
        "Diluted EPS": 0.36,
        "Total Revenue": 105,
        "Gross Profit": 46,
        "Operating Income": 30,
        "EBIT": 36,
        "Net Income": 19
    },
    "2012-03-31": {
        "Diluted EPS": 0.37,
        "Total Revenue": 103,
        "Gross Profit": 46,
        "Operating Income": 30,
        "EBIT": 36,
        "Net Income": 19
    },
    "2011-12-31": {
        "Diluted EPS": 0.2,
        "Total Revenue": 84,
        "Gross Profit": 34,
        "Operating Income": 13,
        "EBIT": 19,
        "Net Income": 10
    },
    "2011-09-30": {
        "Diluted EPS": 0.21,
        "Total Revenue": 73,
        "Gross Profit": 28,
        "Operating Income": 17,
        "EBIT": 23,
        "Net Income": 10
    },
    "2011-06-30": {
        "Diluted EPS": 0.13,
        "Total Revenue": 74,
        "Gross Profit": 31,
        "Operating Income": 20,
        "EBIT": 25,
        "Net Income": 6
    },
    "2011-03-31": {
        "Diluted EPS": 0.07,
        "Total Revenue": 64,
        "Gross Profit": 21,
        "Operating Income": 10,
        "EBIT": 16,
        "Net Income": 4
    },
    "2010-12-31": {
        "Diluted EPS": 0.07,
        "Total Revenue": 59,
        "Gross Profit": 20,
        "Operating Income": 9,
        "EBIT": 14,
        "Net Income": 4
    },
    "2010-09-30": {
        "Diluted EPS": 0.19,
        "Total Revenue": 66,
        "Gross Profit": 25,
        "Operating Income": 15,
        "EBIT": 20,
        "Net Income": 9
    },
    "2010-06-30": {
        "Diluted EPS": -0.04,
        "Total Revenue": 64,
        "Gross Profit": 24,
        "Operating Income": 14,
        "EBIT": 19,
        "Net Income": -2
    },
    "2010-03-31": {
        "Diluted EPS": 0.01,
        "Total Revenue": 55,
        "Gross Profit": 18,
        "Operating Income": 8,
        "EBIT": 13,
        "Net Income": 0
    },
    "2009-12-31": {
        "Diluted EPS": 0.0,
        "Total Revenue": NaN,
        "Gross Profit": NaN,
        "Operating Income": NaN,
        "EBIT": NaN,
        "Net Income": NaN
    },
    "2023-09-30": {
        "Tax Effect Of Unusual Items": 0.0,
        "Tax Rate For Calcs": 0.31,
        "Normalized EBITDA": 100733000.0,
        "Total Unusual Items": NaN,
        "Total Unusual Items Excluding Goodwill": NaN,
        "Net Income From Continuing Operation Net Minority Interest": 26909000.0,
        "Reconciled Depreciation": 35822000.0,
        "Reconciled Cost Of Revenue": 240957000.0,
        "EBITDA": 100733000.0,
        "EBIT": 64911000.0,
        "Net Interest Income": -26039000.0,
        "Interest Expense": 26039000.0,
        "Normalized Income": 26909000.0,
        "Net Income From Continuing And Discontinued Operation": 26909000.0,
        "Total Expenses": 306066000.0,
        "Total Operating Income As Reported": 60895000.0,
        "Diluted Average Shares": 78700000.0,
        "Basic Average Shares": 77125000.0,
        "Diluted EPS": 0.34,
        "Basic EPS": 0.35,
        "Diluted NI Availto Com Stockholders": 26909000.0,
        "Net Income Common Stockholders": 26909000.0,
        "Net Income": 26909000.0,
        "Minority Interests": 101000.0,
        "Net Income Including Noncontrolling Interests": 26808000.0,
        "Net Income Continuous Operations": 26808000.0,
        "Tax Provision": 12064000.0,
        "Pretax Income": 38872000.0,
        "Other Income Expense": 4016000.0,
        "Other Non Operating Income Expenses": 4016000.0,
        "Special Income Charges": NaN,
        "Impairment Of Capital Assets": NaN,
        "Net Non Operating Interest Income Expense": -26039000.0,
        "Interest Expense Non Operating": 26039000.0,
        "Operating Income": 60895000.0,
        "Operating Expense": 65109000.0,
        "Depreciation Amortization Depletion Income Statement": 35822000.0,
        "Selling General And Administration": 29287000.0,
        "Gross Profit": 126004000.0,
        "Cost Of Revenue": 240957000.0,
        "Total Revenue": 366961000.0,
        "Operating Revenue": 366961000.0
    },
    "2023-12-31": {
        "Tax Effect Of Unusual Items": 0.0,
        "Tax Rate For Calcs": 0.222854,
        "Normalized EBITDA": 95398000.0,
        "Total Unusual Items": NaN,
        "Total Unusual Items Excluding Goodwill": NaN,
        "Net Income From Continuing Operation Net Minority Interest": 29109000.0,
        "Reconciled Depreciation": 32505000.0,
        "Reconciled Cost Of Revenue": 226764000.0,
        "EBITDA": 95398000.0,
        "EBIT": 62893000.0,
        "Net Interest Income": -25622000.0,
        "Interest Expense": 25622000.0,
        "Normalized Income": 29109000.0,
        "Net Income From Continuing And Discontinued Operation": 29109000.0,
        "Total Expenses": 290922000.0,
        "Total Operating Income As Reported": 45115000.0,
        "Diluted Average Shares": 78799000.0,
        "Basic Average Shares": 77181000.0,
        "Diluted EPS": 0.37,
        "Basic EPS": 0.38,
        "Diluted NI Availto Com Stockholders": 29109000.0,
        "Net Income Common Stockholders": 29109000.0,
        "Net Income": 29109000.0,
        "Minority Interests": 144000.0,
        "Net Income Including Noncontrolling Interests": 28965000.0,
        "Net Income Continuous Operations": 28965000.0,
        "Tax Provision": 8306000.0,
        "Pretax Income": 37271000.0,
        "Other Income Expense": 17778000.0,
        "Other Non Operating Income Expenses": 17778000.0,
        "Special Income Charges": NaN,
        "Impairment Of Capital Assets": NaN,
        "Net Non Operating Interest Income Expense": -25622000.0,
        "Interest Expense Non Operating": 25622000.0,
        "Operating Income": 45115000.0,
        "Operating Expense": 64158000.0,
        "Depreciation Amortization Depletion Income Statement": 32505000.0,
        "Selling General And Administration": 31653000.0,
        "Gross Profit": 109273000.0,
        "Cost Of Revenue": 226764000.0,
        "Total Revenue": 336037000.0,
        "Operating Revenue": 336037000.0
    },
    "2024-03-31": {
        "Tax Effect Of Unusual Items": 0.0,
        "Tax Rate For Calcs": 0.26,
        "Normalized EBITDA": 73987000.0,
        "Total Unusual Items": NaN,
        "Total Unusual Items Excluding Goodwill": NaN,
        "Net Income From Continuing Operation Net Minority Interest": 13688000.0,
        "Reconciled Depreciation": 31368000.0,
        "Reconciled Cost Of Revenue": 223724000.0,
        "EBITDA": 73987000.0,
        "EBIT": 42619000.0,
        "Net Interest Income": -24263000.0,
        "Interest Expense": 24263000.0,
        "Normalized Income": 13688000.0,
        "Net Income From Continuing And Discontinued Operation": 13688000.0,
        "Total Expenses": 285846000.0,
        "Total Operating Income As Reported": 40096000.0,
        "Diluted Average Shares": 79032000.0,
        "Basic Average Shares": 77671000.0,
        "Diluted EPS": 0.17,
        "Basic EPS": 0.18,
        "Diluted NI Availto Com Stockholders": 13688000.0,
        "Net Income Common Stockholders": 13688000.0,
        "Net Income": 13688000.0,
        "Minority Interests": 107000.0,
        "Net Income Including Noncontrolling Interests": 13581000.0,
        "Net Income Continuous Operations": 13581000.0,
        "Tax Provision": 4775000.0,
        "Pretax Income": 18356000.0,
        "Other Income Expense": 2523000.0,
        "Other Non Operating Income Expenses": 2523000.0,
        "Special Income Charges": NaN,
        "Impairment Of Capital Assets": NaN,
        "Net Non Operating Interest Income Expense": -24263000.0,
        "Interest Expense Non Operating": 24263000.0,
        "Operating Income": 40096000.0,
        "Operating Expense": 62122000.0,
        "Depreciation Amortization Depletion Income Statement": 31368000.0,
        "Selling General And Administration": 30754000.0,
        "Gross Profit": 102218000.0,
        "Cost Of Revenue": 223724000.0,
        "Total Revenue": 325942000.0,
        "Operating Revenue": 325942000.0
    }
}