{
    "2023-03-31": {
        "Tax Effect Of Unusual Items": 224280.0,
        "Tax Rate For Calcs": 0.21,
        "Normalized EBITDA": -41261000.0,
        "Total Unusual Items": 1068000.0,
        "Total Unusual Items Excluding Goodwill": 1068000.0,
        "Net Income From Continuing Operation Net Minority Interest": -34202000.0,
        "Reconciled Depreciation": 1754000.0,
        "Reconciled Cost Of Revenue": 12316000.0,
        "EBITDA": -40193000.0,
        "EBIT": -40193000.0,
        "Net Interest Income": 4925000.0,
        "Interest Expense": NaN,
        "Interest Income": 4925000.0,
        "Normalized Income": -35045720.0,
        "Net Income From Continuing And Discontinued Operation": -34202000.0,
        "Total Expenses": 60572000.0,
        "Total Operating Income As Reported": -40193000.0,
        "Diluted Average Shares": 186524473.0,
        "Basic Average Shares": 186524473.0,
        "Diluted EPS": -0.18,
        "Basic EPS": -0.18,
        "Diluted NI Availto Com Stockholders": -34202000.0,
        "Net Income Common Stockholders": -34202000.0,
        "Net Income": -34202000.0,
        "Net Income Including Noncontrolling Interests": -34202000.0,
        "Net Income Continuous Operations": -34202000.0,
        "Tax Provision": 2000.0,
        "Pretax Income": -34200000.0,
        "Other Income Expense": 1068000.0,
        "Special Income Charges": 15000.0,
        "Restructuring And Mergern Acquisition": -15000.0,
        "Gain On Sale Of Security": 1053000.0,
        "Net Non Operating Interest Income Expense": 4925000.0,
        "Interest Expense Non Operating": NaN,
        "Interest Income Non Operating": 4925000.0,
        "Operating Income": -40193000.0,
        "Operating Expense": 48256000.0,
        "Research And Development": 14067000.0,
        "Selling General And Administration": 34189000.0,
        "Gross Profit": 8063000.0,
        "Cost Of Revenue": 12316000.0,
        "Total Revenue": 20379000.0,
        "Operating Revenue": 20368000.0
    },
    "2022-12-31": {
        "Tax Effect Of Unusual Items": 1043.448304,
        "Tax Rate For Calcs": 0.001925,
        "Normalized EBITDA": -49888000.0,
        "Total Unusual Items": 542000.0,
        "Total Unusual Items Excluding Goodwill": 542000.0,
        "Net Income From Continuing Operation Net Minority Interest": -49251000.0,
        "Reconciled Depreciation": 1681000.0,
        "Reconciled Cost Of Revenue": 12965000.0,
        "EBITDA": -49346000.0,
        "EBIT": -49346000.0,
        "Net Interest Income": 4593000.0,
        "Interest Expense": 0.0,
        "Interest Income": 4593000.0,
        "Normalized Income": -49791956.551696,
        "Net Income From Continuing And Discontinued Operation": -49251000.0,
        "Total Expenses": 73310000.0,
        "Total Operating Income As Reported": -54481000.0,
        "Diluted Average Shares": 186313420.0,
        "Basic Average Shares": 186313420.0,
        "Diluted EPS": -0.26,
        "Basic EPS": -0.26,
        "Diluted NI Availto Com Stockholders": -49251000.0,
        "Net Income Common Stockholders": -49251000.0,
        "Net Income": -49251000.0,
        "Net Income Including Noncontrolling Interests": -49251000.0,
        "Net Income Continuous Operations": -49251000.0,
        "Tax Provision": -95000.0,
        "Pretax Income": -49346000.0,
        "Other Income Expense": 542000.0,
        "Special Income Charges": 121000.0,
        "Restructuring And Mergern Acquisition": -121000.0,
        "Gain On Sale Of Security": 421000.0,
        "Net Non Operating Interest Income Expense": 4593000.0,
        "Interest Expense Non Operating": 0.0,
        "Interest Income Non Operating": 4593000.0,
        "Operating Income": -54481000.0,
        "Operating Expense": 60345000.0,
        "Research And Development": 22589000.0,
        "Selling General And Administration": 37756000.0,
        "Gross Profit": 5864000.0,
        "Cost Of Revenue": 12965000.0,
        "Total Revenue": 18829000.0,
        "Operating Revenue": 18521000.0
    },
    "2022-09-30": {
        "Tax Effect Of Unusual Items": 85820.581575,
        "Tax Rate For Calcs": 0.018532,
        "Normalized EBITDA": -37023000.0,
        "Total Unusual Items": 4631000.0,
        "Total Unusual Items Excluding Goodwill": 4631000.0,
        "Net Income From Continuing Operation Net Minority Interest": -32942000.0,
        "Reconciled Depreciation": 1172000.0,
        "Reconciled Cost Of Revenue": 11670000.0,
        "EBITDA": -32392000.0,
        "EBIT": -33564000.0,
        "Net Interest Income": 2417000.0,
        "Interest Expense": 0.0,
        "Interest Income": 2417000.0,
        "Normalized Income": -37487179.418425,
        "Net Income From Continuing And Discontinued Operation": -32942000.0,
        "Total Expenses": 82325000.0,
        "Total Operating Income As Reported": -40612000.0,
        "Diluted Average Shares": 184407874.0,
        "Basic Average Shares": 184407874.0,
        "Diluted EPS": -0.18,
        "Basic EPS": -0.18,
        "Diluted NI Availto Com Stockholders": -32942000.0,
        "Net Income Common Stockholders": -32942000.0,
        "Net Income": -32942000.0,
        "Net Income Including Noncontrolling Interests": -32942000.0,
        "Net Income Continuous Operations": -32942000.0,
        "Tax Provision": -622000.0,
        "Pretax Income": -33564000.0,
        "Other Income Expense": 4631000.0,
        "Special Income Charges": 1260000.0,
        "Restructuring And Mergern Acquisition": -1260000.0,
        "Gain On Sale Of Security": 3371000.0,
        "Net Non Operating Interest Income Expense": 2417000.0,
        "Interest Expense Non Operating": 0.0,
        "Interest Income Non Operating": 2417000.0,
        "Operating Income": -40612000.0,
        "Operating Expense": 70655000.0,
        "Research And Development": 19419000.0,
        "Selling General And Administration": 51236000.0,
        "Gross Profit": 30043000.0,
        "Cost Of Revenue": 11670000.0,
        "Total Revenue": 41713000.0,
        "Operating Revenue": 19388000.0
    },
    "2022-06-30": {
        "Tax Effect Of Unusual Items": 0.0,
        "Tax Rate For Calcs": 0.0,
        "Normalized EBITDA": -45585000.0,
        "Total Unusual Items": 23563000.0,
        "Total Unusual Items Excluding Goodwill": 23563000.0,
        "Net Income From Continuing Operation Net Minority Interest": -22985000.0,
        "Reconciled Depreciation": 963000.0,
        "Reconciled Cost Of Revenue": 7077000.0,
        "EBITDA": -22022000.0,
        "EBIT": -22985000.0,
        "Net Interest Income": 833000.0,
        "Interest Expense": 0.0,
        "Interest Income": 833000.0,
        "Normalized Income": -46548000.0,
        "Net Income From Continuing And Discontinued Operation": -22985000.0,
        "Total Expenses": 61525000.0,
        "Total Operating Income As Reported": -47381000.0,
        "Diluted Average Shares": 183143391.0,
        "Basic Average Shares": 183143391.0,
        "Diluted EPS": -0.13,
        "Basic EPS": -0.13,
        "Diluted NI Availto Com Stockholders": -22985000.0,
        "Net Income Common Stockholders": -22985000.0,
        "Net Income": -22985000.0,
        "Net Income Including Noncontrolling Interests": -22985000.0,
        "Net Income Continuous Operations": -22985000.0,
        "Tax Provision": NaN,
        "Pretax Income": -22985000.0,
        "Other Income Expense": 23563000.0,
        "Special Income Charges": 9027000.0,
        "Restructuring And Mergern Acquisition": -9027000.0,
        "Gain On Sale Of Security": 14536000.0,
        "Net Non Operating Interest Income Expense": 833000.0,
        "Interest Expense Non Operating": 0.0,
        "Interest Income Non Operating": 833000.0,
        "Operating Income": -47381000.0,
        "Operating Expense": 54448000.0,
        "Research And Development": 17636000.0,
        "Selling General And Administration": 36812000.0,
        "Gross Profit": 7067000.0,
        "Cost Of Revenue": 7077000.0,
        "Total Revenue": 14144000.0,
        "Operating Revenue": 12407000.0
    },
    "2022-03-31": {
        "Diluted EPS": -0.02,
        "Total Revenue": 23,
        "Gross Profit": 11,
        "Operating Income": -33,
        "EBIT": -32,
        "Net Income": -4
    },
    "2021-12-31": {
        "Diluted EPS": -0.14,
        "Total Revenue": 23,
        "Gross Profit": 13,
        "Operating Income": -28,
        "EBIT": -28,
        "Net Income": -23
    },
    "2021-09-30": {
        "Diluted EPS": -0.3,
        "Total Revenue": 20,
        "Gross Profit": 11,
        "Operating Income": -25,
        "EBIT": -24,
        "Net Income": -41
    },
    "2021-06-30": {
        "Diluted EPS": -0.12,
        "Total Revenue": 20,
        "Gross Profit": 12,
        "Operating Income": -12,
        "EBIT": -11,
        "Net Income": -13
    },
    "2021-03-31": {
        "Diluted EPS": -0.08,
        "Total Revenue": 19,
        "Gross Profit": 13,
        "Operating Income": -8,
        "EBIT": -7,
        "Net Income": -9
    },
    "2020-12-31": {
        "Diluted EPS": 0.0,
        "Total Revenue": NaN,
        "Gross Profit": NaN,
        "Operating Income": NaN,
        "EBIT": NaN,
        "Net Income": NaN
    },
    "2020-09-30": {
        "Diluted EPS": -0.12,
        "Total Revenue": 14,
        "Gross Profit": 9,
        "Operating Income": -6,
        "EBIT": -6,
        "Net Income": -7
    },
    "2023-06-30": {
        "Tax Effect Of Unusual Items": 210800.0,
        "Tax Rate For Calcs": 0.4,
        "Normalized EBITDA": -29732000.0,
        "Total Unusual Items": 527000.0,
        "Total Unusual Items Excluding Goodwill": 527000.0,
        "Net Income From Continuing Operation Net Minority Interest": -24772000.0,
        "Reconciled Depreciation": 1890000.0,
        "Reconciled Cost Of Revenue": 11175000.0,
        "EBITDA": -29205000.0,
        "EBIT": -31095000.0,
        "Net Interest Income": 5798000.0,
        "Interest Expense": NaN,
        "Interest Income": 5798000.0,
        "Normalized Income": -25088200.0,
        "Net Income From Continuing And Discontinued Operation": -24772000.0,
        "Total Expenses": 51563000.0,
        "Total Operating Income As Reported": -31095000.0,
        "Diluted Average Shares": 186741112.0,
        "Basic Average Shares": 186741112.0,
        "Diluted EPS": -0.13,
        "Basic EPS": -0.13,
        "Diluted NI Availto Com Stockholders": -24772000.0,
        "Net Income Common Stockholders": -24772000.0,
        "Net Income": -24772000.0,
        "Net Income Including Noncontrolling Interests": -24772000.0,
        "Net Income Continuous Operations": -24772000.0,
        "Tax Provision": 2000.0,
        "Pretax Income": -24770000.0,
        "Other Income Expense": 527000.0,
        "Special Income Charges": 0.0,
        "Restructuring And Mergern Acquisition": 0.0,
        "Gain On Sale Of Security": 527000.0,
        "Net Non Operating Interest Income Expense": 5798000.0,
        "Interest Expense Non Operating": NaN,
        "Interest Income Non Operating": 5798000.0,
        "Operating Income": -31095000.0,
        "Operating Expense": 40388000.0,
        "Research And Development": 10815000.0,
        "Selling General And Administration": 29573000.0,
        "Gross Profit": 9293000.0,
        "Cost Of Revenue": 11175000.0,
        "Total Revenue": 20468000.0,
        "Operating Revenue": 20268000.0
    },
    "2023-09-30": {
        "Tax Effect Of Unusual Items": -806610.0,
        "Tax Rate For Calcs": 0.21,
        "Normalized EBITDA": -18184000.0,
        "Total Unusual Items": -3841000.0,
        "Total Unusual Items Excluding Goodwill": -3841000.0,
        "Net Income From Continuing Operation Net Minority Interest": -22157000.0,
        "Reconciled Depreciation": 1900000.0,
        "Reconciled Cost Of Revenue": 11635000.0,
        "EBITDA": -22025000.0,
        "EBIT": -23925000.0,
        "Net Interest Income": 6087000.0,
        "Interest Expense": NaN,
        "Interest Income": 6087000.0,
        "Normalized Income": -19122610.0,
        "Net Income From Continuing And Discontinued Operation": -22157000.0,
        "Total Expenses": 45973000.0,
        "Total Operating Income As Reported": -28082000.0,
        "Diluted Average Shares": 187070510.0,
        "Basic Average Shares": 187070510.0,
        "Diluted EPS": -0.12,
        "Basic EPS": -0.12,
        "Diluted NI Availto Com Stockholders": -22157000.0,
        "Net Income Common Stockholders": -22157000.0,
        "Net Income": -22157000.0,
        "Net Income Including Noncontrolling Interests": -22157000.0,
        "Net Income Continuous Operations": -22157000.0,
        "Tax Provision": 478000.0,
        "Pretax Income": -21679000.0,
        "Other Income Expense": -3841000.0,
        "Special Income Charges": -4157000.0,
        "Restructuring And Mergern Acquisition": 4157000.0,
        "Gain On Sale Of Security": 316000.0,
        "Net Non Operating Interest Income Expense": 6087000.0,
        "Interest Expense Non Operating": NaN,
        "Interest Income Non Operating": 6087000.0,
        "Operating Income": -23925000.0,
        "Operating Expense": 34338000.0,
        "Research And Development": 10458000.0,
        "Selling General And Administration": 23880000.0,
        "Gross Profit": 10413000.0,
        "Cost Of Revenue": 11635000.0,
        "Total Revenue": 22048000.0,
        "Operating Revenue": 22047000.0
    }
}