{
    "2023-06-30": {
        "Tax Effect Of Unusual Items": -501396.0,
        "Tax Rate For Calcs": 0.188,
        "Normalized EBITDA": 213265000.0,
        "Total Unusual Items": -2667000.0,
        "Total Unusual Items Excluding Goodwill": -2667000.0,
        "Net Income From Continuing Operation Net Minority Interest": 78890000.0,
        "Reconciled Depreciation": 66605000.0,
        "Reconciled Cost Of Revenue": 1176601000.0,
        "EBITDA": 210598000.0,
        "EBIT": 143993000.0,
        "Net Interest Income": -46792000.0,
        "Interest Expense": 46792000.0,
        "Normalized Income": 81055604.0,
        "Net Income From Continuing And Discontinued Operation": 78890000.0,
        "Total Expenses": 1280067000.0,
        "Total Operating Income As Reported": NaN,
        "Diluted Average Shares": 110500000.0,
        "Basic Average Shares": 110100000.0,
        "Diluted EPS": 0.71,
        "Basic EPS": 0.72,
        "Diluted NI Availto Com Stockholders": 78890000.0,
        "Net Income Common Stockholders": 78890000.0,
        "Net Income": 78890000.0,
        "Net Income Including Noncontrolling Interests": 78890000.0,
        "Net Income Continuous Operations": 78890000.0,
        "Tax Provision": 18311000.0,
        "Pretax Income": 97201000.0,
        "Other Income Expense": -2667000.0,
        "Other Non Operating Income Expenses": NaN,
        "Special Income Charges": -2667000.0,
        "Other Special Charges": NaN,
        "Restructuring And Mergern Acquisition": 2667000.0,
        "Net Non Operating Interest Income Expense": -46792000.0,
        "Interest Expense Non Operating": 46792000.0,
        "Operating Income": 146660000.0,
        "Operating Expense": 103466000.0,
        "Selling General And Administration": 103466000.0,
        "Selling And Marketing Expense": 102171000.0,
        "General And Administrative Expense": 1295000.0,
        "Other Gand A": 102171000.0,
        "Salaries And Wages": 1295000.0,
        "Gross Profit": 250126000.0,
        "Cost Of Revenue": 1176601000.0,
        "Total Revenue": 1426727000.0,
        "Operating Revenue": 1426727000.0
    },
    "2023-03-31": {
        "Tax Effect Of Unusual Items": NaN,
        "Tax Rate For Calcs": NaN,
        "Normalized EBITDA": NaN,
        "Total Unusual Items": NaN,
        "Total Unusual Items Excluding Goodwill": NaN,
        "Net Income From Continuing Operation Net Minority Interest": NaN,
        "Reconciled Depreciation": NaN,
        "Reconciled Cost Of Revenue": NaN,
        "EBITDA": NaN,
        "EBIT": NaN,
        "Net Interest Income": NaN,
        "Interest Expense": NaN,
        "Normalized Income": NaN,
        "Net Income From Continuing And Discontinued Operation": NaN,
        "Total Expenses": NaN,
        "Total Operating Income As Reported": 131228000.0,
        "Diluted Average Shares": NaN,
        "Basic Average Shares": NaN,
        "Diluted EPS": NaN,
        "Basic EPS": NaN,
        "Diluted NI Availto Com Stockholders": NaN,
        "Net Income Common Stockholders": NaN,
        "Net Income": NaN,
        "Net Income Including Noncontrolling Interests": NaN,
        "Net Income Continuous Operations": NaN,
        "Tax Provision": NaN,
        "Pretax Income": NaN,
        "Other Income Expense": NaN,
        "Other Non Operating Income Expenses": -1286000.0,
        "Special Income Charges": NaN,
        "Other Special Charges": NaN,
        "Restructuring And Mergern Acquisition": NaN,
        "Net Non Operating Interest Income Expense": NaN,
        "Interest Expense Non Operating": NaN,
        "Operating Income": NaN,
        "Operating Expense": NaN,
        "Selling General And Administration": NaN,
        "Selling And Marketing Expense": NaN,
        "General And Administrative Expense": NaN,
        "Other Gand A": 101330000.0,
        "Salaries And Wages": NaN,
        "Gross Profit": NaN,
        "Cost Of Revenue": NaN,
        "Total Revenue": NaN,
        "Operating Revenue": NaN
    },
    "2022-12-31": {
        "Tax Effect Of Unusual Items": NaN,
        "Tax Rate For Calcs": NaN,
        "Normalized EBITDA": NaN,
        "Total Unusual Items": NaN,
        "Total Unusual Items Excluding Goodwill": NaN,
        "Net Income From Continuing Operation Net Minority Interest": NaN,
        "Reconciled Depreciation": NaN,
        "Reconciled Cost Of Revenue": NaN,
        "EBITDA": NaN,
        "EBIT": NaN,
        "Net Interest Income": NaN,
        "Interest Expense": NaN,
        "Normalized Income": NaN,
        "Net Income From Continuing And Discontinued Operation": NaN,
        "Total Expenses": NaN,
        "Total Operating Income As Reported": 81143000.0,
        "Diluted Average Shares": NaN,
        "Basic Average Shares": NaN,
        "Diluted EPS": NaN,
        "Basic EPS": NaN,
        "Diluted NI Availto Com Stockholders": NaN,
        "Net Income Common Stockholders": NaN,
        "Net Income": NaN,
        "Net Income Including Noncontrolling Interests": NaN,
        "Net Income Continuous Operations": NaN,
        "Tax Provision": NaN,
        "Pretax Income": NaN,
        "Other Income Expense": NaN,
        "Other Non Operating Income Expenses": 11520000.0,
        "Special Income Charges": NaN,
        "Other Special Charges": 0.0,
        "Restructuring And Mergern Acquisition": NaN,
        "Net Non Operating Interest Income Expense": NaN,
        "Interest Expense Non Operating": NaN,
        "Operating Income": NaN,
        "Operating Expense": NaN,
        "Selling General And Administration": NaN,
        "Selling And Marketing Expense": NaN,
        "General And Administrative Expense": NaN,
        "Other Gand A": NaN,
        "Salaries And Wages": NaN,
        "Gross Profit": NaN,
        "Cost Of Revenue": NaN,
        "Total Revenue": NaN,
        "Operating Revenue": NaN
    },
    "2022-09-30": {
        "Tax Effect Of Unusual Items": NaN,
        "Tax Rate For Calcs": NaN,
        "Normalized EBITDA": NaN,
        "Total Unusual Items": NaN,
        "Total Unusual Items Excluding Goodwill": NaN,
        "Net Income From Continuing Operation Net Minority Interest": NaN,
        "Reconciled Depreciation": NaN,
        "Reconciled Cost Of Revenue": NaN,
        "EBITDA": NaN,
        "EBIT": NaN,
        "Net Interest Income": NaN,
        "Interest Expense": NaN,
        "Normalized Income": NaN,
        "Net Income From Continuing And Discontinued Operation": NaN,
        "Total Expenses": NaN,
        "Total Operating Income As Reported": 219410000.0,
        "Diluted Average Shares": NaN,
        "Basic Average Shares": NaN,
        "Diluted EPS": NaN,
        "Basic EPS": NaN,
        "Diluted NI Availto Com Stockholders": NaN,
        "Net Income Common Stockholders": NaN,
        "Net Income": NaN,
        "Net Income Including Noncontrolling Interests": NaN,
        "Net Income Continuous Operations": NaN,
        "Tax Provision": NaN,
        "Pretax Income": NaN,
        "Other Income Expense": NaN,
        "Other Non Operating Income Expenses": 11051000.0,
        "Special Income Charges": NaN,
        "Other Special Charges": NaN,
        "Restructuring And Mergern Acquisition": NaN,
        "Net Non Operating Interest Income Expense": NaN,
        "Interest Expense Non Operating": NaN,
        "Operating Income": NaN,
        "Operating Expense": NaN,
        "Selling General And Administration": NaN,
        "General And Administrative Expense": NaN,
        "Other Gand A": NaN,
        "Salaries And Wages": NaN,
        "Gross Profit": NaN,
        "Cost Of Revenue": NaN,
        "Total Revenue": NaN,
        "Operating Revenue": NaN
    },
    "2022-06-30": {
        "Tax Effect Of Unusual Items": -965600.0,
        "Tax Rate For Calcs": 0.284,
        "Normalized EBITDA": 229100000.0,
        "Total Unusual Items": -3400000.0,
        "Total Unusual Items Excluding Goodwill": -3400000.0,
        "Net Income From Continuing Operation Net Minority Interest": 92700000.0,
        "Reconciled Depreciation": 67700000.0,
        "Reconciled Cost Of Revenue": 1269900000.0,
        "EBITDA": 225700000.0,
        "EBIT": 158000000.0,
        "Net Interest Income": -28700000.0,
        "Interest Expense": 28700000.0,
        "Normalized Income": 95134400.0,
        "Net Income From Continuing And Discontinued Operation": 92700000.0,
        "Total Expenses": 1393700000.0,
        "Total Operating Income As Reported": NaN,
        "Diluted Average Shares": 111228000.0,
        "Basic Average Shares": 110840000.0,
        "Diluted EPS": 0.83,
        "Basic EPS": 0.84,
        "Diluted NI Availto Com Stockholders": 92700000.0,
        "Net Income Common Stockholders": 92700000.0,
        "Net Income": 92700000.0,
        "Net Income Including Noncontrolling Interests": 92700000.0,
        "Net Income Continuous Operations": 92700000.0,
        "Tax Provision": 36600000.0,
        "Pretax Income": 129300000.0,
        "Other Income Expense": 7900000.0,
        "Other Non Operating Income Expenses": 11300000.0,
        "Special Income Charges": -3400000.0,
        "Other Special Charges": NaN,
        "Restructuring And Mergern Acquisition": 3400000.0,
        "Net Non Operating Interest Income Expense": -28700000.0,
        "Interest Expense Non Operating": 28700000.0,
        "Operating Income": 150100000.0,
        "Operating Expense": 123800000.0,
        "Selling General And Administration": 123800000.0,
        "General And Administrative Expense": 123800000.0,
        "Other Gand A": 123800000.0,
        "Salaries And Wages": NaN,
        "Gross Profit": 273900000.0,
        "Cost Of Revenue": 1269900000.0,
        "Total Revenue": 1543800000.0,
        "Operating Revenue": 1543800000.0
    },
    "2022-03-31": {
        "Diluted EPS": 0.76,
        "Total Revenue": NaN,
        "Gross Profit": 233,
        "Operating Income": 143,
        "EBIT": 212,
        "Net Income": 85
    },
    "2021-12-31": {
        "Diluted EPS": 0.76,
        "Total Revenue": NaN,
        "Gross Profit": 214,
        "Operating Income": 129,
        "EBIT": 199,
        "Net Income": 85
    },
    "2021-09-30": {
        "Diluted EPS": 0.96,
        "Total Revenue": NaN,
        "Gross Profit": 248,
        "Operating Income": 168,
        "EBIT": 231,
        "Net Income": 106
    },
    "2021-06-30": {
        "Diluted EPS": 0.85,
        "Total Revenue": NaN,
        "Gross Profit": 235,
        "Operating Income": 153,
        "EBIT": 214,
        "Net Income": 94
    },
    "2021-03-31": {
        "Diluted EPS": 0.66,
        "Total Revenue": NaN,
        "Gross Profit": 221,
        "Operating Income": 127,
        "EBIT": 187,
        "Net Income": 73
    },
    "2020-12-31": {
        "Diluted EPS": 0.54,
        "Total Revenue": NaN,
        "Gross Profit": 200,
        "Operating Income": 105,
        "EBIT": 165,
        "Net Income": 60
    },
    "2020-09-30": {
        "Diluted EPS": 1.01,
        "Total Revenue": NaN,
        "Gross Profit": 258,
        "Operating Income": 174,
        "EBIT": 233,
        "Net Income": 113
    },
    "2020-06-30": {
        "Diluted EPS": 0.7,
        "Total Revenue": NaN,
        "Gross Profit": 224,
        "Operating Income": 131,
        "EBIT": 184,
        "Net Income": 78
    },
    "2020-03-31": {
        "Diluted EPS": 0.52,
        "Total Revenue": NaN,
        "Gross Profit": 185,
        "Operating Income": 102,
        "EBIT": 153,
        "Net Income": 58
    },
    "2019-12-31": {
        "Diluted EPS": 0.31,
        "Total Revenue": NaN,
        "Gross Profit": 157,
        "Operating Income": 71,
        "EBIT": 125,
        "Net Income": 35
    },
    "2019-09-30": {
        "Diluted EPS": 0.73,
        "Total Revenue": NaN,
        "Gross Profit": 208,
        "Operating Income": 133,
        "EBIT": 185,
        "Net Income": 81
    },
    "2019-06-30": {
        "Diluted EPS": 0.28,
        "Total Revenue": NaN,
        "Gross Profit": 184,
        "Operating Income": 69,
        "EBIT": 121,
        "Net Income": 31
    },
    "2019-03-31": {
        "Diluted EPS": 0.42,
        "Total Revenue": NaN,
        "Gross Profit": 166,
        "Operating Income": 87,
        "EBIT": 138,
        "Net Income": 47
    },
    "2018-12-31": {
        "Diluted EPS": 0.34,
        "Total Revenue": NaN,
        "Gross Profit": 152,
        "Operating Income": 77,
        "EBIT": 127,
        "Net Income": 38
    },
    "2018-09-30": {
        "Diluted EPS": 0.76,
        "Total Revenue": NaN,
        "Gross Profit": 204,
        "Operating Income": 138,
        "EBIT": 187,
        "Net Income": 85
    },
    "2018-06-30": {
        "Diluted EPS": 0.5,
        "Total Revenue": NaN,
        "Gross Profit": 173,
        "Operating Income": 104,
        "EBIT": 153,
        "Net Income": 55
    },
    "2018-03-31": {
        "Diluted EPS": 0.41,
        "Total Revenue": NaN,
        "Gross Profit": 160,
        "Operating Income": 92,
        "EBIT": 141,
        "Net Income": 46
    },
    "2017-12-31": {
        "Diluted EPS": 1.31,
        "Total Revenue": 996,
        "Gross Profit": 152,
        "Operating Income": 86,
        "EBIT": 135,
        "Net Income": 146
    },
    "2017-09-30": {
        "Diluted EPS": 0.65,
        "Total Revenue": NaN,
        "Gross Profit": 206,
        "Operating Income": 139,
        "EBIT": 185,
        "Net Income": 72
    },
    "2017-06-30": {
        "Diluted EPS": 0.25,
        "Total Revenue": NaN,
        "Gross Profit": 159,
        "Operating Income": 75,
        "EBIT": 121,
        "Net Income": 28
    },
    "2017-03-31": {
        "Diluted EPS": 0.21,
        "Total Revenue": 805,
        "Gross Profit": 118,
        "Operating Income": 57,
        "EBIT": 94,
        "Net Income": 23
    },
    "2016-12-31": {
        "Diluted EPS": 0.21,
        "Total Revenue": 806,
        "Gross Profit": 88,
        "Operating Income": 52,
        "EBIT": 89,
        "Net Income": 24
    },
    "2016-09-30": {
        "Diluted EPS": 0.57,
        "Total Revenue": NaN,
        "Gross Profit": 182,
        "Operating Income": 122,
        "EBIT": 160,
        "Net Income": 70
    },
    "2016-06-30": {
        "Diluted EPS": 0.27,
        "Total Revenue": 875,
        "Gross Profit": 128,
        "Operating Income": 68,
        "EBIT": 104,
        "Net Income": 33
    },
    "2016-03-31": {
        "Diluted EPS": 0.22,
        "Total Revenue": 793,
        "Gross Profit": 114,
        "Operating Income": 57,
        "EBIT": 94,
        "Net Income": 27
    },
    "2015-12-31": {
        "Diluted EPS": 0.22,
        "Total Revenue": 830,
        "Gross Profit": 113,
        "Operating Income": 53,
        "EBIT": 89,
        "Net Income": 27
    },
    "2015-09-30": {
        "Diluted EPS": 0.58,
        "Total Revenue": NaN,
        "Gross Profit": 185,
        "Operating Income": 122,
        "EBIT": 159,
        "Net Income": 70
    },
    "2015-06-30": {
        "Diluted EPS": 0.35,
        "Total Revenue": 914,
        "Gross Profit": 134,
        "Operating Income": 78,
        "EBIT": 115,
        "Net Income": 42
    },
    "2015-03-31": {
        "Diluted EPS": 0.27,
        "Total Revenue": 817,
        "Gross Profit": 122,
        "Operating Income": 67,
        "EBIT": 104,
        "Net Income": 33
    },
    "2014-12-31": {
        "Diluted EPS": 0.19,
        "Total Revenue": 910,
        "Gross Profit": 123,
        "Operating Income": 59,
        "EBIT": 97,
        "Net Income": 24
    },
    "2014-09-30": {
        "Diluted EPS": 0.66,
        "Total Revenue": NaN,
        "Gross Profit": 206,
        "Operating Income": 148,
        "EBIT": 185,
        "Net Income": 83
    },
    "2014-06-30": {
        "Diluted EPS": 0.35,
        "Total Revenue": 917,
        "Gross Profit": 144,
        "Operating Income": 86,
        "EBIT": 124,
        "Net Income": 44
    },
    "2014-03-31": {
        "Diluted EPS": 0.25,
        "Total Revenue": 856,
        "Gross Profit": 128,
        "Operating Income": 68,
        "EBIT": 106,
        "Net Income": 31
    },
    "2013-12-31": {
        "Diluted EPS": 0.18,
        "Total Revenue": 865,
        "Gross Profit": 120,
        "Operating Income": 55,
        "EBIT": 100,
        "Net Income": 23
    },
    "2013-09-30": {
        "Diluted EPS": 0.61,
        "Total Revenue": NaN,
        "Gross Profit": 188,
        "Operating Income": 136,
        "EBIT": 177,
        "Net Income": 77
    },
    "2013-06-30": {
        "Diluted EPS": 0.47,
        "Total Revenue": 880,
        "Gross Profit": 128,
        "Operating Income": 75,
        "EBIT": 117,
        "Net Income": 60
    },
    "2013-03-31": {
        "Diluted EPS": 0.19,
        "Total Revenue": 796,
        "Gross Profit": 111,
        "Operating Income": 58,
        "EBIT": 102,
        "Net Income": 25
    },
    "2012-12-31": {
        "Diluted EPS": 0.21,
        "Total Revenue": 859,
        "Gross Profit": 109,
        "Operating Income": 59,
        "EBIT": 103,
        "Net Income": 29
    },
    "2012-09-30": {
        "Diluted EPS": 0.57,
        "Total Revenue": NaN,
        "Gross Profit": 179,
        "Operating Income": 132,
        "EBIT": 174,
        "Net Income": 79
    },
    "2012-06-30": {
        "Diluted EPS": 0.08,
        "Total Revenue": 822,
        "Gross Profit": 115,
        "Operating Income": 69,
        "EBIT": 110,
        "Net Income": 11
    },
    "2012-03-31": {
        "Diluted EPS": 0.24,
        "Total Revenue": 768,
        "Gross Profit": 114,
        "Operating Income": 66,
        "EBIT": 108,
        "Net Income": 33
    },
    "2011-12-31": {
        "Diluted EPS": 0.27,
        "Total Revenue": 836,
        "Gross Profit": 117,
        "Operating Income": 70,
        "EBIT": 112,
        "Net Income": 37
    },
    "2011-09-30": {
        "Diluted EPS": 0.56,
        "Total Revenue": NaN,
        "Gross Profit": 183,
        "Operating Income": 136,
        "EBIT": 178,
        "Net Income": 79
    },
    "2011-06-30": {
        "Diluted EPS": 0.37,
        "Total Revenue": 822,
        "Gross Profit": 117,
        "Operating Income": 94,
        "EBIT": 136,
        "Net Income": 51
    },
    "2011-03-31": {
        "Diluted EPS": 0.19,
        "Total Revenue": 703,
        "Gross Profit": 102,
        "Operating Income": 54,
        "EBIT": 92,
        "Net Income": 26
    },
    "2010-12-31": {
        "Diluted EPS": 0.12,
        "Total Revenue": 712,
        "Gross Profit": 98,
        "Operating Income": 39,
        "EBIT": 76,
        "Net Income": 16
    },
    "2010-09-30": {
        "Diluted EPS": 0.42,
        "Total Revenue": NaN,
        "Gross Profit": 162,
        "Operating Income": 121,
        "EBIT": 157,
        "Net Income": 65
    },
    "2010-06-30": {
        "Diluted EPS": 0.24,
        "Total Revenue": 694,
        "Gross Profit": 109,
        "Operating Income": 67,
        "EBIT": 104,
        "Net Income": 36
    },
    "2010-03-31": {
        "Diluted EPS": 0.18,
        "Total Revenue": 664,
        "Gross Profit": 103,
        "Operating Income": 57,
        "EBIT": 93,
        "Net Income": 27
    },
    "2009-12-31": {
        "Diluted EPS": 0.16,
        "Total Revenue": 705,
        "Gross Profit": 92,
        "Operating Income": 51,
        "EBIT": 89,
        "Net Income": 24
    },
    "2009-09-30": {
        "Diluted EPS": 0.48,
        "Total Revenue": NaN,
        "Gross Profit": 167,
        "Operating Income": 128,
        "EBIT": 165,
        "Net Income": 74
    },
    "2009-06-30": {
        "Diluted EPS": 0.23,
        "Total Revenue": 690,
        "Gross Profit": 107,
        "Operating Income": 67,
        "EBIT": 103,
        "Net Income": 35
    },
    "2009-03-31": {
        "Diluted EPS": 0.18,
        "Total Revenue": 655,
        "Gross Profit": 95,
        "Operating Income": 52,
        "EBIT": 89,
        "Net Income": 27
    },
    "2023-09-30": {
        "Tax Effect Of Unusual Items": -1586728.0,
        "Tax Rate For Calcs": 0.247,
        "Normalized EBITDA": 269814000.0,
        "Total Unusual Items": -6424000.0,
        "Total Unusual Items Excluding Goodwill": -6424000.0,
        "Net Income From Continuing Operation Net Minority Interest": 110617000.0,
        "Reconciled Depreciation": 69299000.0,
        "Reconciled Cost Of Revenue": 1517183000.0,
        "EBITDA": 263390000.0,
        "EBIT": 194091000.0,
        "Net Interest Income": -47264000.0,
        "Interest Expense": 47264000.0,
        "Normalized Income": 115454272.0,
        "Net Income From Continuing And Discontinued Operation": 110617000.0,
        "Total Expenses": 1602586000.0,
        "Total Operating Income As Reported": NaN,
        "Diluted Average Shares": 108800000.0,
        "Basic Average Shares": 108400000.0,
        "Diluted EPS": 1.02,
        "Basic EPS": 1.02,
        "Diluted NI Availto Com Stockholders": 110617000.0,
        "Net Income Common Stockholders": 110617000.0,
        "Net Income": 110617000.0,
        "Net Income Including Noncontrolling Interests": 110617000.0,
        "Net Income Continuous Operations": 110617000.0,
        "Tax Provision": 36210000.0,
        "Pretax Income": 146827000.0,
        "Other Income Expense": -6424000.0,
        "Other Non Operating Income Expenses": NaN,
        "Special Income Charges": -6424000.0,
        "Other Special Charges": NaN,
        "Restructuring And Mergern Acquisition": 6424000.0,
        "Net Non Operating Interest Income Expense": -47264000.0,
        "Interest Expense Non Operating": 47264000.0,
        "Operating Income": 200515000.0,
        "Operating Expense": 85403000.0,
        "Selling General And Administration": 85403000.0,
        "Selling And Marketing Expense": 84320000.0,
        "General And Administrative Expense": 1083000.0,
        "Other Gand A": 84320000.0,
        "Salaries And Wages": 1083000.0,
        "Gross Profit": 285918000.0,
        "Cost Of Revenue": 1517183000.0,
        "Total Revenue": 1803101000.0,
        "Operating Revenue": 1803101000.0
    },
    "2023-12-31": {
        "Tax Effect Of Unusual Items": 1102098.504143,
        "Tax Rate For Calcs": 0.229604,
        "Normalized EBITDA": 183810000.0,
        "Total Unusual Items": 4800000.0,
        "Total Unusual Items Excluding Goodwill": 4800000.0,
        "Net Income From Continuing Operation Net Minority Interest": 64429000.0,
        "Reconciled Depreciation": 62486000.0,
        "Reconciled Cost Of Revenue": 1121547000.0,
        "EBITDA": 188610000.0,
        "EBIT": 126124000.0,
        "Net Interest Income": -42493000.0,
        "Interest Expense": 42493000.0,
        "Normalized Income": 60731098.504143,
        "Net Income From Continuing And Discontinued Operation": 64429000.0,
        "Total Expenses": 1218772000.0,
        "Total Operating Income As Reported": NaN,
        "Diluted Average Shares": 106900000.0,
        "Basic Average Shares": 106600000.0,
        "Diluted EPS": 0.6,
        "Basic EPS": 0.6,
        "Diluted NI Availto Com Stockholders": 64429000.0,
        "Net Income Common Stockholders": 64429000.0,
        "Net Income": 64429000.0,
        "Net Income Including Noncontrolling Interests": 64429000.0,
        "Net Income Continuous Operations": 64429000.0,
        "Tax Provision": 19202000.0,
        "Pretax Income": 83631000.0,
        "Other Income Expense": 4800000.0,
        "Other Non Operating Income Expenses": NaN,
        "Special Income Charges": 4800000.0,
        "Other Special Charges": NaN,
        "Restructuring And Mergern Acquisition": -4800000.0,
        "Net Non Operating Interest Income Expense": -42493000.0,
        "Interest Expense Non Operating": 42493000.0,
        "Operating Income": 121324000.0,
        "Operating Expense": 97225000.0,
        "Selling General And Administration": 97225000.0,
        "Selling And Marketing Expense": 96556000.0,
        "General And Administrative Expense": 669000.0,
        "Other Gand A": 96556000.0,
        "Salaries And Wages": 669000.0,
        "Gross Profit": 218549000.0,
        "Cost Of Revenue": 1121547000.0,
        "Total Revenue": 1340096000.0,
        "Operating Revenue": 1340096000.0
    },
    "2024-03-31": {
        "Tax Effect Of Unusual Items": -2864295.0,
        "Tax Rate For Calcs": 0.245,
        "Normalized EBITDA": 189840000.0,
        "Total Unusual Items": -11691000.0,
        "Total Unusual Items Excluding Goodwill": -11691000.0,
        "Net Income From Continuing Operation Net Minority Interest": 55164000.0,
        "Reconciled Depreciation": 66430000.0,
        "Reconciled Cost Of Revenue": 1093559000.0,
        "EBITDA": 178149000.0,
        "EBIT": 111719000.0,
        "Net Interest Income": -38647000.0,
        "Interest Expense": 38647000.0,
        "Normalized Income": 63990705.0,
        "Net Income From Continuing And Discontinued Operation": 55164000.0,
        "Total Expenses": 1193628000.0,
        "Total Operating Income As Reported": NaN,
        "Diluted Average Shares": 107051000.0,
        "Basic Average Shares": 106646000.0,
        "Diluted EPS": 0.52,
        "Basic EPS": 0.52,
        "Diluted NI Availto Com Stockholders": 55164000.0,
        "Net Income Common Stockholders": 55164000.0,
        "Net Income": 55164000.0,
        "Net Income Including Noncontrolling Interests": 55164000.0,
        "Net Income Continuous Operations": 55164000.0,
        "Tax Provision": 17908000.0,
        "Pretax Income": 73072000.0,
        "Other Income Expense": -11691000.0,
        "Other Non Operating Income Expenses": NaN,
        "Special Income Charges": -11691000.0,
        "Other Special Charges": NaN,
        "Restructuring And Mergern Acquisition": 11691000.0,
        "Net Non Operating Interest Income Expense": -38647000.0,
        "Interest Expense Non Operating": 38647000.0,
        "Operating Income": 123410000.0,
        "Operating Expense": 100069000.0,
        "Selling General And Administration": 100069000.0,
        "Selling And Marketing Expense": 100476000.0,
        "General And Administrative Expense": -407000.0,
        "Other Gand A": 100476000.0,
        "Salaries And Wages": -407000.0,
        "Gross Profit": 223479000.0,
        "Cost Of Revenue": 1093559000.0,
        "Total Revenue": 1317038000.0,
        "Operating Revenue": 1317038000.0
    },
    "2024-06-30": {
        "Tax Effect Of Unusual Items": -1666737.0,
        "Tax Rate For Calcs": 0.243,
        "Normalized EBITDA": 214214000.0,
        "Total Unusual Items": -6859000.0,
        "Total Unusual Items Excluding Goodwill": -6859000.0,
        "Net Income From Continuing Operation Net Minority Interest": 76097000.0,
        "Reconciled Depreciation": 65502000.0,
        "Reconciled Cost Of Revenue": 1125361000.0,
        "EBITDA": 207355000.0,
        "EBIT": 141853000.0,
        "Net Interest Income": -41343000.0,
        "Interest Expense": 41343000.0,
        "Normalized Income": 81289263.0,
        "Net Income From Continuing And Discontinued Operation": 76097000.0,
        "Total Expenses": 1232653000.0,
        "Total Operating Income As Reported": NaN,
        "Diluted Average Shares": 107015000.0,
        "Basic Average Shares": 106835000.0,
        "Diluted EPS": 0.71,
        "Basic EPS": 0.71,
        "Diluted NI Availto Com Stockholders": 76097000.0,
        "Net Income Common Stockholders": 76097000.0,
        "Net Income": 76097000.0,
        "Net Income Including Noncontrolling Interests": 76097000.0,
        "Net Income Continuous Operations": 76097000.0,
        "Tax Provision": 24413000.0,
        "Pretax Income": 100510000.0,
        "Other Income Expense": -6859000.0,
        "Other Non Operating Income Expenses": NaN,
        "Special Income Charges": -6859000.0,
        "Other Special Charges": NaN,
        "Restructuring And Mergern Acquisition": 6859000.0,
        "Net Non Operating Interest Income Expense": -41343000.0,
        "Interest Expense Non Operating": 41343000.0,
        "Operating Income": 148712000.0,
        "Operating Expense": 107292000.0,
        "Selling General And Administration": 107292000.0,
        "Selling And Marketing Expense": 107701000.0,
        "General And Administrative Expense": -409000.0,
        "Other Gand A": NaN,
        "Salaries And Wages": -409000.0,
        "Gross Profit": 256004000.0,
        "Cost Of Revenue": 1125361000.0,
        "Total Revenue": 1381365000.0,
        "Operating Revenue": 1381365000.0
    }
}