{
    "2023-06-30": {
        "Tax Effect Of Unusual Items": 0.0,
        "Tax Rate For Calcs": 0.256578,
        "Total Unusual Items": NaN,
        "Total Unusual Items Excluding Goodwill": NaN,
        "Net Income From Continuing Operation Net Minority Interest": 265065000.0,
        "Reconciled Depreciation": 6866000.0,
        "Net Interest Income": 386631000.0,
        "Interest Expense": 247274000.0,
        "Interest Income": 633905000.0,
        "Normalized Income": 265065000.0,
        "Net Income From Continuing And Discontinued Operation": 265065000.0,
        "Diluted Average Shares": 237592000.0,
        "Basic Average Shares": 235061000.0,
        "Diluted EPS": 1.1,
        "Basic EPS": 1.11,
        "Diluted NI Availto Com Stockholders": 260791000.0,
        "Net Income Common Stockholders": 260791000.0,
        "Preferred Stock Dividends": 4274000.0,
        "Net Income": 265065000.0,
        "Net Income Including Noncontrolling Interests": 265065000.0,
        "Net Income Continuous Operations": 265065000.0,
        "Tax Provision": 91482000.0,
        "Pretax Income": 356547000.0,
        "Special Income Charges": NaN,
        "Restructuring And Mergern Acquisition": NaN,
        "Gain On Sale Of Security": -1213000.0,
        "Depreciation Amortization Depletion Income Statement": 2245000.0,
        "Depreciation And Amortization In Income Statement": 2245000.0,
        "Amortization": 2245000.0,
        "Amortization Of Intangibles Income Statement": 2245000.0,
        "Selling General And Administration": 88084000.0,
        "General And Administrative Expense": 88084000.0,
        "Insurance And Claims": 9851000.0,
        "Salaries And Wages": 78233000.0,
        "Total Revenue": 530685000.0,
        "Operating Revenue": 530685000.0,
        "Other Non Interest Expense": 66080000.0
    },
    "2023-03-31": {
        "Tax Effect Of Unusual Items": NaN,
        "Tax Rate For Calcs": NaN,
        "Total Unusual Items": 0.0,
        "Total Unusual Items Excluding Goodwill": 0.0,
        "Net Income From Continuing Operation Net Minority Interest": NaN,
        "Reconciled Depreciation": NaN,
        "Net Interest Income": NaN,
        "Interest Expense": NaN,
        "Interest Income": NaN,
        "Normalized Income": NaN,
        "Net Income From Continuing And Discontinued Operation": NaN,
        "Diluted Average Shares": NaN,
        "Basic Average Shares": NaN,
        "Diluted EPS": NaN,
        "Basic EPS": NaN,
        "Diluted NI Availto Com Stockholders": NaN,
        "Net Income Common Stockholders": NaN,
        "Preferred Stock Dividends": NaN,
        "Net Income": NaN,
        "Net Income Including Noncontrolling Interests": NaN,
        "Net Income Continuous Operations": NaN,
        "Tax Provision": NaN,
        "Pretax Income": NaN,
        "Special Income Charges": 0.0,
        "Restructuring And Mergern Acquisition": 0.0,
        "Gain On Sale Of Security": NaN,
        "Depreciation Amortization Depletion Income Statement": NaN,
        "Depreciation And Amortization In Income Statement": NaN,
        "Amortization": NaN,
        "Amortization Of Intangibles Income Statement": NaN,
        "Selling General And Administration": NaN,
        "General And Administrative Expense": NaN,
        "Insurance And Claims": NaN,
        "Salaries And Wages": NaN,
        "Total Revenue": NaN,
        "Operating Revenue": NaN,
        "Other Non Interest Expense": NaN
    },
    "2022-12-31": {
        "Tax Effect Of Unusual Items": NaN,
        "Tax Rate For Calcs": NaN,
        "Total Unusual Items": -1000.0,
        "Total Unusual Items Excluding Goodwill": -1000.0,
        "Net Income From Continuing Operation Net Minority Interest": NaN,
        "Reconciled Depreciation": NaN,
        "Net Interest Income": NaN,
        "Interest Expense": NaN,
        "Interest Income": NaN,
        "Normalized Income": NaN,
        "Net Income From Continuing And Discontinued Operation": NaN,
        "Diluted Average Shares": NaN,
        "Basic Average Shares": NaN,
        "Diluted EPS": NaN,
        "Basic EPS": NaN,
        "Diluted NI Availto Com Stockholders": NaN,
        "Net Income Common Stockholders": NaN,
        "Preferred Stock Dividends": NaN,
        "Net Income": NaN,
        "Net Income Including Noncontrolling Interests": NaN,
        "Net Income Continuous Operations": NaN,
        "Tax Provision": NaN,
        "Pretax Income": NaN,
        "Special Income Charges": -1000.0,
        "Restructuring And Mergern Acquisition": 1000.0,
        "Gain On Sale Of Security": NaN,
        "Depreciation Amortization Depletion Income Statement": NaN,
        "Depreciation And Amortization In Income Statement": NaN,
        "Amortization": NaN,
        "Amortization Of Intangibles Income Statement": NaN,
        "Selling General And Administration": NaN,
        "General And Administrative Expense": NaN,
        "Insurance And Claims": NaN,
        "Salaries And Wages": NaN,
        "Total Revenue": NaN,
        "Operating Revenue": NaN,
        "Other Non Interest Expense": NaN
    },
    "2022-09-30": {
        "Tax Effect Of Unusual Items": NaN,
        "Tax Rate For Calcs": NaN,
        "Total Unusual Items": 0.0,
        "Total Unusual Items Excluding Goodwill": 0.0,
        "Net Income From Continuing Operation Net Minority Interest": NaN,
        "Reconciled Depreciation": NaN,
        "Net Interest Income": NaN,
        "Interest Expense": NaN,
        "Interest Income": NaN,
        "Normalized Income": NaN,
        "Net Income From Continuing And Discontinued Operation": NaN,
        "Diluted Average Shares": NaN,
        "Basic Average Shares": NaN,
        "Diluted EPS": NaN,
        "Basic EPS": NaN,
        "Diluted NI Availto Com Stockholders": NaN,
        "Net Income Common Stockholders": NaN,
        "Preferred Stock Dividends": NaN,
        "Net Income": NaN,
        "Net Income Including Noncontrolling Interests": NaN,
        "Net Income Continuous Operations": NaN,
        "Tax Provision": NaN,
        "Pretax Income": NaN,
        "Special Income Charges": 0.0,
        "Restructuring And Mergern Acquisition": 0.0,
        "Gain On Sale Of Security": NaN,
        "Depreciation Amortization Depletion Income Statement": NaN,
        "Depreciation And Amortization In Income Statement": NaN,
        "Amortization": NaN,
        "Amortization Of Intangibles Income Statement": NaN,
        "Selling General And Administration": NaN,
        "General And Administrative Expense": NaN,
        "Insurance And Claims": NaN,
        "Salaries And Wages": NaN,
        "Total Revenue": NaN,
        "Operating Revenue": NaN
    },
    "2022-06-30": {
        "Tax Effect Of Unusual Items": 0.0,
        "Tax Rate For Calcs": 0.250446,
        "Total Unusual Items": 0.0,
        "Total Unusual Items Excluding Goodwill": 0.0,
        "Net Income From Continuing Operation Net Minority Interest": 342073000.0,
        "Reconciled Depreciation": 2417000.0,
        "Net Interest Income": 362808000.0,
        "Interest Expense": 100223000.0,
        "Interest Income": 463031000.0,
        "Normalized Income": 342073000.0,
        "Net Income From Continuing And Discontinued Operation": 342073000.0,
        "Diluted Average Shares": 264122000.0,
        "Basic Average Shares": 261333000.0,
        "Diluted EPS": 1.29,
        "Basic EPS": 1.3,
        "Diluted NI Availto Com Stockholders": 340316000.0,
        "Net Income Common Stockholders": 340316000.0,
        "Preferred Stock Dividends": 1757000.0,
        "Net Income": 342073000.0,
        "Net Income Including Noncontrolling Interests": 342073000.0,
        "Net Income Continuous Operations": 342073000.0,
        "Tax Provision": 114296000.0,
        "Pretax Income": 456369000.0,
        "Special Income Charges": 0.0,
        "Restructuring And Mergern Acquisition": 0.0,
        "Gain On Sale Of Security": 0.0,
        "Depreciation Amortization Depletion Income Statement": 2417000.0,
        "Depreciation And Amortization In Income Statement": 2417000.0,
        "Amortization": 2417000.0,
        "Amortization Of Intangibles Income Statement": 2417000.0,
        "Selling General And Administration": 67236000.0,
        "General And Administrative Expense": 67236000.0,
        "Insurance And Claims": 1225000.0,
        "Salaries And Wages": 66011000.0,
        "Total Revenue": 621061000.0,
        "Operating Revenue": 621061000.0
    },
    "2022-03-31": {
        "Diluted EPS": 0.45,
        "Total Revenue": 487,
        "Gross Profit": 397,
        "Operating Income": 167,
        "EBIT": NaN,
        "Net Income": 128
    },
    "2021-12-31": {
        "Diluted EPS": 1.18,
        "Total Revenue": 611,
        "Gross Profit": 520,
        "Operating Income": 410,
        "EBIT": NaN,
        "Net Income": 305
    },
    "2021-09-30": {
        "Diluted EPS": 0.24,
        "Total Revenue": 461,
        "Gross Profit": 371,
        "Operating Income": 92,
        "EBIT": NaN,
        "Net Income": 72
    },
    "2021-06-30": {
        "Diluted EPS": 0.44,
        "Total Revenue": 487,
        "Gross Profit": 391,
        "Operating Income": 193,
        "EBIT": NaN,
        "Net Income": 139
    },
    "2021-03-31": {
        "Diluted EPS": 1.75,
        "Total Revenue": 850,
        "Gross Profit": 745,
        "Operating Income": 846,
        "EBIT": NaN,
        "Net Income": 640
    },
    "2020-12-31": {
        "Diluted EPS": 1.16,
        "Total Revenue": 480,
        "Gross Profit": 367,
        "Operating Income": 562,
        "EBIT": NaN,
        "Net Income": 431
    },
    "2020-09-30": {
        "Diluted EPS": 0.45,
        "Total Revenue": 492,
        "Gross Profit": 374,
        "Operating Income": 250,
        "EBIT": NaN,
        "Net Income": 169
    },
    "2020-06-30": {
        "Diluted EPS": -0.23,
        "Total Revenue": 514,
        "Gross Profit": 378,
        "Operating Income": -116,
        "EBIT": NaN,
        "Net Income": -88
    },
    "2020-03-31": {
        "Diluted EPS": 0.87,
        "Total Revenue": 867,
        "Gross Profit": 692,
        "Operating Income": 484,
        "EBIT": NaN,
        "Net Income": 359
    },
    "2019-12-31": {
        "Diluted EPS": 0.32,
        "Total Revenue": 597,
        "Gross Profit": 415,
        "Operating Income": 176,
        "EBIT": NaN,
        "Net Income": 137
    },
    "2019-09-30": {
        "Diluted EPS": 0.29,
        "Total Revenue": 608,
        "Gross Profit": 422,
        "Operating Income": 169,
        "EBIT": NaN,
        "Net Income": 124
    },
    "2019-06-30": {
        "Diluted EPS": 0.34,
        "Total Revenue": 593,
        "Gross Profit": 416,
        "Operating Income": 184,
        "EBIT": NaN,
        "Net Income": 146
    },
    "2019-03-31": {
        "Diluted EPS": 0.35,
        "Total Revenue": 583,
        "Gross Profit": 418,
        "Operating Income": 214,
        "EBIT": NaN,
        "Net Income": 154
    },
    "2018-12-31": {
        "Diluted EPS": 0.32,
        "Total Revenue": 551,
        "Gross Profit": 396,
        "Operating Income": 192,
        "EBIT": NaN,
        "Net Income": 143
    },
    "2018-09-30": {
        "Diluted EPS": 0.23,
        "Total Revenue": 412,
        "Gross Profit": 271,
        "Operating Income": 50,
        "EBIT": NaN,
        "Net Income": 100
    },
    "2018-06-30": {
        "Diluted EPS": 0.24,
        "Total Revenue": 470,
        "Gross Profit": 348,
        "Operating Income": 150,
        "EBIT": NaN,
        "Net Income": 106
    },
    "2018-03-31": {
        "Diluted EPS": 0.28,
        "Total Revenue": 451,
        "Gross Profit": 346,
        "Operating Income": 167,
        "EBIT": NaN,
        "Net Income": 123
    },
    "2017-12-31": {
        "Diluted EPS": 0.1,
        "Total Revenue": 377,
        "Gross Profit": 287,
        "Operating Income": 113,
        "EBIT": NaN,
        "Net Income": 44
    },
    "2017-09-30": {
        "Diluted EPS": 0.17,
        "Total Revenue": 372,
        "Gross Profit": 288,
        "Operating Income": 117,
        "EBIT": NaN,
        "Net Income": 73
    },
    "2017-06-30": {
        "Diluted EPS": 0.15,
        "Total Revenue": 349,
        "Gross Profit": 277,
        "Operating Income": 115,
        "EBIT": NaN,
        "Net Income": 67
    },
    "2017-03-31": {
        "Diluted EPS": 0.2,
        "Total Revenue": 335,
        "Gross Profit": 274,
        "Operating Income": 146,
        "EBIT": NaN,
        "Net Income": 89
    },
    "2016-12-31": {
        "Diluted EPS": 0.15,
        "Total Revenue": 309,
        "Gross Profit": 255,
        "Operating Income": 113,
        "EBIT": NaN,
        "Net Income": 65
    },
    "2016-09-30": {
        "Diluted EPS": 0.12,
        "Total Revenue": 296,
        "Gross Profit": 246,
        "Operating Income": 105,
        "EBIT": NaN,
        "Net Income": 52
    },
    "2016-06-30": {
        "Diluted EPS": 0.12,
        "Total Revenue": 271,
        "Gross Profit": 229,
        "Operating Income": 92,
        "EBIT": NaN,
        "Net Income": 52
    },
    "2016-03-31": {
        "Diluted EPS": 0.14,
        "Total Revenue": 270,
        "Gross Profit": 231,
        "Operating Income": 105,
        "EBIT": NaN,
        "Net Income": 61
    },
    "2015-12-31": {
        "Diluted EPS": 0.2,
        "Total Revenue": 294,
        "Gross Profit": 260,
        "Operating Income": 144,
        "EBIT": NaN,
        "Net Income": 85
    },
    "2015-09-30": {
        "Diluted EPS": 0.09,
        "Total Revenue": 219,
        "Gross Profit": 185,
        "Operating Income": 65,
        "EBIT": NaN,
        "Net Income": 41
    },
    "2015-06-30": {
        "Diluted EPS": 0.2,
        "Total Revenue": 288,
        "Gross Profit": 258,
        "Operating Income": 152,
        "EBIT": NaN,
        "Net Income": 86
    },
    "2015-03-31": {
        "Diluted EPS": 0.1,
        "Total Revenue": 213,
        "Gross Profit": 182,
        "Operating Income": 84,
        "EBIT": NaN,
        "Net Income": 43
    },
    "2014-12-31": {
        "Diluted EPS": 0.04,
        "Total Revenue": 191,
        "Gross Profit": 163,
        "Operating Income": 60,
        "EBIT": NaN,
        "Net Income": 15
    },
    "2014-09-30": {
        "Diluted EPS": 0.18,
        "Total Revenue": 264,
        "Gross Profit": 240,
        "Operating Income": 153,
        "EBIT": NaN,
        "Net Income": 78
    },
    "2014-06-30": {
        "Diluted EPS": 0.09,
        "Total Revenue": 173,
        "Gross Profit": 152,
        "Operating Income": 91,
        "EBIT": NaN,
        "Net Income": 41
    },
    "2014-03-31": {
        "Diluted EPS": 0.11,
        "Total Revenue": 203,
        "Gross Profit": 180,
        "Operating Income": 76,
        "EBIT": NaN,
        "Net Income": 47
    },
    "2013-12-31": {
        "Diluted EPS": -0.44,
        "Total Revenue": NaN,
        "Gross Profit": -644,
        "Operating Income": -353,
        "EBIT": NaN,
        "Net Income": -208
    },
    "2013-09-30": {
        "Diluted EPS": 0.11,
        "Total Revenue": 191,
        "Gross Profit": 170,
        "Operating Income": 79,
        "EBIT": NaN,
        "Net Income": 49
    },
    "2013-06-30": {
        "Diluted EPS": 0.17,
        "Total Revenue": 211,
        "Gross Profit": 189,
        "Operating Income": 123,
        "EBIT": NaN,
        "Net Income": 76
    },
    "2013-03-31": {
        "Diluted EPS": 0.74,
        "Total Revenue": NaN,
        "Gross Profit": NaN,
        "Operating Income": 566,
        "EBIT": NaN,
        "Net Income": 341
    },
    "2012-12-31": {
        "Diluted EPS": -0.74,
        "Total Revenue": NaN,
        "Gross Profit": NaN,
        "Operating Income": -601,
        "EBIT": NaN,
        "Net Income": -359
    },
    "2012-09-30": {
        "Diluted EPS": 0.39,
        "Total Revenue": NaN,
        "Gross Profit": 788,
        "Operating Income": 293,
        "EBIT": NaN,
        "Net Income": 183
    },
    "2012-06-30": {
        "Diluted EPS": 0.59,
        "Total Revenue": NaN,
        "Gross Profit": 946,
        "Operating Income": 467,
        "EBIT": NaN,
        "Net Income": 287
    },
    "2012-03-31": {
        "Diluted EPS": 0.21,
        "Total Revenue": NaN,
        "Gross Profit": 703,
        "Operating Income": 183,
        "EBIT": NaN,
        "Net Income": 107
    },
    "2011-12-31": {
        "Diluted EPS": 0.98,
        "Total Revenue": NaN,
        "Gross Profit": NaN,
        "Operating Income": 797,
        "EBIT": NaN,
        "Net Income": 506
    },
    "2011-09-30": {
        "Diluted EPS": -0.1,
        "Total Revenue": NaN,
        "Gross Profit": 585,
        "Operating Income": -115,
        "EBIT": NaN,
        "Net Income": -52
    },
    "2011-06-30": {
        "Diluted EPS": -0.02,
        "Total Revenue": NaN,
        "Gross Profit": 540,
        "Operating Income": -25,
        "EBIT": NaN,
        "Net Income": -10
    },
    "2011-03-31": {
        "Diluted EPS": 0.32,
        "Total Revenue": NaN,
        "Gross Profit": 892,
        "Operating Income": 280,
        "EBIT": NaN,
        "Net Income": 171
    },
    "2010-12-31": {
        "Diluted EPS": 0.92,
        "Total Revenue": NaN,
        "Gross Profit": NaN,
        "Operating Income": 793,
        "EBIT": NaN,
        "Net Income": 431
    },
    "2010-09-30": {
        "Diluted EPS": -1.06,
        "Total Revenue": NaN,
        "Gross Profit": 720,
        "Operating Income": -610,
        "EBIT": NaN,
        "Net Income": -514
    },
    "2010-06-30": {
        "Diluted EPS": 0.63,
        "Total Revenue": NaN,
        "Gross Profit": NaN,
        "Operating Income": 562,
        "EBIT": NaN,
        "Net Income": 319
    },
    "2010-03-31": {
        "Diluted EPS": 0.45,
        "Total Revenue": NaN,
        "Gross Profit": NaN,
        "Operating Income": 431,
        "EBIT": NaN,
        "Net Income": 221
    },
    "2009-12-31": {
        "Diluted EPS": 0.55,
        "Total Revenue": NaN,
        "Gross Profit": NaN,
        "Operating Income": 702,
        "EBIT": NaN,
        "Net Income": 258
    },
    "2009-09-30": {
        "Diluted EPS": 0.25,
        "Total Revenue": NaN,
        "Gross Profit": 883,
        "Operating Income": 249,
        "EBIT": NaN,
        "Net Income": 116
    },
    "2009-06-30": {
        "Diluted EPS": -0.32,
        "Total Revenue": NaN,
        "Gross Profit": 431,
        "Operating Income": -156,
        "EBIT": NaN,
        "Net Income": -149
    },
    "2009-03-31": {
        "Diluted EPS": -0.1,
        "Total Revenue": NaN,
        "Gross Profit": 569,
        "Operating Income": 23,
        "EBIT": NaN,
        "Net Income": -48
    },
    "2023-09-30": {
        "Tax Effect Of Unusual Items": 0.0,
        "Tax Rate For Calcs": 0.277,
        "Total Unusual Items": NaN,
        "Total Unusual Items Excluding Goodwill": NaN,
        "Net Income From Continuing Operation Net Minority Interest": 29365000.0,
        "Reconciled Depreciation": 7093000.0,
        "Net Interest Income": 384628000.0,
        "Interest Expense": 267622000.0,
        "Interest Income": 652250000.0,
        "Normalized Income": 29365000.0,
        "Net Income From Continuing And Discontinued Operation": 29365000.0,
        "Diluted Average Shares": 228800000.0,
        "Basic Average Shares": 226120000.0,
        "Diluted EPS": 0.11,
        "Basic EPS": 0.11,
        "Diluted NI Availto Com Stockholders": 24723000.0,
        "Net Income Common Stockholders": 24723000.0,
        "Preferred Stock Dividends": 4642000.0,
        "Net Income": 29365000.0,
        "Net Income Including Noncontrolling Interests": 29365000.0,
        "Net Income Continuous Operations": 29365000.0,
        "Tax Provision": 11242000.0,
        "Pretax Income": 40607000.0,
        "Special Income Charges": NaN,
        "Restructuring And Mergern Acquisition": NaN,
        "Gain On Sale Of Security": 1490000.0,
        "Depreciation Amortization Depletion Income Statement": 2834000.0,
        "Depreciation And Amortization In Income Statement": 2834000.0,
        "Amortization": 2834000.0,
        "Amortization Of Intangibles Income Statement": 2834000.0,
        "Selling General And Administration": 95860000.0,
        "General And Administrative Expense": 95860000.0,
        "Insurance And Claims": 12283000.0,
        "Salaries And Wages": 83577000.0,
        "Total Revenue": 408866000.0,
        "Operating Revenue": 408866000.0,
        "Other Non Interest Expense": 71542000.0
    },
    "2023-12-31": {
        "Tax Effect Of Unusual Items": 11354.167591,
        "Tax Rate For Calcs": 0.252315,
        "Total Unusual Items": 45000.0,
        "Total Unusual Items Excluding Goodwill": 45000.0,
        "Net Income From Continuing Operation Net Minority Interest": 168443000.0,
        "Reconciled Depreciation": 63420000.0,
        "Net Interest Income": 385886000.0,
        "Interest Expense": 282664000.0,
        "Interest Income": 668550000.0,
        "Normalized Income": 168409354.167591,
        "Net Income From Continuing And Discontinued Operation": 168443000.0,
        "Diluted Average Shares": 226552000.0,
        "Basic Average Shares": 223224000.0,
        "Diluted EPS": 0.72,
        "Basic EPS": 0.73,
        "Diluted NI Availto Com Stockholders": 163717000.0,
        "Net Income Common Stockholders": 163717000.0,
        "Preferred Stock Dividends": 4726000.0,
        "Net Income": 168443000.0,
        "Net Income Including Noncontrolling Interests": 168443000.0,
        "Net Income Continuous Operations": 168443000.0,
        "Tax Provision": 56843000.0,
        "Pretax Income": 225286000.0,
        "Special Income Charges": 45000.0,
        "Restructuring And Mergern Acquisition": -45000.0,
        "Gain On Sale Of Security": 690000.0,
        "Depreciation Amortization Depletion Income Statement": 59013000.0,
        "Depreciation And Amortization In Income Statement": 59013000.0,
        "Amortization": 59013000.0,
        "Amortization Of Intangibles Income Statement": 59013000.0,
        "Selling General And Administration": 89198000.0,
        "General And Administrative Expense": 89198000.0,
        "Insurance And Claims": 12103000.0,
        "Salaries And Wages": 77095000.0,
        "Total Revenue": 442999000.0,
        "Operating Revenue": 442999000.0,
        "Other Non Interest Expense": 53948000.0
    },
    "2024-03-31": {
        "Tax Effect Of Unusual Items": 0.0,
        "Tax Rate For Calcs": 0.252,
        "Total Unusual Items": NaN,
        "Total Unusual Items Excluding Goodwill": NaN,
        "Net Income From Continuing Operation Net Minority Interest": 289931000.0,
        "Reconciled Depreciation": 5920000.0,
        "Net Interest Income": 387016000.0,
        "Interest Expense": 276542000.0,
        "Interest Income": 663558000.0,
        "Normalized Income": 289931000.0,
        "Net Income From Continuing And Discontinued Operation": 289931000.0,
        "Diluted Average Shares": 223845000.0,
        "Basic Average Shares": 220416000.0,
        "Diluted EPS": 1.27,
        "Basic EPS": 1.29,
        "Diluted NI Availto Com Stockholders": 285278000.0,
        "Net Income Common Stockholders": 285278000.0,
        "Preferred Stock Dividends": 4653000.0,
        "Net Income": 289931000.0,
        "Net Income Including Noncontrolling Interests": 289931000.0,
        "Net Income Continuous Operations": 289931000.0,
        "Tax Provision": 97554000.0,
        "Pretax Income": 387485000.0,
        "Special Income Charges": NaN,
        "Restructuring And Mergern Acquisition": NaN,
        "Gain On Sale Of Security": 2118000.0,
        "Depreciation Amortization Depletion Income Statement": 1215000.0,
        "Depreciation And Amortization In Income Statement": 1215000.0,
        "Amortization": 1215000.0,
        "Amortization Of Intangibles Income Statement": 1215000.0,
        "Selling General And Administration": 109788000.0,
        "General And Administrative Expense": 109788000.0,
        "Insurance And Claims": 13312000.0,
        "Salaries And Wages": 96476000.0,
        "Total Revenue": 561174000.0,
        "Operating Revenue": 561174000.0,
        "Other Non Interest Expense": 50645000.0
    },
    "2024-06-30": {
        "Tax Effect Of Unusual Items": 0.0,
        "Tax Rate For Calcs": 0.256,
        "Total Unusual Items": NaN,
        "Total Unusual Items Excluding Goodwill": NaN,
        "Net Income From Continuing Operation Net Minority Interest": 251993000.0,
        "Reconciled Depreciation": 5956000.0,
        "Net Interest Income": 372172000.0,
        "Interest Expense": 269304000.0,
        "Interest Income": 641476000.0,
        "Normalized Income": 251993000.0,
        "Net Income From Continuing And Discontinued Operation": 251993000.0,
        "Diluted Average Shares": 222467000.0,
        "Basic Average Shares": 218924000.0,
        "Diluted EPS": 1.11,
        "Basic EPS": 1.13,
        "Diluted NI Availto Com Stockholders": 247365000.0,
        "Net Income Common Stockholders": 247365000.0,
        "Preferred Stock Dividends": 4628000.0,
        "Net Income": 251993000.0,
        "Net Income Including Noncontrolling Interests": 251993000.0,
        "Net Income Continuous Operations": 251993000.0,
        "Tax Provision": 86554000.0,
        "Pretax Income": 338547000.0,
        "Special Income Charges": NaN,
        "Restructuring And Mergern Acquisition": NaN,
        "Gain On Sale Of Security": 2103000.0,
        "Depreciation Amortization Depletion Income Statement": 1394000.0,
        "Depreciation And Amortization In Income Statement": 1394000.0,
        "Amortization": 1394000.0,
        "Amortization Of Intangibles Income Statement": 1394000.0,
        "Selling General And Administration": 96988000.0,
        "General And Administrative Expense": 96988000.0,
        "Insurance And Claims": 11727000.0,
        "Salaries And Wages": 85261000.0,
        "Total Revenue": 513977000.0,
        "Operating Revenue": 513977000.0,
        "Other Non Interest Expense": 60218000.0
    },
    "2024-09-30": {
        "Tax Effect Of Unusual Items": 0.0,
        "Tax Rate For Calcs": 0.242,
        "Total Unusual Items": NaN,
        "Total Unusual Items Excluding Goodwill": NaN,
        "Net Income From Continuing Operation Net Minority Interest": -45152000.0,
        "Reconciled Depreciation": 5447000.0,
        "Net Interest Income": 359403000.0,
        "Interest Expense": 293236000.0,
        "Interest Income": 652639000.0,
        "Normalized Income": -45152000.0,
        "Net Income From Continuing And Discontinued Operation": -45152000.0,
        "Diluted Average Shares": 214873000.0,
        "Basic Average Shares": 214873000.0,
        "Diluted EPS": -0.23,
        "Basic EPS": -0.23,
        "Diluted NI Availto Com Stockholders": -49800000.0,
        "Net Income Common Stockholders": -49800000.0,
        "Preferred Stock Dividends": 4648000.0,
        "Net Income": -45152000.0,
        "Net Income Including Noncontrolling Interests": -45152000.0,
        "Net Income Continuous Operations": -45152000.0,
        "Tax Provision": -14410000.0,
        "Pretax Income": -59562000.0,
        "Special Income Charges": NaN,
        "Restructuring And Mergern Acquisition": NaN,
        "Gain On Sale Of Security": -3836000.0,
        "Depreciation Amortization Depletion Income Statement": 1225000.0,
        "Depreciation And Amortization In Income Statement": 1225000.0,
        "Amortization": 1225000.0,
        "Amortization Of Intangibles Income Statement": 1225000.0,
        "Selling General And Administration": 100539000.0,
        "General And Administrative Expense": 100539000.0,
        "Insurance And Claims": 12973000.0,
        "Salaries And Wages": 87566000.0,
        "Total Revenue": 383926000.0,
        "Operating Revenue": 383926000.0,
        "Other Non Interest Expense": 70259000.0
    }
}