{
    "2023-03-31": {
        "Tax Effect Of Unusual Items": NaN,
        "Tax Rate For Calcs": NaN,
        "Normalized EBITDA": NaN,
        "Total Unusual Items": NaN,
        "Total Unusual Items Excluding Goodwill": NaN,
        "Net Income From Continuing Operation Net Minority Interest": NaN,
        "Reconciled Depreciation": NaN,
        "Reconciled Cost Of Revenue": NaN,
        "EBITDA": NaN,
        "EBIT": NaN,
        "Net Interest Income": NaN,
        "Interest Expense": NaN,
        "Interest Income": NaN,
        "Normalized Income": NaN,
        "Net Income From Continuing And Discontinued Operation": NaN,
        "Total Expenses": NaN,
        "Total Operating Income As Reported": NaN,
        "Diluted Average Shares": NaN,
        "Basic Average Shares": NaN,
        "Diluted EPS": NaN,
        "Basic EPS": NaN,
        "Diluted NI Availto Com Stockholders": NaN,
        "Net Income Common Stockholders": NaN,
        "Net Income": NaN,
        "Net Income Including Noncontrolling Interests": NaN,
        "Net Income Discontinuous Operations": 0.0,
        "Net Income Continuous Operations": NaN,
        "Tax Provision": NaN,
        "Pretax Income": NaN,
        "Other Income Expense": NaN,
        "Other Non Operating Income Expenses": NaN,
        "Special Income Charges": NaN,
        "Gain On Sale Of Ppe": NaN,
        "Earnings From Equity Interest": NaN,
        "Gain On Sale Of Security": NaN,
        "Net Non Operating Interest Income Expense": NaN,
        "Interest Expense Non Operating": NaN,
        "Interest Income Non Operating": NaN,
        "Operating Income": NaN,
        "Operating Expense": NaN,
        "Selling General And Administration": NaN,
        "Gross Profit": NaN,
        "Cost Of Revenue": NaN,
        "Total Revenue": NaN,
        "Operating Revenue": NaN
    },
    "2022-12-31": {
        "Tax Effect Of Unusual Items": NaN,
        "Tax Rate For Calcs": NaN,
        "Normalized EBITDA": NaN,
        "Total Unusual Items": NaN,
        "Total Unusual Items Excluding Goodwill": NaN,
        "Net Income From Continuing Operation Net Minority Interest": NaN,
        "Reconciled Depreciation": NaN,
        "Reconciled Cost Of Revenue": NaN,
        "EBITDA": NaN,
        "EBIT": NaN,
        "Net Interest Income": NaN,
        "Interest Expense": NaN,
        "Interest Income": NaN,
        "Normalized Income": NaN,
        "Net Income From Continuing And Discontinued Operation": NaN,
        "Total Expenses": NaN,
        "Total Operating Income As Reported": NaN,
        "Diluted Average Shares": NaN,
        "Basic Average Shares": NaN,
        "Diluted EPS": NaN,
        "Basic EPS": NaN,
        "Diluted NI Availto Com Stockholders": NaN,
        "Net Income Common Stockholders": NaN,
        "Net Income": NaN,
        "Net Income Including Noncontrolling Interests": NaN,
        "Net Income Discontinuous Operations": -553000.0,
        "Net Income Continuous Operations": NaN,
        "Tax Provision": NaN,
        "Pretax Income": NaN,
        "Other Income Expense": NaN,
        "Other Non Operating Income Expenses": NaN,
        "Special Income Charges": NaN,
        "Gain On Sale Of Ppe": NaN,
        "Impairment Of Capital Assets": 0.0,
        "Earnings From Equity Interest": NaN,
        "Gain On Sale Of Security": NaN,
        "Net Non Operating Interest Income Expense": NaN,
        "Interest Expense Non Operating": NaN,
        "Interest Income Non Operating": NaN,
        "Operating Income": NaN,
        "Operating Expense": NaN,
        "Selling General And Administration": NaN,
        "Gross Profit": NaN,
        "Cost Of Revenue": NaN,
        "Total Revenue": NaN,
        "Operating Revenue": NaN
    },
    "2022-09-30": {
        "Tax Effect Of Unusual Items": NaN,
        "Tax Rate For Calcs": NaN,
        "Normalized EBITDA": NaN,
        "Total Unusual Items": NaN,
        "Total Unusual Items Excluding Goodwill": NaN,
        "Net Income From Continuing Operation Net Minority Interest": NaN,
        "Reconciled Depreciation": NaN,
        "Reconciled Cost Of Revenue": NaN,
        "EBITDA": NaN,
        "EBIT": NaN,
        "Net Interest Income": NaN,
        "Interest Expense": NaN,
        "Interest Income": NaN,
        "Normalized Income": NaN,
        "Net Income From Continuing And Discontinued Operation": NaN,
        "Total Expenses": NaN,
        "Total Operating Income As Reported": NaN,
        "Diluted Average Shares": NaN,
        "Basic Average Shares": NaN,
        "Diluted EPS": NaN,
        "Basic EPS": NaN,
        "Diluted NI Availto Com Stockholders": NaN,
        "Net Income Common Stockholders": NaN,
        "Net Income": NaN,
        "Net Income Including Noncontrolling Interests": NaN,
        "Net Income Discontinuous Operations": NaN,
        "Net Income Continuous Operations": NaN,
        "Tax Provision": NaN,
        "Pretax Income": NaN,
        "Other Income Expense": NaN,
        "Other Non Operating Income Expenses": NaN,
        "Special Income Charges": NaN,
        "Gain On Sale Of Ppe": NaN,
        "Impairment Of Capital Assets": 0.0,
        "Earnings From Equity Interest": NaN,
        "Gain On Sale Of Security": NaN,
        "Net Non Operating Interest Income Expense": NaN,
        "Interest Expense Non Operating": NaN,
        "Interest Income Non Operating": NaN,
        "Operating Income": NaN,
        "Operating Expense": NaN,
        "Selling General And Administration": NaN,
        "Gross Profit": NaN,
        "Cost Of Revenue": NaN,
        "Total Revenue": NaN,
        "Operating Revenue": NaN
    },
    "2022-06-30": {
        "Tax Effect Of Unusual Items": -359600.0,
        "Tax Rate For Calcs": 0.4,
        "Normalized EBITDA": 1398000.0,
        "Total Unusual Items": -899000.0,
        "Total Unusual Items Excluding Goodwill": -899000.0,
        "Net Income From Continuing Operation Net Minority Interest": -2168000.0,
        "Reconciled Depreciation": 2263000.0,
        "Reconciled Cost Of Revenue": 23789000.0,
        "EBITDA": 499000.0,
        "EBIT": -1764000.0,
        "Net Interest Income": -213000.0,
        "Interest Expense": 213000.0,
        "Normalized Income": -1628600.0,
        "Net Income From Continuing And Discontinued Operation": -2168000.0,
        "Total Expenses": 27305000.0,
        "Total Operating Income As Reported": -1734000.0,
        "Diluted Average Shares": 18253066.0,
        "Basic Average Shares": 18253066.0,
        "Diluted EPS": -0.12,
        "Basic EPS": -0.12,
        "Diluted NI Availto Com Stockholders": -2168000.0,
        "Net Income Common Stockholders": -2168000.0,
        "Net Income": -2168000.0,
        "Net Income Including Noncontrolling Interests": -2168000.0,
        "Net Income Discontinuous Operations": NaN,
        "Net Income Continuous Operations": -2168000.0,
        "Tax Provision": 191000.0,
        "Pretax Income": -1977000.0,
        "Other Income Expense": -243000.0,
        "Other Non Operating Income Expenses": -30000.0,
        "Special Income Charges": 0.0,
        "Gain On Sale Of Ppe": 0.0,
        "Impairment Of Capital Assets": NaN,
        "Earnings From Equity Interest": 686000.0,
        "Gain On Sale Of Security": -899000.0,
        "Net Non Operating Interest Income Expense": -213000.0,
        "Interest Expense Non Operating": 213000.0,
        "Operating Income": -1521000.0,
        "Operating Expense": 3516000.0,
        "Selling General And Administration": 3516000.0,
        "Gross Profit": 1995000.0,
        "Cost Of Revenue": 23789000.0,
        "Total Revenue": 25784000.0,
        "Operating Revenue": 25784000.0
    },
    "2022-03-31": {
        "Diluted EPS": -0.02,
        "Total Revenue": 20,
        "Gross Profit": 5,
        "Operating Income": 0,
        "EBIT": 2,
        "Net Income": 0
    },
    "2021-12-31": {
        "Diluted EPS": -0.14,
        "Total Revenue": 18,
        "Gross Profit": 2,
        "Operating Income": -2,
        "EBIT": 0,
        "Net Income": -2
    },
    "2021-09-30": {
        "Diluted EPS": -0.26,
        "Total Revenue": 18,
        "Gross Profit": 3,
        "Operating Income": -4,
        "EBIT": -2,
        "Net Income": -5
    },
    "2021-06-30": {
        "Diluted EPS": -0.06,
        "Total Revenue": 16,
        "Gross Profit": 3,
        "Operating Income": -2,
        "EBIT": 1,
        "Net Income": -1
    },
    "2021-03-31": {
        "Diluted EPS": 0.01,
        "Total Revenue": 18,
        "Gross Profit": 5,
        "Operating Income": 0,
        "EBIT": 3,
        "Net Income": 0
    },
    "2020-12-31": {
        "Diluted EPS": 0.0,
        "Total Revenue": 14,
        "Gross Profit": 4,
        "Operating Income": 0,
        "EBIT": 2,
        "Net Income": 0
    },
    "2020-09-30": {
        "Diluted EPS": -0.13,
        "Total Revenue": 9,
        "Gross Profit": 2,
        "Operating Income": -2,
        "EBIT": 0,
        "Net Income": -2
    },
    "2020-06-30": {
        "Diluted EPS": -0.21,
        "Total Revenue": 5,
        "Gross Profit": 1,
        "Operating Income": -3,
        "EBIT": -1,
        "Net Income": -3
    },
    "2020-03-31": {
        "Diluted EPS": -0.06,
        "Total Revenue": 14,
        "Gross Profit": 5,
        "Operating Income": -1,
        "EBIT": 1,
        "Net Income": -1
    },
    "2019-12-31": {
        "Diluted EPS": -0.03,
        "Total Revenue": 12,
        "Gross Profit": 5,
        "Operating Income": 0,
        "EBIT": 2,
        "Net Income": -1
    },
    "2019-09-30": {
        "Diluted EPS": -0.22,
        "Total Revenue": 11,
        "Gross Profit": 3,
        "Operating Income": -3,
        "EBIT": -1,
        "Net Income": -3
    },
    "2019-06-30": {
        "Diluted EPS": -0.08,
        "Total Revenue": 11,
        "Gross Profit": 4,
        "Operating Income": -1,
        "EBIT": 2,
        "Net Income": -1
    },
    "2019-03-31": {
        "Diluted EPS": -0.06,
        "Total Revenue": 13,
        "Gross Profit": 4,
        "Operating Income": 0,
        "EBIT": 2,
        "Net Income": -1
    },
    "2018-12-31": {
        "Diluted EPS": 3.04,
        "Total Revenue": 25,
        "Gross Profit": 6,
        "Operating Income": -5,
        "EBIT": -3,
        "Net Income": -3
    },
    "2018-09-30": {
        "Diluted EPS": -0.82,
        "Total Revenue": 8,
        "Gross Profit": 2,
        "Operating Income": -2,
        "EBIT": 4,
        "Net Income": -3
    },
    "2018-06-30": {
        "Diluted EPS": -1.84,
        "Total Revenue": 2,
        "Gross Profit": 1,
        "Operating Income": 0,
        "EBIT": 0,
        "Net Income": -2
    },
    "2018-03-31": {
        "Diluted EPS": -2.8,
        "Total Revenue": 2,
        "Gross Profit": 0,
        "Operating Income": 0,
        "EBIT": 0,
        "Net Income": -3
    },
    "2017-12-31": {
        "Diluted EPS": 2.16,
        "Total Revenue": -5,
        "Gross Profit": 1,
        "Operating Income": 0,
        "EBIT": 1,
        "Net Income": 2
    },
    "2017-09-30": {
        "Diluted EPS": -1.04,
        "Total Revenue": 1,
        "Gross Profit": 0,
        "Operating Income": -1,
        "EBIT": -1,
        "Net Income": -1
    },
    "2017-06-30": {
        "Diluted EPS": -1.04,
        "Total Revenue": 1,
        "Gross Profit": 0,
        "Operating Income": 0,
        "EBIT": 0,
        "Net Income": -1
    },
    "2017-03-31": {
        "Diluted EPS": -2.48,
        "Total Revenue": 8,
        "Gross Profit": -1,
        "Operating Income": -2,
        "EBIT": -2,
        "Net Income": -3
    },
    "2016-12-31": {
        "Diluted EPS": -1.68,
        "Total Revenue": 9,
        "Gross Profit": 0,
        "Operating Income": -2,
        "EBIT": -1,
        "Net Income": -2
    },
    "2016-09-30": {
        "Diluted EPS": -2.64,
        "Total Revenue": 9,
        "Gross Profit": 0,
        "Operating Income": -3,
        "EBIT": -2,
        "Net Income": -3
    },
    "2016-06-30": {
        "Diluted EPS": 0.08,
        "Total Revenue": 11,
        "Gross Profit": 1,
        "Operating Income": 0,
        "EBIT": 0,
        "Net Income": 0
    },
    "2016-03-31": {
        "Diluted EPS": -2.88,
        "Total Revenue": 8,
        "Gross Profit": 0,
        "Operating Income": -3,
        "EBIT": -2,
        "Net Income": -3
    },
    "2015-12-31": {
        "Diluted EPS": -3.6,
        "Total Revenue": 8,
        "Gross Profit": 0,
        "Operating Income": -3,
        "EBIT": -3,
        "Net Income": -4
    },
    "2015-09-30": {
        "Diluted EPS": 0.08,
        "Total Revenue": 14,
        "Gross Profit": 3,
        "Operating Income": 0,
        "EBIT": 0,
        "Net Income": 0
    },
    "2015-06-30": {
        "Diluted EPS": 0.48,
        "Total Revenue": 12,
        "Gross Profit": 2,
        "Operating Income": 0,
        "EBIT": 0,
        "Net Income": 0
    },
    "2015-03-31": {
        "Diluted EPS": 0.16,
        "Total Revenue": 15,
        "Gross Profit": 2,
        "Operating Income": 0,
        "EBIT": 1,
        "Net Income": 0
    },
    "2014-12-31": {
        "Diluted EPS": -2.0,
        "Total Revenue": 14,
        "Gross Profit": 0,
        "Operating Income": -2,
        "EBIT": -2,
        "Net Income": -2
    },
    "2014-09-30": {
        "Diluted EPS": -2.08,
        "Total Revenue": 14,
        "Gross Profit": 0,
        "Operating Income": -2,
        "EBIT": -2,
        "Net Income": -2
    },
    "2014-06-30": {
        "Diluted EPS": -1.36,
        "Total Revenue": 13,
        "Gross Profit": 2,
        "Operating Income": 0,
        "EBIT": 0,
        "Net Income": -1
    },
    "2014-03-31": {
        "Diluted EPS": 0.48,
        "Total Revenue": 16,
        "Gross Profit": 2,
        "Operating Income": 0,
        "EBIT": 1,
        "Net Income": 0
    },
    "2013-12-31": {
        "Diluted EPS": 0.64,
        "Total Revenue": 15,
        "Gross Profit": 3,
        "Operating Income": 1,
        "EBIT": 1,
        "Net Income": 1
    },
    "2013-09-30": {
        "Diluted EPS": 0.8,
        "Total Revenue": 16,
        "Gross Profit": 3,
        "Operating Income": 1,
        "EBIT": 1,
        "Net Income": 1
    },
    "2013-06-30": {
        "Diluted EPS": 0.96,
        "Total Revenue": 13,
        "Gross Profit": 2,
        "Operating Income": 0,
        "EBIT": 0,
        "Net Income": 1
    },
    "2013-03-31": {
        "Diluted EPS": 1.44,
        "Total Revenue": 14,
        "Gross Profit": 3,
        "Operating Income": 1,
        "EBIT": 1,
        "Net Income": 2
    },
    "2012-12-31": {
        "Diluted EPS": 0.48,
        "Total Revenue": 15,
        "Gross Profit": 2,
        "Operating Income": 0,
        "EBIT": 1,
        "Net Income": 0
    },
    "2012-09-30": {
        "Diluted EPS": 0.48,
        "Total Revenue": 12,
        "Gross Profit": 2,
        "Operating Income": 0,
        "EBIT": 0,
        "Net Income": 1
    },
    "2012-06-30": {
        "Diluted EPS": 0.72,
        "Total Revenue": 13,
        "Gross Profit": 2,
        "Operating Income": 0,
        "EBIT": 0,
        "Net Income": 1
    },
    "2012-03-31": {
        "Diluted EPS": 0.32,
        "Total Revenue": 14,
        "Gross Profit": 2,
        "Operating Income": 0,
        "EBIT": 0,
        "Net Income": 0
    },
    "2011-12-31": {
        "Diluted EPS": -5.28,
        "Total Revenue": 15,
        "Gross Profit": 2,
        "Operating Income": 0,
        "EBIT": 0,
        "Net Income": -5
    },
    "2011-09-30": {
        "Diluted EPS": 0.32,
        "Total Revenue": 14,
        "Gross Profit": 2,
        "Operating Income": 0,
        "EBIT": 0,
        "Net Income": 0
    },
    "2011-06-30": {
        "Diluted EPS": -0.72,
        "Total Revenue": 11,
        "Gross Profit": 2,
        "Operating Income": -1,
        "EBIT": -1,
        "Net Income": -1
    },
    "2011-03-31": {
        "Diluted EPS": -0.32,
        "Total Revenue": 12,
        "Gross Profit": 1,
        "Operating Income": -1,
        "EBIT": 0,
        "Net Income": 0
    },
    "2010-12-31": {
        "Diluted EPS": 0.16,
        "Total Revenue": 11,
        "Gross Profit": 2,
        "Operating Income": -1,
        "EBIT": 0,
        "Net Income": 0
    },
    "2010-09-30": {
        "Diluted EPS": -0.32,
        "Total Revenue": 10,
        "Gross Profit": 1,
        "Operating Income": -1,
        "EBIT": -1,
        "Net Income": 0
    },
    "2010-06-30": {
        "Diluted EPS": -1.2,
        "Total Revenue": 8,
        "Gross Profit": 0,
        "Operating Income": -2,
        "EBIT": -2,
        "Net Income": -1
    },
    "2010-03-31": {
        "Diluted EPS": -0.4,
        "Total Revenue": 10,
        "Gross Profit": 1,
        "Operating Income": -1,
        "EBIT": -1,
        "Net Income": 0
    },
    "2009-12-31": {
        "Diluted EPS": 0.24,
        "Total Revenue": 12,
        "Gross Profit": 2,
        "Operating Income": 0,
        "EBIT": 0,
        "Net Income": 0
    },
    "2009-09-30": {
        "Diluted EPS": 0.16,
        "Total Revenue": 12,
        "Gross Profit": 2,
        "Operating Income": 0,
        "EBIT": 0,
        "Net Income": 0
    },
    "2009-06-30": {
        "Diluted EPS": -0.32,
        "Total Revenue": 12,
        "Gross Profit": 1,
        "Operating Income": -1,
        "EBIT": -1,
        "Net Income": 0
    },
    "2009-03-31": {
        "Diluted EPS": 0.64,
        "Total Revenue": 16,
        "Gross Profit": 2,
        "Operating Income": 0,
        "EBIT": 1,
        "Net Income": 1
    },
    "2023-06-30": {
        "Tax Effect Of Unusual Items": 47040.0,
        "Tax Rate For Calcs": 0.21,
        "Normalized EBITDA": -76000.0,
        "Total Unusual Items": 224000.0,
        "Total Unusual Items Excluding Goodwill": 224000.0,
        "Net Income From Continuing Operation Net Minority Interest": -2174000.0,
        "Reconciled Depreciation": 1992000.0,
        "Reconciled Cost Of Revenue": 12577000.0,
        "EBITDA": 148000.0,
        "EBIT": -1844000.0,
        "Net Interest Income": -171000.0,
        "Interest Expense": 171000.0,
        "Interest Income": NaN,
        "Normalized Income": -2350960.0,
        "Net Income From Continuing And Discontinued Operation": -2174000.0,
        "Total Expenses": 15620000.0,
        "Total Operating Income As Reported": -2489000.0,
        "Diluted Average Shares": 18464929.0,
        "Basic Average Shares": 18464929.0,
        "Diluted EPS": -0.12,
        "Basic EPS": -0.12,
        "Diluted NI Availto Com Stockholders": -2174000.0,
        "Net Income Common Stockholders": -2174000.0,
        "Net Income": -2174000.0,
        "Net Income Including Noncontrolling Interests": -2174000.0,
        "Net Income Discontinuous Operations": 0.0,
        "Net Income Continuous Operations": -2174000.0,
        "Tax Provision": 159000.0,
        "Pretax Income": -2015000.0,
        "Other Income Expense": 869000.0,
        "Other Non Operating Income Expenses": -40000.0,
        "Special Income Charges": 0.0,
        "Gain On Sale Of Ppe": 0.0,
        "Earnings From Equity Interest": 685000.0,
        "Gain On Sale Of Security": 224000.0,
        "Net Non Operating Interest Income Expense": -171000.0,
        "Interest Expense Non Operating": 171000.0,
        "Interest Income Non Operating": NaN,
        "Operating Income": -2713000.0,
        "Operating Expense": 3043000.0,
        "Selling General And Administration": 3043000.0,
        "Gross Profit": 330000.0,
        "Cost Of Revenue": 12577000.0,
        "Total Revenue": 12907000.0,
        "Operating Revenue": 12731000.0
    },
    "2023-09-30": {
        "Tax Effect Of Unusual Items": 266490.0,
        "Tax Rate For Calcs": 0.21,
        "Normalized EBITDA": 599000.0,
        "Total Unusual Items": 1269000.0,
        "Total Unusual Items Excluding Goodwill": 1269000.0,
        "Net Income From Continuing Operation Net Minority Interest": -207000.0,
        "Reconciled Depreciation": 2003000.0,
        "Reconciled Cost Of Revenue": 14059000.0,
        "EBITDA": 1868000.0,
        "EBIT": -135000.0,
        "Net Interest Income": 45000.0,
        "Interest Expense": 15000.0,
        "Interest Income": 60000.0,
        "Normalized Income": -1209510.0,
        "Net Income From Continuing And Discontinued Operation": -207000.0,
        "Total Expenses": 17061000.0,
        "Total Operating Income As Reported": -192000.0,
        "Diluted Average Shares": 18518915.0,
        "Basic Average Shares": 18518915.0,
        "Diluted EPS": -0.01,
        "Basic EPS": -0.01,
        "Diluted NI Availto Com Stockholders": -207000.0,
        "Net Income Common Stockholders": -207000.0,
        "Net Income": -207000.0,
        "Net Income Including Noncontrolling Interests": -207000.0,
        "Net Income Discontinuous Operations": 0.0,
        "Net Income Continuous Operations": -207000.0,
        "Tax Provision": 57000.0,
        "Pretax Income": -150000.0,
        "Other Income Expense": 1550000.0,
        "Other Non Operating Income Expenses": -3000.0,
        "Special Income Charges": 1002000.0,
        "Gain On Sale Of Ppe": 1002000.0,
        "Earnings From Equity Interest": 284000.0,
        "Gain On Sale Of Security": 267000.0,
        "Net Non Operating Interest Income Expense": 45000.0,
        "Interest Expense Non Operating": 15000.0,
        "Interest Income Non Operating": 60000.0,
        "Operating Income": -1745000.0,
        "Operating Expense": 3002000.0,
        "Selling General And Administration": 3002000.0,
        "Gross Profit": 1257000.0,
        "Cost Of Revenue": 14059000.0,
        "Total Revenue": 15316000.0,
        "Operating Revenue": 15031000.0
    },
    "2023-12-31": {
        "Tax Effect Of Unusual Items": 6102.635229,
        "Tax Rate For Calcs": 0.01387,
        "Normalized EBITDA": 2900000.0,
        "Total Unusual Items": 440000.0,
        "Total Unusual Items Excluding Goodwill": 440000.0,
        "Net Income From Continuing Operation Net Minority Interest": 1422000.0,
        "Reconciled Depreciation": 1872000.0,
        "Reconciled Cost Of Revenue": 13880000.0,
        "EBITDA": 3340000.0,
        "EBIT": 1468000.0,
        "Net Interest Income": -26000.0,
        "Interest Expense": 26000.0,
        "Interest Income": NaN,
        "Normalized Income": 988102.635229,
        "Net Income From Continuing And Discontinued Operation": 1422000.0,
        "Total Expenses": 17349000.0,
        "Total Operating Income As Reported": -174000.0,
        "Diluted Average Shares": 17775000.0,
        "Basic Average Shares": 17775000.0,
        "Diluted EPS": 0.08,
        "Basic EPS": 0.08,
        "Diluted NI Availto Com Stockholders": 1422000.0,
        "Net Income Common Stockholders": 1422000.0,
        "Net Income": 1422000.0,
        "Net Income Including Noncontrolling Interests": 1422000.0,
        "Net Income Discontinuous Operations": 0.0,
        "Net Income Continuous Operations": 1422000.0,
        "Tax Provision": 20000.0,
        "Pretax Income": 1442000.0,
        "Other Income Expense": 768000.0,
        "Other Non Operating Income Expenses": -49000.0,
        "Special Income Charges": 221000.0,
        "Gain On Sale Of Ppe": 221000.0,
        "Earnings From Equity Interest": 377000.0,
        "Gain On Sale Of Security": 219000.0,
        "Net Non Operating Interest Income Expense": -26000.0,
        "Interest Expense Non Operating": 26000.0,
        "Interest Income Non Operating": NaN,
        "Operating Income": 700000.0,
        "Operating Expense": 3469000.0,
        "Selling General And Administration": 3469000.0,
        "Gross Profit": 4169000.0,
        "Cost Of Revenue": 13880000.0,
        "Total Revenue": 18049000.0,
        "Operating Revenue": 17633000.0
    },
    "2024-03-31": {
        "Tax Effect Of Unusual Items": 20037.395229,
        "Tax Rate For Calcs": 0.052869,
        "Normalized EBITDA": 2976000.0,
        "Total Unusual Items": 379000.0,
        "Total Unusual Items Excluding Goodwill": 379000.0,
        "Net Income From Continuing Operation Net Minority Interest": 1469000.0,
        "Reconciled Depreciation": 1800000.0,
        "Reconciled Cost Of Revenue": 15314000.0,
        "EBITDA": 3355000.0,
        "EBIT": 1555000.0,
        "Net Interest Income": -4000.0,
        "Interest Expense": 4000.0,
        "Interest Income": NaN,
        "Normalized Income": 1110037.395229,
        "Net Income From Continuing And Discontinued Operation": 1469000.0,
        "Total Expenses": 18770000.0,
        "Total Operating Income As Reported": 1576000.0,
        "Diluted Average Shares": 18580811.0,
        "Basic Average Shares": 18578815.0,
        "Diluted EPS": 0.08,
        "Basic EPS": 0.08,
        "Diluted NI Availto Com Stockholders": 1469000.0,
        "Net Income Common Stockholders": 1469000.0,
        "Net Income": 1469000.0,
        "Net Income Including Noncontrolling Interests": 1469000.0,
        "Net Income Discontinuous Operations": NaN,
        "Net Income Continuous Operations": 1469000.0,
        "Tax Provision": 82000.0,
        "Pretax Income": 1551000.0,
        "Other Income Expense": 555000.0,
        "Other Non Operating Income Expenses": -21000.0,
        "Special Income Charges": 127000.0,
        "Gain On Sale Of Ppe": 127000.0,
        "Earnings From Equity Interest": 197000.0,
        "Gain On Sale Of Security": 252000.0,
        "Net Non Operating Interest Income Expense": -4000.0,
        "Interest Expense Non Operating": 4000.0,
        "Interest Income Non Operating": NaN,
        "Operating Income": 1000000.0,
        "Operating Expense": 3456000.0,
        "Selling General And Administration": 3456000.0,
        "Gross Profit": 4456000.0,
        "Cost Of Revenue": 15314000.0,
        "Total Revenue": 19770000.0,
        "Operating Revenue": 19510000.0
    },
    "2024-06-30": {
        "Tax Effect Of Unusual Items": 32340.0,
        "Tax Rate For Calcs": 0.21,
        "Normalized EBITDA": 2066000.0,
        "Total Unusual Items": 154000.0,
        "Total Unusual Items Excluding Goodwill": 154000.0,
        "Net Income From Continuing Operation Net Minority Interest": 27000.0,
        "Reconciled Depreciation": 1768000.0,
        "Reconciled Cost Of Revenue": 15318000.0,
        "EBITDA": 2220000.0,
        "EBIT": 452000.0,
        "Net Interest Income": 28000.0,
        "Interest Expense": 0.0,
        "Interest Income": 28000.0,
        "Normalized Income": -94660.0,
        "Net Income From Continuing And Discontinued Operation": 27000.0,
        "Total Expenses": 18649000.0,
        "Total Operating Income As Reported": 103000.0,
        "Diluted Average Shares": 18590184.0,
        "Basic Average Shares": 18585014.0,
        "Diluted EPS": 0.001452,
        "Basic EPS": 0.001453,
        "Diluted NI Availto Com Stockholders": 27000.0,
        "Net Income Common Stockholders": 27000.0,
        "Net Income": 27000.0,
        "Net Income Including Noncontrolling Interests": 27000.0,
        "Net Income Discontinuous Operations": NaN,
        "Net Income Continuous Operations": 27000.0,
        "Tax Provision": 425000.0,
        "Pretax Income": 452000.0,
        "Other Income Expense": 475000.0,
        "Other Non Operating Income Expenses": 26000.0,
        "Special Income Charges": 72000.0,
        "Gain On Sale Of Ppe": 72000.0,
        "Earnings From Equity Interest": 295000.0,
        "Gain On Sale Of Security": 82000.0,
        "Net Non Operating Interest Income Expense": 28000.0,
        "Interest Expense Non Operating": 0.0,
        "Interest Income Non Operating": 28000.0,
        "Operating Income": -51000.0,
        "Operating Expense": 3331000.0,
        "Selling General And Administration": 3331000.0,
        "Gross Profit": 3280000.0,
        "Cost Of Revenue": 15318000.0,
        "Total Revenue": 18598000.0,
        "Operating Revenue": 18001000.0
    }
}