{
    "2023-03-31": {
        "Tax Effect Of Unusual Items": NaN,
        "Tax Rate For Calcs": NaN,
        "Normalized EBITDA": NaN,
        "Net Income From Continuing Operation Net Minority Interest": NaN,
        "Reconciled Depreciation": NaN,
        "Reconciled Cost Of Revenue": NaN,
        "EBITDA": NaN,
        "EBIT": NaN,
        "Net Interest Income": NaN,
        "Interest Expense": NaN,
        "Normalized Income": NaN,
        "Net Income From Continuing And Discontinued Operation": NaN,
        "Total Expenses": NaN,
        "Total Operating Income As Reported": NaN,
        "Diluted Average Shares": 167905000.0,
        "Basic Average Shares": 166543000.0,
        "Diluted EPS": 0.06,
        "Basic EPS": 0.06,
        "Diluted NI Availto Com Stockholders": NaN,
        "Net Income Common Stockholders": NaN,
        "Net Income": NaN,
        "Net Income Including Noncontrolling Interests": NaN,
        "Net Income Continuous Operations": NaN,
        "Tax Provision": NaN,
        "Pretax Income": NaN,
        "Other Income Expense": -206000.0,
        "Other Non Operating Income Expenses": -206000.0,
        "Net Non Operating Interest Income Expense": NaN,
        "Interest Expense Non Operating": NaN,
        "Operating Income": NaN,
        "Operating Expense": NaN,
        "Research And Development": NaN,
        "Selling General And Administration": NaN,
        "Selling And Marketing Expense": NaN,
        "General And Administrative Expense": NaN,
        "Other Gand A": NaN,
        "Gross Profit": NaN,
        "Cost Of Revenue": NaN,
        "Total Revenue": NaN,
        "Operating Revenue": NaN
    },
    "2022-12-31": {
        "Tax Effect Of Unusual Items": NaN,
        "Tax Rate For Calcs": NaN,
        "Normalized EBITDA": NaN,
        "Net Income From Continuing Operation Net Minority Interest": NaN,
        "Reconciled Depreciation": NaN,
        "Reconciled Cost Of Revenue": NaN,
        "EBITDA": NaN,
        "EBIT": NaN,
        "Net Interest Income": NaN,
        "Interest Expense": NaN,
        "Normalized Income": NaN,
        "Net Income From Continuing And Discontinued Operation": NaN,
        "Total Expenses": NaN,
        "Total Operating Income As Reported": NaN,
        "Diluted Average Shares": NaN,
        "Basic Average Shares": NaN,
        "Diluted EPS": NaN,
        "Basic EPS": NaN,
        "Diluted NI Availto Com Stockholders": NaN,
        "Net Income Common Stockholders": NaN,
        "Net Income": NaN,
        "Net Income Including Noncontrolling Interests": NaN,
        "Net Income Continuous Operations": NaN,
        "Tax Provision": NaN,
        "Pretax Income": NaN,
        "Other Income Expense": -70000.0,
        "Other Non Operating Income Expenses": -70000.0,
        "Net Non Operating Interest Income Expense": NaN,
        "Interest Expense Non Operating": NaN,
        "Operating Income": NaN,
        "Operating Expense": NaN,
        "Research And Development": NaN,
        "Selling General And Administration": NaN,
        "Selling And Marketing Expense": NaN,
        "General And Administrative Expense": 28412000.0,
        "Other Gand A": 28412000.0,
        "Gross Profit": NaN,
        "Cost Of Revenue": NaN,
        "Total Revenue": NaN,
        "Operating Revenue": NaN
    },
    "2022-09-30": {
        "Tax Effect Of Unusual Items": NaN,
        "Tax Rate For Calcs": NaN,
        "Normalized EBITDA": NaN,
        "Net Income From Continuing Operation Net Minority Interest": NaN,
        "Reconciled Depreciation": NaN,
        "Reconciled Cost Of Revenue": NaN,
        "EBITDA": NaN,
        "EBIT": NaN,
        "Net Interest Income": NaN,
        "Interest Expense": NaN,
        "Normalized Income": NaN,
        "Net Income From Continuing And Discontinued Operation": NaN,
        "Total Expenses": NaN,
        "Total Operating Income As Reported": NaN,
        "Diluted Average Shares": NaN,
        "Basic Average Shares": NaN,
        "Diluted EPS": NaN,
        "Basic EPS": NaN,
        "Diluted NI Availto Com Stockholders": NaN,
        "Net Income Common Stockholders": NaN,
        "Net Income": NaN,
        "Net Income Including Noncontrolling Interests": NaN,
        "Net Income Continuous Operations": NaN,
        "Tax Provision": NaN,
        "Pretax Income": NaN,
        "Other Income Expense": NaN,
        "Other Non Operating Income Expenses": NaN,
        "Net Non Operating Interest Income Expense": NaN,
        "Interest Expense Non Operating": NaN,
        "Operating Income": NaN,
        "Operating Expense": NaN,
        "Research And Development": NaN,
        "Selling General And Administration": NaN,
        "Selling And Marketing Expense": NaN,
        "General And Administrative Expense": 30706000.0,
        "Other Gand A": 30706000.0,
        "Gross Profit": NaN,
        "Cost Of Revenue": NaN,
        "Total Revenue": NaN,
        "Operating Revenue": NaN
    },
    "2022-06-30": {
        "Tax Effect Of Unusual Items": -8959370.442748,
        "Tax Rate For Calcs": 0.200901,
        "Normalized EBITDA": -67341000.0,
        "Total Unusual Items": -44596000.0,
        "Total Unusual Items Excluding Goodwill": -44596000.0,
        "Net Income From Continuing Operation Net Minority Interest": -104682000.0,
        "Reconciled Depreciation": 6768000.0,
        "Reconciled Cost Of Revenue": 107076000.0,
        "EBITDA": -111937000.0,
        "EBIT": -118705000.0,
        "Net Interest Income": -12295000.0,
        "Interest Expense": 12295000.0,
        "Normalized Income": -69045370.442748,
        "Net Income From Continuing And Discontinued Operation": -104682000.0,
        "Total Expenses": 213477000.0,
        "Total Operating Income As Reported": -118679000.0,
        "Diluted Average Shares": 164426000.0,
        "Basic Average Shares": 164426000.0,
        "Diluted EPS": -0.64,
        "Basic EPS": -0.64,
        "Diluted NI Availto Com Stockholders": -104682000.0,
        "Net Income Common Stockholders": -104682000.0,
        "Net Income": -104682000.0,
        "Net Income Including Noncontrolling Interests": -104682000.0,
        "Net Income Continuous Operations": -104682000.0,
        "Tax Provision": -26318000.0,
        "Pretax Income": -131000000.0,
        "Other Income Expense": -44622000.0,
        "Other Non Operating Income Expenses": -26000.0,
        "Special Income Charges": -44596000.0,
        "Impairment Of Capital Assets": 44596000.0,
        "Net Non Operating Interest Income Expense": -12295000.0,
        "Interest Expense Non Operating": 12295000.0,
        "Operating Income": -74083000.0,
        "Operating Expense": 106401000.0,
        "Research And Development": 6054000.0,
        "Selling General And Administration": 100347000.0,
        "Selling And Marketing Expense": 100347000.0,
        "General And Administrative Expense": 25267000.0,
        "Other Gand A": 25267000.0,
        "Gross Profit": 32318000.0,
        "Cost Of Revenue": 107076000.0,
        "Total Revenue": 139394000.0,
        "Operating Revenue": 107687000.0
    },
    "2022-03-31": {
        "Diluted EPS": -0.04,
        "Total Revenue": 274,
        "Gross Profit": 159,
        "Operating Income": 2,
        "EBIT": 10,
        "Net Income": -7
    },
    "2021-12-31": {
        "Diluted EPS": -0.84,
        "Total Revenue": 194,
        "Gross Profit": 48,
        "Operating Income": -174,
        "EBIT": -165,
        "Net Income": -138
    },
    "2021-09-30": {
        "Diluted EPS": -0.29,
        "Total Revenue": 156,
        "Gross Profit": 64,
        "Operating Income": -56,
        "EBIT": -50,
        "Net Income": -48
    },
    "2021-06-30": {
        "Diluted EPS": -0.01,
        "Total Revenue": 183,
        "Gross Profit": 119,
        "Operating Income": 8,
        "EBIT": 14,
        "Net Income": -1
    },
    "2021-03-31": {
        "Diluted EPS": 0.21,
        "Total Revenue": 265,
        "Gross Profit": 194,
        "Operating Income": 53,
        "EBIT": 58,
        "Net Income": 35
    },
    "2020-12-31": {
        "Diluted EPS": 0.54,
        "Total Revenue": 358,
        "Gross Profit": 273,
        "Operating Income": 123,
        "EBIT": 128,
        "Net Income": 90
    },
    "2020-09-30": {
        "Diluted EPS": 0.01,
        "Total Revenue": 124,
        "Gross Profit": 73,
        "Operating Income": 7,
        "EBIT": 11,
        "Net Income": 1
    },
    "2020-06-30": {
        "Diluted EPS": 0.13,
        "Total Revenue": 141,
        "Gross Profit": 101,
        "Operating Income": 36,
        "EBIT": 39,
        "Net Income": 20
    },
    "2020-03-31": {
        "Diluted EPS": 0.17,
        "Total Revenue": 149,
        "Gross Profit": 105,
        "Operating Income": 40,
        "EBIT": 43,
        "Net Income": 24
    },
    "2019-12-31": {
        "Diluted EPS": -0.56,
        "Total Revenue": 176,
        "Gross Profit": 126,
        "Operating Income": 57,
        "EBIT": 60,
        "Net Income": -50
    },
    "2019-09-30": {
        "Diluted EPS": -0.05,
        "Total Revenue": 65,
        "Gross Profit": 33,
        "Operating Income": -1,
        "EBIT": 0,
        "Net Income": -5
    },
    "2019-06-30": {
        "Diluted EPS": 0.0,
        "Total Revenue": NaN,
        "Gross Profit": NaN,
        "Operating Income": NaN,
        "EBIT": NaN,
        "Net Income": NaN
    },
    "2018-06-30": {
        "Diluted EPS": 0.0,
        "Total Revenue": NaN,
        "Gross Profit": NaN,
        "Operating Income": NaN,
        "EBIT": NaN,
        "Net Income": NaN
    },
    "2023-06-30": {
        "Tax Effect Of Unusual Items": NaN,
        "Tax Rate For Calcs": NaN,
        "Normalized EBITDA": NaN,
        "Net Income From Continuing Operation Net Minority Interest": NaN,
        "Reconciled Depreciation": NaN,
        "Reconciled Cost Of Revenue": NaN,
        "EBITDA": NaN,
        "EBIT": NaN,
        "Net Interest Income": NaN,
        "Interest Expense": NaN,
        "Normalized Income": NaN,
        "Net Income From Continuing And Discontinued Operation": NaN,
        "Total Expenses": NaN,
        "Total Operating Income As Reported": NaN,
        "Diluted Average Shares": 166709000.0,
        "Basic Average Shares": 166709000.0,
        "Diluted EPS": -0.29,
        "Basic EPS": -0.29,
        "Diluted NI Availto Com Stockholders": NaN,
        "Net Income Common Stockholders": NaN,
        "Net Income": NaN,
        "Net Income Including Noncontrolling Interests": NaN,
        "Net Income Continuous Operations": NaN,
        "Tax Provision": NaN,
        "Pretax Income": NaN,
        "Other Income Expense": -3000.0,
        "Other Non Operating Income Expenses": -3000.0,
        "Net Non Operating Interest Income Expense": NaN,
        "Interest Expense Non Operating": NaN,
        "Operating Income": NaN,
        "Operating Expense": NaN,
        "Research And Development": NaN,
        "Selling General And Administration": NaN,
        "Selling And Marketing Expense": NaN,
        "General And Administrative Expense": NaN,
        "Other Gand A": NaN,
        "Gross Profit": NaN,
        "Cost Of Revenue": NaN,
        "Total Revenue": NaN,
        "Operating Revenue": NaN
    },
    "2023-09-30": {
        "Tax Effect Of Unusual Items": 0.0,
        "Tax Rate For Calcs": 0.291881,
        "Normalized EBITDA": -16464000.0,
        "Net Income From Continuing Operation Net Minority Interest": -31051000.0,
        "Reconciled Depreciation": 5989000.0,
        "Reconciled Cost Of Revenue": 156519000.0,
        "EBITDA": -16464000.0,
        "EBIT": -22453000.0,
        "Net Interest Income": -21397000.0,
        "Interest Expense": 21397000.0,
        "Normalized Income": -31051000.0,
        "Net Income From Continuing And Discontinued Operation": -31051000.0,
        "Total Expenses": 255145000.0,
        "Total Operating Income As Reported": -22415000.0,
        "Diluted Average Shares": 167453000.0,
        "Basic Average Shares": 167453000.0,
        "Diluted EPS": -0.19,
        "Basic EPS": -0.19,
        "Diluted NI Availto Com Stockholders": -31051000.0,
        "Net Income Common Stockholders": -31051000.0,
        "Net Income": -31051000.0,
        "Net Income Including Noncontrolling Interests": -31051000.0,
        "Net Income Continuous Operations": -31051000.0,
        "Tax Provision": -12799000.0,
        "Pretax Income": -43850000.0,
        "Other Income Expense": -38000.0,
        "Other Non Operating Income Expenses": -38000.0,
        "Net Non Operating Interest Income Expense": -21397000.0,
        "Interest Expense Non Operating": 21397000.0,
        "Operating Income": -22415000.0,
        "Operating Expense": 98626000.0,
        "Research And Development": 7637000.0,
        "Selling General And Administration": 90989000.0,
        "Selling And Marketing Expense": 62323000.0,
        "General And Administrative Expense": 28666000.0,
        "Other Gand A": 28666000.0,
        "Gross Profit": 76211000.0,
        "Cost Of Revenue": 156519000.0,
        "Total Revenue": 232730000.0,
        "Operating Revenue": 232730000.0
    },
    "2023-12-31": {
        "Tax Effect Of Unusual Items": 0.0,
        "Tax Rate For Calcs": 0.372,
        "Normalized EBITDA": 61192000.0,
        "Net Income From Continuing Operation Net Minority Interest": 19392000.0,
        "Reconciled Depreciation": 5898000.0,
        "Reconciled Cost Of Revenue": 191604000.0,
        "EBITDA": 61192000.0,
        "EBIT": 55294000.0,
        "Net Interest Income": -24415000.0,
        "Interest Expense": 24415000.0,
        "Normalized Income": 19392000.0,
        "Net Income From Continuing And Discontinued Operation": 19392000.0,
        "Total Expenses": 350144000.0,
        "Total Operating Income As Reported": 55294000.0,
        "Diluted Average Shares": 169737000.0,
        "Basic Average Shares": 168349000.0,
        "Diluted EPS": 0.11,
        "Basic EPS": 0.12,
        "Diluted NI Availto Com Stockholders": 19392000.0,
        "Net Income Common Stockholders": 19392000.0,
        "Net Income": 19392000.0,
        "Net Income Including Noncontrolling Interests": 19392000.0,
        "Net Income Continuous Operations": 19392000.0,
        "Tax Provision": 11487000.0,
        "Pretax Income": 30879000.0,
        "Other Income Expense": NaN,
        "Other Non Operating Income Expenses": NaN,
        "Net Non Operating Interest Income Expense": -24415000.0,
        "Interest Expense Non Operating": 24415000.0,
        "Operating Income": 55294000.0,
        "Operating Expense": 158540000.0,
        "Research And Development": 8050000.0,
        "Selling General And Administration": 150490000.0,
        "Selling And Marketing Expense": 117078000.0,
        "General And Administrative Expense": 33412000.0,
        "Other Gand A": 33412000.0,
        "Gross Profit": 213834000.0,
        "Cost Of Revenue": 191604000.0,
        "Total Revenue": 405438000.0,
        "Operating Revenue": 372020000.0
    },
    "2024-03-31": {
        "Tax Effect Of Unusual Items": 0.0,
        "Tax Rate For Calcs": 0.019,
        "Normalized EBITDA": 39754000.0,
        "Net Income From Continuing Operation Net Minority Interest": 8551000.0,
        "Reconciled Depreciation": 6704000.0,
        "Reconciled Cost Of Revenue": 190487000.0,
        "EBITDA": 39754000.0,
        "EBIT": 33050000.0,
        "Net Interest Income": -24330000.0,
        "Interest Expense": 24330000.0,
        "Normalized Income": 8551000.0,
        "Net Income From Continuing And Discontinued Operation": 8551000.0,
        "Total Expenses": 343338000.0,
        "Total Operating Income As Reported": 33062000.0,
        "Diluted Average Shares": 170956000.0,
        "Basic Average Shares": 169070000.0,
        "Diluted EPS": 0.05,
        "Basic EPS": 0.05,
        "Diluted NI Availto Com Stockholders": 8551000.0,
        "Net Income Common Stockholders": 8551000.0,
        "Net Income": 8551000.0,
        "Net Income Including Noncontrolling Interests": 8551000.0,
        "Net Income Continuous Operations": 8551000.0,
        "Tax Provision": 169000.0,
        "Pretax Income": 8720000.0,
        "Other Income Expense": -12000.0,
        "Other Non Operating Income Expenses": -12000.0,
        "Net Non Operating Interest Income Expense": -24330000.0,
        "Interest Expense Non Operating": 24330000.0,
        "Operating Income": 33062000.0,
        "Operating Expense": 152851000.0,
        "Research And Development": 8604000.0,
        "Selling General And Administration": 144247000.0,
        "Selling And Marketing Expense": 109276000.0,
        "General And Administrative Expense": 34971000.0,
        "Other Gand A": 34971000.0,
        "Gross Profit": 185913000.0,
        "Cost Of Revenue": 190487000.0,
        "Total Revenue": 376400000.0,
        "Operating Revenue": 351045000.0
    },
    "2024-06-30": {
        "Tax Effect Of Unusual Items": 0.0,
        "Tax Rate For Calcs": 0.21,
        "Normalized EBITDA": 5002000.0,
        "Net Income From Continuing Operation Net Minority Interest": -31017000.0,
        "Reconciled Depreciation": 6407000.0,
        "Reconciled Cost Of Revenue": 185192000.0,
        "EBITDA": 5002000.0,
        "EBIT": -1405000.0,
        "Net Interest Income": -23410000.0,
        "Interest Expense": 23410000.0,
        "Normalized Income": -31017000.0,
        "Net Income From Continuing And Discontinued Operation": -31017000.0,
        "Total Expenses": 308600000.0,
        "Total Operating Income As Reported": -1391000.0,
        "Diluted Average Shares": NaN,
        "Basic Average Shares": NaN,
        "Diluted EPS": NaN,
        "Basic EPS": NaN,
        "Diluted NI Availto Com Stockholders": -31017000.0,
        "Net Income Common Stockholders": -31017000.0,
        "Net Income": -31017000.0,
        "Net Income Including Noncontrolling Interests": -31017000.0,
        "Net Income Continuous Operations": -31017000.0,
        "Tax Provision": 6202000.0,
        "Pretax Income": -24815000.0,
        "Other Income Expense": -14000.0,
        "Other Non Operating Income Expenses": -14000.0,
        "Net Non Operating Interest Income Expense": -23410000.0,
        "Interest Expense Non Operating": 23410000.0,
        "Operating Income": -1391000.0,
        "Operating Expense": 123408000.0,
        "Research And Development": 9233000.0,
        "Selling General And Administration": 114175000.0,
        "Selling And Marketing Expense": 70182000.0,
        "General And Administrative Expense": 43993000.0,
        "Other Gand A": 43993000.0,
        "Gross Profit": 122017000.0,
        "Cost Of Revenue": 185192000.0,
        "Total Revenue": 307209000.0,
        "Operating Revenue": 386167000.0
    },
    "2024-09-30": {
        "Tax Effect Of Unusual Items": 0.0,
        "Tax Rate For Calcs": 0.21,
        "Normalized EBITDA": -6390000.0,
        "Net Income From Continuing Operation Net Minority Interest": -44546000.0,
        "Reconciled Depreciation": 5599000.0,
        "Reconciled Cost Of Revenue": 195257000.0,
        "EBITDA": -6390000.0,
        "EBIT": -11989000.0,
        "Net Interest Income": -23031000.0,
        "Interest Expense": 23031000.0,
        "Normalized Income": -44546000.0,
        "Net Income From Continuing And Discontinued Operation": -44546000.0,
        "Total Expenses": 304240000.0,
        "Total Operating Income As Reported": -11977000.0,
        "Diluted Average Shares": 170431000.0,
        "Basic Average Shares": 170431000.0,
        "Diluted EPS": -0.26,
        "Basic EPS": -0.26,
        "Diluted NI Availto Com Stockholders": -44546000.0,
        "Net Income Common Stockholders": -44546000.0,
        "Net Income": -44546000.0,
        "Net Income Including Noncontrolling Interests": -44546000.0,
        "Net Income Continuous Operations": -44546000.0,
        "Tax Provision": 9526000.0,
        "Pretax Income": -35020000.0,
        "Other Income Expense": -12000.0,
        "Other Non Operating Income Expenses": -12000.0,
        "Net Non Operating Interest Income Expense": -23031000.0,
        "Interest Expense Non Operating": 23031000.0,
        "Operating Income": -11977000.0,
        "Operating Expense": 108983000.0,
        "Research And Development": 9074000.0,
        "Selling General And Administration": 99909000.0,
        "Selling And Marketing Expense": 63764000.0,
        "General And Administrative Expense": 36145000.0,
        "Other Gand A": 36145000.0,
        "Gross Profit": 97006000.0,
        "Cost Of Revenue": 195257000.0,
        "Total Revenue": 292263000.0,
        "Operating Revenue": 292263000.0
    }
}