{
    "2023-03-31": {
        "Tax Effect Of Unusual Items": 0.0,
        "Tax Rate For Calcs": 0.312057,
        "Normalized EBITDA": 183000000.0,
        "Net Income From Continuing Operation Net Minority Interest": 97000000.0,
        "Reconciled Depreciation": 35000000.0,
        "Reconciled Cost Of Revenue": 670000000.0,
        "EBITDA": 183000000.0,
        "EBIT": 148000000.0,
        "Net Interest Income": -7000000.0,
        "Normalized Income": 97000000.0,
        "Net Income From Continuing And Discontinued Operation": 97000000.0,
        "Total Expenses": 793000000.0,
        "Diluted Average Shares": 43100000.0,
        "Basic Average Shares": 42500000.0,
        "Diluted EPS": 2.25,
        "Basic EPS": 2.28,
        "Diluted NI Availto Com Stockholders": 97000000.0,
        "Net Income Common Stockholders": 97000000.0,
        "Net Income": 97000000.0,
        "Net Income Including Noncontrolling Interests": 97000000.0,
        "Net Income Discontinuous Operations": 0.0,
        "Net Income Continuous Operations": 97000000.0,
        "Tax Provision": 44000000.0,
        "Pretax Income": 141000000.0,
        "Net Non Operating Interest Income Expense": -7000000.0,
        "Total Other Finance Cost": 7000000.0,
        "Operating Income": 148000000.0,
        "Operating Expense": 123000000.0,
        "Other Taxes": 6000000.0,
        "Depreciation Amortization Depletion Income Statement": 35000000.0,
        "Depreciation And Amortization In Income Statement": 35000000.0,
        "Selling General And Administration": 82000000.0,
        "Selling And Marketing Expense": 82000000.0,
        "General And Administrative Expense": 82000000.0,
        "Other Gand A": 82000000.0,
        "Gross Profit": 271000000.0,
        "Cost Of Revenue": 670000000.0,
        "Total Revenue": 941000000.0,
        "Operating Revenue": 941000000.0
    },
    "2022-12-31": {
        "Tax Effect Of Unusual Items": 0.0,
        "Tax Rate For Calcs": 0.278689,
        "Normalized EBITDA": 178000000.0,
        "Net Income From Continuing Operation Net Minority Interest": 88000000.0,
        "Reconciled Depreciation": 31000000.0,
        "Reconciled Cost Of Revenue": 654000000.0,
        "EBITDA": 178000000.0,
        "EBIT": 147000000.0,
        "Net Interest Income": -17000000.0,
        "Normalized Income": 88000000.0,
        "Net Income From Continuing And Discontinued Operation": 94000000.0,
        "Total Expenses": 788000000.0,
        "Diluted Average Shares": 44000000.0,
        "Basic Average Shares": 43518519.0,
        "Diluted EPS": 2.13,
        "Basic EPS": 2.16,
        "Diluted NI Availto Com Stockholders": 94000000.0,
        "Net Income Common Stockholders": 94000000.0,
        "Net Income": 94000000.0,
        "Net Income Including Noncontrolling Interests": 94000000.0,
        "Net Income Discontinuous Operations": 6000000.0,
        "Net Income Continuous Operations": 88000000.0,
        "Tax Provision": 34000000.0,
        "Pretax Income": 122000000.0,
        "Net Non Operating Interest Income Expense": -17000000.0,
        "Total Other Finance Cost": 17000000.0,
        "Operating Income": 139000000.0,
        "Operating Expense": 134000000.0,
        "Other Taxes": 5000000.0,
        "Depreciation Amortization Depletion Income Statement": 31000000.0,
        "Depreciation And Amortization In Income Statement": 31000000.0,
        "Selling General And Administration": 98000000.0,
        "Selling And Marketing Expense": 98000000.0,
        "General And Administrative Expense": 98000000.0,
        "Other Gand A": 98000000.0,
        "Gross Profit": 273000000.0,
        "Cost Of Revenue": 654000000.0,
        "Total Revenue": 927000000.0,
        "Operating Revenue": 927000000.0
    },
    "2022-09-30": {
        "Tax Effect Of Unusual Items": 0.0,
        "Tax Rate For Calcs": 0.26,
        "Normalized EBITDA": 196000000.0,
        "Net Income From Continuing Operation Net Minority Interest": 109000000.0,
        "Reconciled Depreciation": 31000000.0,
        "Reconciled Cost Of Revenue": 686000000.0,
        "EBITDA": 196000000.0,
        "EBIT": 165000000.0,
        "Net Interest Income": -18000000.0,
        "Normalized Income": 109000000.0,
        "Net Income From Continuing And Discontinued Operation": 57000000.0,
        "Total Expenses": 803000000.0,
        "Diluted Average Shares": 44600000.0,
        "Basic Average Shares": 44100000.0,
        "Diluted EPS": 1.28,
        "Basic EPS": 1.29,
        "Diluted NI Availto Com Stockholders": 57000000.0,
        "Net Income Common Stockholders": 57000000.0,
        "Net Income": 57000000.0,
        "Net Income Including Noncontrolling Interests": 57000000.0,
        "Net Income Discontinuous Operations": -52000000.0,
        "Net Income Continuous Operations": 109000000.0,
        "Tax Provision": 38000000.0,
        "Pretax Income": 147000000.0,
        "Net Non Operating Interest Income Expense": -18000000.0,
        "Total Other Finance Cost": 18000000.0,
        "Operating Income": 165000000.0,
        "Operating Expense": 116000000.0,
        "Other Taxes": 6000000.0,
        "Depreciation Amortization Depletion Income Statement": 30000000.0,
        "Depreciation And Amortization In Income Statement": 30000000.0,
        "Selling General And Administration": 80000000.0,
        "Selling And Marketing Expense": 80000000.0,
        "Gross Profit": 281000000.0,
        "Cost Of Revenue": 687000000.0,
        "Total Revenue": 968000000.0,
        "Operating Revenue": 968000000.0
    },
    "2022-06-30": {
        "Tax Effect Of Unusual Items": 0.0,
        "Tax Rate For Calcs": 0.28,
        "Normalized EBITDA": 166000000.0,
        "Net Income From Continuing Operation Net Minority Interest": 84000000.0,
        "Reconciled Depreciation": 29000000.0,
        "Reconciled Cost Of Revenue": 565000000.0,
        "EBITDA": 166000000.0,
        "EBIT": 134000000.0,
        "Net Interest Income": -17000000.0,
        "Normalized Income": 84000000.0,
        "Net Income From Continuing And Discontinued Operation": -59000000.0,
        "Total Expenses": 778000000.0,
        "Diluted Average Shares": 44500000.0,
        "Basic Average Shares": 44100000.0,
        "Diluted EPS": -1.34,
        "Basic EPS": -1.34,
        "Diluted NI Availto Com Stockholders": -59000000.0,
        "Net Income Common Stockholders": -59000000.0,
        "Net Income": -59000000.0,
        "Net Income Including Noncontrolling Interests": -59000000.0,
        "Net Income Discontinuous Operations": -143000000.0,
        "Net Income Continuous Operations": 84000000.0,
        "Tax Provision": 33000000.0,
        "Pretax Income": 117000000.0,
        "Net Non Operating Interest Income Expense": -17000000.0,
        "Total Other Finance Cost": 17000000.0,
        "Operating Income": 134000000.0,
        "Operating Expense": 216000000.0,
        "Other Taxes": 6000000.0,
        "Depreciation Amortization Depletion Income Statement": 32000000.0,
        "Depreciation And Amortization In Income Statement": 32000000.0,
        "Selling General And Administration": 178000000.0,
        "Selling And Marketing Expense": 178000000.0,
        "Gross Profit": 350000000.0,
        "Cost Of Revenue": 562000000.0,
        "Total Revenue": 912000000.0,
        "Operating Revenue": 912000000.0
    },
    "2022-03-31": {
        "Diluted EPS": 0.59,
        "Total Revenue": 821,
        "Gross Profit": 201,
        "Operating Income": 104,
        "EBIT": 135,
        "Net Income": 26
    },
    "2021-12-31": {
        "Diluted EPS": 1.42,
        "Total Revenue": 624,
        "Gross Profit": -30,
        "Operating Income": 48,
        "EBIT": 79,
        "Net Income": 62
    },
    "2021-09-30": {
        "Diluted EPS": 2.09,
        "Total Revenue": 731,
        "Gross Profit": 175,
        "Operating Income": 96,
        "EBIT": 129,
        "Net Income": 92
    },
    "2021-06-30": {
        "Diluted EPS": 2.61,
        "Total Revenue": 695,
        "Gross Profit": 287,
        "Operating Income": 117,
        "EBIT": 143,
        "Net Income": 115
    },
    "2021-03-31": {
        "Diluted EPS": 1.41,
        "Total Revenue": 778,
        "Gross Profit": 253,
        "Operating Income": 91,
        "EBIT": 127,
        "Net Income": 62
    },
    "2020-12-31": {
        "Diluted EPS": 0.0,
        "Total Revenue": NaN,
        "Gross Profit": NaN,
        "Operating Income": NaN,
        "EBIT": NaN,
        "Net Income": NaN
    },
    "2020-09-30": {
        "Diluted EPS": 0.0,
        "Total Revenue": 738,
        "Gross Profit": 238,
        "Operating Income": 71,
        "EBIT": 109,
        "Net Income": 51
    },
    "2020-06-30": {
        "Diluted EPS": 0.0,
        "Total Revenue": NaN,
        "Gross Profit": NaN,
        "Operating Income": NaN,
        "EBIT": NaN,
        "Net Income": NaN
    },
    "2019-12-31": {
        "Diluted EPS": 0.0,
        "Total Revenue": NaN,
        "Gross Profit": NaN,
        "Operating Income": NaN,
        "EBIT": NaN,
        "Net Income": NaN
    },
    "2018-12-31": {
        "Diluted EPS": 0.0,
        "Total Revenue": NaN,
        "Gross Profit": NaN,
        "Operating Income": NaN,
        "EBIT": NaN,
        "Net Income": NaN
    },
    "2023-06-30": {
        "Tax Effect Of Unusual Items": 0.0,
        "Tax Rate For Calcs": 0.3,
        "Normalized EBITDA": 116000000.0,
        "Net Income From Continuing Operation Net Minority Interest": 49000000.0,
        "Reconciled Depreciation": 34000000.0,
        "Reconciled Cost Of Revenue": 721000000.0,
        "EBITDA": 116000000.0,
        "EBIT": 82000000.0,
        "Net Interest Income": -12000000.0,
        "Normalized Income": 49000000.0,
        "Net Income From Continuing And Discontinued Operation": 49000000.0,
        "Total Expenses": 837000000.0,
        "Diluted Average Shares": 42800000.0,
        "Basic Average Shares": 42400000.0,
        "Diluted EPS": 1.14,
        "Basic EPS": 1.16,
        "Diluted NI Availto Com Stockholders": 49000000.0,
        "Net Income Common Stockholders": 49000000.0,
        "Net Income": 49000000.0,
        "Net Income Including Noncontrolling Interests": 49000000.0,
        "Net Income Discontinuous Operations": 0.0,
        "Net Income Continuous Operations": 49000000.0,
        "Tax Provision": 21000000.0,
        "Pretax Income": 70000000.0,
        "Net Non Operating Interest Income Expense": -12000000.0,
        "Total Other Finance Cost": 12000000.0,
        "Operating Income": 82000000.0,
        "Operating Expense": 116000000.0,
        "Other Taxes": 6000000.0,
        "Depreciation Amortization Depletion Income Statement": 34000000.0,
        "Depreciation And Amortization In Income Statement": 34000000.0,
        "Selling General And Administration": 76000000.0,
        "Selling And Marketing Expense": 76000000.0,
        "General And Administrative Expense": 76000000.0,
        "Other Gand A": 76000000.0,
        "Gross Profit": 198000000.0,
        "Cost Of Revenue": 721000000.0,
        "Total Revenue": 919000000.0,
        "Operating Revenue": 919000000.0
    },
    "2023-09-30": {
        "Tax Effect Of Unusual Items": 0.0,
        "Tax Rate For Calcs": 0.36,
        "Normalized EBITDA": 136000000.0,
        "Net Income From Continuing Operation Net Minority Interest": 58000000.0,
        "Reconciled Depreciation": 36000000.0,
        "Reconciled Cost Of Revenue": 665000000.0,
        "EBITDA": 136000000.0,
        "EBIT": 100000000.0,
        "Net Interest Income": -9000000.0,
        "Normalized Income": 58000000.0,
        "Net Income From Continuing And Discontinued Operation": 58000000.0,
        "Total Expenses": 797000000.0,
        "Diluted Average Shares": 42400000.0,
        "Basic Average Shares": 41800000.0,
        "Diluted EPS": 1.37,
        "Basic EPS": 1.39,
        "Diluted NI Availto Com Stockholders": 58000000.0,
        "Net Income Common Stockholders": 58000000.0,
        "Net Income": 58000000.0,
        "Net Income Including Noncontrolling Interests": 58000000.0,
        "Net Income Discontinuous Operations": 0.0,
        "Net Income Continuous Operations": 58000000.0,
        "Tax Provision": 33000000.0,
        "Pretax Income": 91000000.0,
        "Net Non Operating Interest Income Expense": -9000000.0,
        "Total Other Finance Cost": 9000000.0,
        "Operating Income": 100000000.0,
        "Operating Expense": 132000000.0,
        "Other Taxes": 7000000.0,
        "Depreciation Amortization Depletion Income Statement": 36000000.0,
        "Depreciation And Amortization In Income Statement": 36000000.0,
        "Selling General And Administration": 89000000.0,
        "Selling And Marketing Expense": 89000000.0,
        "General And Administrative Expense": 89000000.0,
        "Other Gand A": 89000000.0,
        "Gross Profit": 232000000.0,
        "Cost Of Revenue": 665000000.0,
        "Total Revenue": 897000000.0,
        "Operating Revenue": 897000000.0
    },
    "2023-12-31": {
        "Tax Effect Of Unusual Items": 0.0,
        "Tax Rate For Calcs": 0.268657,
        "Normalized EBITDA": 137000000.0,
        "Net Income From Continuing Operation Net Minority Interest": 49000000.0,
        "Reconciled Depreciation": 38000000.0,
        "Reconciled Cost Of Revenue": 754000000.0,
        "EBITDA": 137000000.0,
        "EBIT": 99000000.0,
        "Net Interest Income": -6000000.0,
        "Normalized Income": 49000000.0,
        "Net Income From Continuing And Discontinued Operation": 49000000.0,
        "Total Expenses": 891000000.0,
        "Diluted Average Shares": 42000000.0,
        "Basic Average Shares": 41525424.0,
        "Diluted EPS": 1.16,
        "Basic EPS": 1.18,
        "Diluted NI Availto Com Stockholders": 49000000.0,
        "Net Income Common Stockholders": 49000000.0,
        "Net Income": 49000000.0,
        "Net Income Including Noncontrolling Interests": 49000000.0,
        "Net Income Discontinuous Operations": 0.0,
        "Net Income Continuous Operations": 49000000.0,
        "Tax Provision": 18000000.0,
        "Pretax Income": 67000000.0,
        "Net Non Operating Interest Income Expense": -6000000.0,
        "Total Other Finance Cost": NaN,
        "Operating Income": 73000000.0,
        "Operating Expense": 137000000.0,
        "Other Taxes": 4000000.0,
        "Depreciation Amortization Depletion Income Statement": 38000000.0,
        "Depreciation And Amortization In Income Statement": 38000000.0,
        "Selling General And Administration": 95000000.0,
        "Selling And Marketing Expense": NaN,
        "General And Administrative Expense": NaN,
        "Other Gand A": NaN,
        "Gross Profit": 210000000.0,
        "Cost Of Revenue": 754000000.0,
        "Total Revenue": 964000000.0,
        "Operating Revenue": 964000000.0
    },
    "2024-03-31": {
        "Tax Effect Of Unusual Items": 0.0,
        "Tax Rate For Calcs": 0.283333,
        "Normalized EBITDA": 108000000.0,
        "Net Income From Continuing Operation Net Minority Interest": 43000000.0,
        "Reconciled Depreciation": 39000000.0,
        "Reconciled Cost Of Revenue": 716000000.0,
        "EBITDA": 108000000.0,
        "EBIT": 69000000.0,
        "Net Interest Income": -9000000.0,
        "Normalized Income": 43000000.0,
        "Net Income From Continuing And Discontinued Operation": 43000000.0,
        "Total Expenses": 836000000.0,
        "Diluted Average Shares": 42100000.0,
        "Basic Average Shares": 41300000.0,
        "Diluted EPS": 1.02,
        "Basic EPS": 1.04,
        "Diluted NI Availto Com Stockholders": 43000000.0,
        "Net Income Common Stockholders": 43000000.0,
        "Net Income": 43000000.0,
        "Net Income Including Noncontrolling Interests": 43000000.0,
        "Net Income Discontinuous Operations": NaN,
        "Net Income Continuous Operations": 43000000.0,
        "Tax Provision": 17000000.0,
        "Pretax Income": 60000000.0,
        "Net Non Operating Interest Income Expense": -9000000.0,
        "Total Other Finance Cost": 9000000.0,
        "Operating Income": 69000000.0,
        "Operating Expense": 120000000.0,
        "Other Taxes": 7000000.0,
        "Depreciation Amortization Depletion Income Statement": 39000000.0,
        "Depreciation And Amortization In Income Statement": 39000000.0,
        "Selling General And Administration": 74000000.0,
        "Selling And Marketing Expense": NaN,
        "General And Administrative Expense": NaN,
        "Other Gand A": NaN,
        "Gross Profit": 189000000.0,
        "Cost Of Revenue": 716000000.0,
        "Total Revenue": 905000000.0,
        "Operating Revenue": 905000000.0
    }
}