{
    "2023-06-30": {
        "Tax Effect Of Unusual Items": 0.0,
        "Tax Rate For Calcs": 0.201959,
        "Net Income From Continuing Operation Net Minority Interest": 15561000.0,
        "Reconciled Depreciation": 2512000.0,
        "Net Interest Income": 36219000.0,
        "Interest Expense": 18064000.0,
        "Interest Income": 54283000.0,
        "Normalized Income": 15561000.0,
        "Net Income From Continuing And Discontinued Operation": 15561000.0,
        "Diluted Average Shares": 11286000.0,
        "Basic Average Shares": 11281000.0,
        "Diluted EPS": 1.37,
        "Basic EPS": 1.37,
        "Diluted NI Availto Com Stockholders": 15489000.0,
        "Net Income Common Stockholders": 15489000.0,
        "Otherunder Preferred Stock Dividend": 72000.0,
        "Net Income": 15561000.0,
        "Net Income Including Noncontrolling Interests": 15561000.0,
        "Net Income Continuous Operations": 15561000.0,
        "Tax Provision": 3938000.0,
        "Pretax Income": 19499000.0,
        "Gain On Sale Of Security": NaN,
        "Depreciation Amortization Depletion Income Statement": 1018000.0,
        "Depreciation And Amortization In Income Statement": 1018000.0,
        "Amortization": 1018000.0,
        "Amortization Of Intangibles Income Statement": 1018000.0,
        "Selling General And Administration": 14621000.0,
        "Selling And Marketing Expense": 698000.0,
        "General And Administrative Expense": 13923000.0,
        "Insurance And Claims": 760000.0,
        "Salaries And Wages": 13163000.0,
        "Total Revenue": 45169000.0,
        "Operating Revenue": 45169000.0,
        "Occupancy And Equipment": 3306000.0,
        "Professional Expense And Contract Services Expense": 464000.0,
        "Other Non Interest Expense": 5466000.0
    },
    "2023-03-31": {
        "Tax Effect Of Unusual Items": NaN,
        "Tax Rate For Calcs": NaN,
        "Net Income From Continuing Operation Net Minority Interest": NaN,
        "Reconciled Depreciation": NaN,
        "Net Interest Income": NaN,
        "Interest Expense": NaN,
        "Interest Income": NaN,
        "Normalized Income": NaN,
        "Net Income From Continuing And Discontinued Operation": NaN,
        "Diluted Average Shares": NaN,
        "Basic Average Shares": NaN,
        "Diluted EPS": NaN,
        "Basic EPS": NaN,
        "Diluted NI Availto Com Stockholders": NaN,
        "Net Income Common Stockholders": NaN,
        "Otherunder Preferred Stock Dividend": NaN,
        "Net Income": NaN,
        "Net Income Including Noncontrolling Interests": NaN,
        "Net Income Continuous Operations": NaN,
        "Tax Provision": NaN,
        "Pretax Income": NaN,
        "Gain On Sale Of Security": 0.0,
        "Depreciation Amortization Depletion Income Statement": NaN,
        "Depreciation And Amortization In Income Statement": NaN,
        "Amortization": NaN,
        "Amortization Of Intangibles Income Statement": NaN,
        "Selling General And Administration": NaN,
        "Selling And Marketing Expense": NaN,
        "General And Administrative Expense": NaN,
        "Insurance And Claims": NaN,
        "Salaries And Wages": NaN,
        "Total Revenue": NaN,
        "Operating Revenue": NaN,
        "Occupancy And Equipment": NaN,
        "Professional Expense And Contract Services Expense": NaN,
        "Other Non Interest Expense": NaN
    },
    "2022-12-31": {
        "Tax Effect Of Unusual Items": NaN,
        "Tax Rate For Calcs": NaN,
        "Net Income From Continuing Operation Net Minority Interest": NaN,
        "Reconciled Depreciation": NaN,
        "Net Interest Income": NaN,
        "Interest Expense": NaN,
        "Interest Income": NaN,
        "Normalized Income": NaN,
        "Net Income From Continuing And Discontinued Operation": NaN,
        "Diluted Average Shares": NaN,
        "Basic Average Shares": NaN,
        "Diluted EPS": NaN,
        "Basic EPS": NaN,
        "Diluted NI Availto Com Stockholders": NaN,
        "Net Income Common Stockholders": NaN,
        "Otherunder Preferred Stock Dividend": NaN,
        "Net Income": NaN,
        "Net Income Including Noncontrolling Interests": NaN,
        "Net Income Continuous Operations": NaN,
        "Tax Provision": NaN,
        "Pretax Income": NaN,
        "Gain On Sale Of Security": 0.0,
        "Depreciation Amortization Depletion Income Statement": NaN,
        "Depreciation And Amortization In Income Statement": NaN,
        "Amortization": NaN,
        "Amortization Of Intangibles Income Statement": NaN,
        "Selling General And Administration": NaN,
        "Selling And Marketing Expense": NaN,
        "General And Administrative Expense": NaN,
        "Insurance And Claims": NaN,
        "Salaries And Wages": NaN,
        "Total Revenue": NaN,
        "Operating Revenue": NaN,
        "Occupancy And Equipment": NaN,
        "Professional Expense And Contract Services Expense": NaN,
        "Other Non Interest Expense": NaN
    },
    "2022-09-30": {
        "Tax Effect Of Unusual Items": NaN,
        "Tax Rate For Calcs": NaN,
        "Net Income From Continuing Operation Net Minority Interest": NaN,
        "Reconciled Depreciation": NaN,
        "Net Interest Income": NaN,
        "Interest Expense": NaN,
        "Interest Income": NaN,
        "Normalized Income": NaN,
        "Net Income From Continuing And Discontinued Operation": NaN,
        "Diluted Average Shares": NaN,
        "Basic Average Shares": NaN,
        "Diluted EPS": NaN,
        "Basic EPS": NaN,
        "Diluted NI Availto Com Stockholders": NaN,
        "Net Income Common Stockholders": NaN,
        "Otherunder Preferred Stock Dividend": NaN,
        "Net Income": NaN,
        "Net Income Including Noncontrolling Interests": NaN,
        "Net Income Continuous Operations": NaN,
        "Tax Provision": NaN,
        "Pretax Income": NaN,
        "Gain On Sale Of Security": NaN,
        "Depreciation Amortization Depletion Income Statement": NaN,
        "Depreciation And Amortization In Income Statement": NaN,
        "Amortization": NaN,
        "Amortization Of Intangibles Income Statement": NaN,
        "Selling General And Administration": NaN,
        "Selling And Marketing Expense": NaN,
        "General And Administrative Expense": NaN,
        "Other Gand A": 1989000.0,
        "Insurance And Claims": NaN,
        "Salaries And Wages": NaN,
        "Total Revenue": NaN,
        "Operating Revenue": NaN
    },
    "2022-06-30": {
        "Tax Effect Of Unusual Items": 0.0,
        "Tax Rate For Calcs": 0.216,
        "Net Income From Continuing Operation Net Minority Interest": 13084000.0,
        "Reconciled Depreciation": 402000.0,
        "Net Interest Income": 27758000.0,
        "Interest Expense": 3814000.0,
        "Interest Income": 31572000.0,
        "Normalized Income": 13084000.0,
        "Net Income From Continuing And Discontinued Operation": 13084000.0,
        "Diluted Average Shares": 9253538.0,
        "Basic Average Shares": 9240514.0,
        "Diluted EPS": 1.41,
        "Basic EPS": 1.41,
        "Diluted NI Availto Com Stockholders": 13029000.0,
        "Net Income Common Stockholders": 13029000.0,
        "Otherunder Preferred Stock Dividend": 55000.0,
        "Net Income": 13084000.0,
        "Net Income Including Noncontrolling Interests": 13084000.0,
        "Net Income Continuous Operations": 13084000.0,
        "Tax Provision": 3602000.0,
        "Pretax Income": 16686000.0,
        "Gain On Sale Of Security": 0.0,
        "Depreciation Amortization Depletion Income Statement": 402000.0,
        "Depreciation And Amortization In Income Statement": 402000.0,
        "Amortization": 402000.0,
        "Amortization Of Intangibles Income Statement": 402000.0,
        "Selling General And Administration": 12715000.0,
        "Selling And Marketing Expense": 579000.0,
        "General And Administrative Expense": 12136000.0,
        "Other Gand A": 2062000.0,
        "Insurance And Claims": 207000.0,
        "Salaries And Wages": 9867000.0,
        "Total Revenue": 34257000.0,
        "Operating Revenue": 34257000.0
    },
    "2022-03-31": {
        "Diluted EPS": 1.03,
        "Total Revenue": 33,
        "Gross Profit": 30,
        "Operating Income": 12,
        "EBIT": NaN,
        "Net Income": 9
    },
    "2021-12-31": {
        "Diluted EPS": 1.35,
        "Total Revenue": 33,
        "Gross Profit": 30,
        "Operating Income": 15,
        "EBIT": NaN,
        "Net Income": 12
    },
    "2021-09-30": {
        "Diluted EPS": 1.43,
        "Total Revenue": 33,
        "Gross Profit": 30,
        "Operating Income": 16,
        "EBIT": NaN,
        "Net Income": 13
    },
    "2021-06-30": {
        "Diluted EPS": 1.54,
        "Total Revenue": 32,
        "Gross Profit": 29,
        "Operating Income": 17,
        "EBIT": NaN,
        "Net Income": 14
    },
    "2021-03-31": {
        "Diluted EPS": 1.27,
        "Total Revenue": 32,
        "Gross Profit": 28,
        "Operating Income": 15,
        "EBIT": NaN,
        "Net Income": 11
    },
    "2020-12-31": {
        "Diluted EPS": 1.32,
        "Total Revenue": 34,
        "Gross Profit": 29,
        "Operating Income": 15,
        "EBIT": NaN,
        "Net Income": 12
    },
    "2020-09-30": {
        "Diluted EPS": 1.09,
        "Total Revenue": 32,
        "Gross Profit": 27,
        "Operating Income": 13,
        "EBIT": NaN,
        "Net Income": 10
    },
    "2020-06-30": {
        "Diluted EPS": 0.75,
        "Total Revenue": 32,
        "Gross Profit": 26,
        "Operating Income": 9,
        "EBIT": NaN,
        "Net Income": 7
    },
    "2020-03-31": {
        "Diluted EPS": 0.55,
        "Total Revenue": 29,
        "Gross Profit": 23,
        "Operating Income": 6,
        "EBIT": NaN,
        "Net Income": 5
    },
    "2019-12-31": {
        "Diluted EPS": 0.84,
        "Total Revenue": 30,
        "Gross Profit": 23,
        "Operating Income": 10,
        "EBIT": NaN,
        "Net Income": 8
    },
    "2019-09-30": {
        "Diluted EPS": 0.85,
        "Total Revenue": 30,
        "Gross Profit": 23,
        "Operating Income": 10,
        "EBIT": NaN,
        "Net Income": 8
    },
    "2019-06-30": {
        "Diluted EPS": 0.81,
        "Total Revenue": 28,
        "Gross Profit": 21,
        "Operating Income": 9,
        "EBIT": NaN,
        "Net Income": 8
    },
    "2019-03-31": {
        "Diluted EPS": 0.76,
        "Total Revenue": 29,
        "Gross Profit": 23,
        "Operating Income": 9,
        "EBIT": NaN,
        "Net Income": 7
    },
    "2018-12-31": {
        "Diluted EPS": 0.81,
        "Total Revenue": 28,
        "Gross Profit": 22,
        "Operating Income": 9,
        "EBIT": NaN,
        "Net Income": 7
    },
    "2018-09-30": {
        "Diluted EPS": 0.76,
        "Total Revenue": 25,
        "Gross Profit": 21,
        "Operating Income": 8,
        "EBIT": NaN,
        "Net Income": 7
    },
    "2018-06-30": {
        "Diluted EPS": 0.63,
        "Total Revenue": 22,
        "Gross Profit": 18,
        "Operating Income": 7,
        "EBIT": NaN,
        "Net Income": 6
    },
    "2018-03-31": {
        "Diluted EPS": 0.6,
        "Total Revenue": 23,
        "Gross Profit": 20,
        "Operating Income": 7,
        "EBIT": NaN,
        "Net Income": 5
    },
    "2017-12-31": {
        "Diluted EPS": 0.6,
        "Total Revenue": 22,
        "Gross Profit": 19,
        "Operating Income": 8,
        "EBIT": NaN,
        "Net Income": 5
    },
    "2017-09-30": {
        "Diluted EPS": 0.56,
        "Total Revenue": 22,
        "Gross Profit": 18,
        "Operating Income": 7,
        "EBIT": NaN,
        "Net Income": 5
    },
    "2017-06-30": {
        "Diluted EPS": 0.48,
        "Total Revenue": 19,
        "Gross Profit": 16,
        "Operating Income": 5,
        "EBIT": NaN,
        "Net Income": 4
    },
    "2017-03-31": {
        "Diluted EPS": 0.53,
        "Total Revenue": 18,
        "Gross Profit": 15,
        "Operating Income": 5,
        "EBIT": NaN,
        "Net Income": 4
    },
    "2016-12-31": {
        "Diluted EPS": 0.56,
        "Total Revenue": 18,
        "Gross Profit": 15,
        "Operating Income": 6,
        "EBIT": NaN,
        "Net Income": 4
    },
    "2016-09-30": {
        "Diluted EPS": 0.5,
        "Total Revenue": 18,
        "Gross Profit": 15,
        "Operating Income": 5,
        "EBIT": NaN,
        "Net Income": 4
    },
    "2016-06-30": {
        "Diluted EPS": 0.49,
        "Total Revenue": 17,
        "Gross Profit": 14,
        "Operating Income": 5,
        "EBIT": NaN,
        "Net Income": 4
    },
    "2016-03-31": {
        "Diluted EPS": 0.45,
        "Total Revenue": 16,
        "Gross Profit": 14,
        "Operating Income": 5,
        "EBIT": NaN,
        "Net Income": 3
    },
    "2015-12-31": {
        "Diluted EPS": 0.56,
        "Total Revenue": 17,
        "Gross Profit": 15,
        "Operating Income": 6,
        "EBIT": NaN,
        "Net Income": 4
    },
    "2015-09-30": {
        "Diluted EPS": 0.48,
        "Total Revenue": 16,
        "Gross Profit": 14,
        "Operating Income": 5,
        "EBIT": NaN,
        "Net Income": 4
    },
    "2015-06-30": {
        "Diluted EPS": 0.46,
        "Total Revenue": 16,
        "Gross Profit": 14,
        "Operating Income": 5,
        "EBIT": NaN,
        "Net Income": 4
    },
    "2015-03-31": {
        "Diluted EPS": 0.44,
        "Total Revenue": 16,
        "Gross Profit": 14,
        "Operating Income": 5,
        "EBIT": NaN,
        "Net Income": 3
    },
    "2014-12-31": {
        "Diluted EPS": 0.45,
        "Total Revenue": 17,
        "Gross Profit": 14,
        "Operating Income": 5,
        "EBIT": NaN,
        "Net Income": 3
    },
    "2014-09-30": {
        "Diluted EPS": 0.44,
        "Total Revenue": 15,
        "Gross Profit": 13,
        "Operating Income": 5,
        "EBIT": NaN,
        "Net Income": 3
    },
    "2014-06-30": {
        "Diluted EPS": 0.03,
        "Total Revenue": 12,
        "Gross Profit": 11,
        "Operating Income": 4,
        "EBIT": NaN,
        "Net Income": 3
    },
    "2014-03-31": {
        "Diluted EPS": 0.32,
        "Total Revenue": 12,
        "Gross Profit": 10,
        "Operating Income": 3,
        "EBIT": NaN,
        "Net Income": 2
    },
    "2013-12-31": {
        "Diluted EPS": 0.73,
        "Total Revenue": 12,
        "Gross Profit": 10,
        "Operating Income": 3,
        "EBIT": NaN,
        "Net Income": 2
    },
    "2013-09-30": {
        "Diluted EPS": 0.37,
        "Total Revenue": 10,
        "Gross Profit": 9,
        "Operating Income": 4,
        "EBIT": NaN,
        "Net Income": 3
    },
    "2013-06-30": {
        "Diluted EPS": 0.37,
        "Total Revenue": 10,
        "Gross Profit": 8,
        "Operating Income": 3,
        "EBIT": NaN,
        "Net Income": 2
    },
    "2013-03-31": {
        "Diluted EPS": 0.36,
        "Total Revenue": 10,
        "Gross Profit": 8,
        "Operating Income": 3,
        "EBIT": NaN,
        "Net Income": 2
    },
    "2012-12-31": {
        "Diluted EPS": 0.36,
        "Total Revenue": 10,
        "Gross Profit": 8,
        "Operating Income": 4,
        "EBIT": NaN,
        "Net Income": 2
    },
    "2012-09-30": {
        "Diluted EPS": 0.36,
        "Total Revenue": 10,
        "Gross Profit": 8,
        "Operating Income": 4,
        "EBIT": NaN,
        "Net Income": 2
    },
    "2012-06-30": {
        "Diluted EPS": 0.26,
        "Total Revenue": 10,
        "Gross Profit": 8,
        "Operating Income": 3,
        "EBIT": NaN,
        "Net Income": 2
    },
    "2012-03-31": {
        "Diluted EPS": 0.32,
        "Total Revenue": 11,
        "Gross Profit": 8,
        "Operating Income": 3,
        "EBIT": NaN,
        "Net Income": 2
    },
    "2011-12-31": {
        "Diluted EPS": 0.48,
        "Total Revenue": 11,
        "Gross Profit": 8,
        "Operating Income": 4,
        "EBIT": NaN,
        "Net Income": 3
    },
    "2011-09-30": {
        "Diluted EPS": 0.61,
        "Total Revenue": 11,
        "Gross Profit": 9,
        "Operating Income": 4,
        "EBIT": NaN,
        "Net Income": 3
    },
    "2011-06-30": {
        "Diluted EPS": 0.57,
        "Total Revenue": 11,
        "Gross Profit": 8,
        "Operating Income": 4,
        "EBIT": NaN,
        "Net Income": 2
    },
    "2011-03-31": {
        "Diluted EPS": 0.43,
        "Total Revenue": 11,
        "Gross Profit": 8,
        "Operating Income": 3,
        "EBIT": NaN,
        "Net Income": 2
    },
    "2010-12-31": {
        "Diluted EPS": 1.28,
        "Total Revenue": 15,
        "Gross Profit": 13,
        "Operating Income": 9,
        "EBIT": NaN,
        "Net Income": 5
    },
    "2010-09-30": {
        "Diluted EPS": 0.28,
        "Total Revenue": 8,
        "Gross Profit": 5,
        "Operating Income": 2,
        "EBIT": NaN,
        "Net Income": 1
    },
    "2010-06-30": {
        "Diluted EPS": 0.25,
        "Total Revenue": 8,
        "Gross Profit": 5,
        "Operating Income": 2,
        "EBIT": NaN,
        "Net Income": 1
    },
    "2010-03-31": {
        "Diluted EPS": 0.23,
        "Total Revenue": 8,
        "Gross Profit": 5,
        "Operating Income": 1,
        "EBIT": NaN,
        "Net Income": 1
    },
    "2009-12-31": {
        "Diluted EPS": 0.25,
        "Total Revenue": 8,
        "Gross Profit": 5,
        "Operating Income": 2,
        "EBIT": NaN,
        "Net Income": 1
    },
    "2009-09-30": {
        "Diluted EPS": 0.26,
        "Total Revenue": 8,
        "Gross Profit": 5,
        "Operating Income": 1,
        "EBIT": NaN,
        "Net Income": 1
    },
    "2009-06-30": {
        "Diluted EPS": 0.22,
        "Total Revenue": 7,
        "Gross Profit": 4,
        "Operating Income": 2,
        "EBIT": NaN,
        "Net Income": 1
    },
    "2009-03-31": {
        "Diluted EPS": 0.21,
        "Total Revenue": 7,
        "Gross Profit": 4,
        "Operating Income": 1,
        "EBIT": NaN,
        "Net Income": 1
    },
    "2023-09-30": {
        "Tax Effect Of Unusual Items": 0.0,
        "Tax Rate For Calcs": 0.21,
        "Net Income From Continuing Operation Net Minority Interest": 13151000.0,
        "Reconciled Depreciation": 2457000.0,
        "Net Interest Income": 35394000.0,
        "Interest Expense": 22713000.0,
        "Interest Income": 58107000.0,
        "Normalized Income": 13151000.0,
        "Net Income From Continuing And Discontinued Operation": 13151000.0,
        "Diluted Average Shares": 11298000.0,
        "Basic Average Shares": 11286000.0,
        "Diluted EPS": 1.16,
        "Basic EPS": 1.16,
        "Diluted NI Availto Com Stockholders": 13094000.0,
        "Net Income Common Stockholders": 13094000.0,
        "Otherunder Preferred Stock Dividend": 57000.0,
        "Net Income": 13151000.0,
        "Net Income Including Noncontrolling Interests": 13151000.0,
        "Net Income Continuous Operations": 13151000.0,
        "Tax Provision": 3487000.0,
        "Pretax Income": 16638000.0,
        "Gain On Sale Of Security": NaN,
        "Depreciation Amortization Depletion Income Statement": 1018000.0,
        "Depreciation And Amortization In Income Statement": 1018000.0,
        "Amortization": 1018000.0,
        "Amortization Of Intangibles Income Statement": 1018000.0,
        "Selling General And Administration": 13664000.0,
        "Selling And Marketing Expense": 465000.0,
        "General And Administrative Expense": 13199000.0,
        "Insurance And Claims": 550000.0,
        "Salaries And Wages": 12649000.0,
        "Total Revenue": 41247000.0,
        "Operating Revenue": 41247000.0,
        "Occupancy And Equipment": 3515000.0,
        "Professional Expense And Contract Services Expense": 416000.0,
        "Other Non Interest Expense": 5096000.0
    },
    "2023-12-31": {
        "Tax Effect Of Unusual Items": 0.0,
        "Tax Rate For Calcs": 0.206,
        "Net Income From Continuing Operation Net Minority Interest": 12193000.0,
        "Reconciled Depreciation": 2503000.0,
        "Net Interest Income": 34486000.0,
        "Interest Expense": 27090000.0,
        "Interest Income": 61576000.0,
        "Normalized Income": 12193000.0,
        "Net Income From Continuing And Discontinued Operation": 12193000.0,
        "Diluted Average Shares": 11301000.0,
        "Basic Average Shares": 11287000.0,
        "Diluted EPS": 1.07,
        "Basic EPS": 1.08,
        "Diluted NI Availto Com Stockholders": 12140000.0,
        "Net Income Common Stockholders": 12140000.0,
        "Otherunder Preferred Stock Dividend": 53000.0,
        "Net Income": 12193000.0,
        "Net Income Including Noncontrolling Interests": 12193000.0,
        "Net Income Continuous Operations": 12193000.0,
        "Tax Provision": 3173000.0,
        "Pretax Income": 15366000.0,
        "Gain On Sale Of Security": -682000.0,
        "Depreciation Amortization Depletion Income Statement": 1018000.0,
        "Depreciation And Amortization In Income Statement": 1018000.0,
        "Amortization": 1018000.0,
        "Amortization Of Intangibles Income Statement": 1018000.0,
        "Selling General And Administration": 13951000.0,
        "Selling And Marketing Expense": 392000.0,
        "General And Administrative Expense": 13559000.0,
        "Insurance And Claims": 598000.0,
        "Salaries And Wages": 12961000.0,
        "Total Revenue": 40126000.0,
        "Operating Revenue": 40126000.0,
        "Occupancy And Equipment": 3478000.0,
        "Professional Expense And Contract Services Expense": 387000.0,
        "Other Non Interest Expense": 5026000.0
    },
    "2024-03-31": {
        "Tax Effect Of Unusual Items": 0.0,
        "Tax Rate For Calcs": 0.20058,
        "Net Income From Continuing Operation Net Minority Interest": 11307000.0,
        "Reconciled Depreciation": 2545000.0,
        "Net Interest Income": 34509000.0,
        "Interest Expense": 29516000.0,
        "Interest Income": 64025000.0,
        "Normalized Income": 11307000.0,
        "Net Income From Continuing And Discontinued Operation": 11307000.0,
        "Diluted Average Shares": 11312548.0,
        "Basic Average Shares": 11301577.0,
        "Diluted EPS": 0.99,
        "Basic EPS": 1.0,
        "Diluted NI Availto Com Stockholders": 11249000.0,
        "Net Income Common Stockholders": 11249000.0,
        "Otherunder Preferred Stock Dividend": 58000.0,
        "Net Income": 11307000.0,
        "Net Income Including Noncontrolling Interests": 11307000.0,
        "Net Income Continuous Operations": 11307000.0,
        "Tax Provision": 2837000.0,
        "Pretax Income": 14144000.0,
        "Gain On Sale Of Security": -807000.0,
        "Depreciation Amortization Depletion Income Statement": 1018000.0,
        "Depreciation And Amortization In Income Statement": 1018000.0,
        "Amortization": 1018000.0,
        "Amortization Of Intangibles Income Statement": 1018000.0,
        "Selling General And Administration": 15049000.0,
        "Selling And Marketing Expense": 622000.0,
        "General And Administrative Expense": 14427000.0,
        "Insurance And Claims": 677000.0,
        "Salaries And Wages": 13750000.0,
        "Total Revenue": 40093000.0,
        "Operating Revenue": 40093000.0,
        "Occupancy And Equipment": 3623000.0,
        "Professional Expense And Contract Services Expense": 412000.0,
        "Other Non Interest Expense": 4947000.0
    },
    "2024-06-30": {
        "Tax Effect Of Unusual Items": 0.0,
        "Tax Rate For Calcs": 0.202288,
        "Net Income From Continuing Operation Net Minority Interest": 13530000.0,
        "Reconciled Depreciation": 2587000.0,
        "Net Interest Income": 35095000.0,
        "Interest Expense": 29573000.0,
        "Interest Income": 64668000.0,
        "Normalized Income": 13530000.0,
        "Net Income From Continuing And Discontinued Operation": 13530000.0,
        "Diluted Average Shares": 11283000.0,
        "Basic Average Shares": 11276000.0,
        "Diluted EPS": 1.19,
        "Basic EPS": 1.19,
        "Diluted NI Availto Com Stockholders": 13461000.0,
        "Net Income Common Stockholders": 13461000.0,
        "Otherunder Preferred Stock Dividend": 69000.0,
        "Net Income": 13530000.0,
        "Net Income Including Noncontrolling Interests": 13530000.0,
        "Net Income Continuous Operations": 13530000.0,
        "Tax Provision": 3431000.0,
        "Pretax Income": 16961000.0,
        "Gain On Sale Of Security": 0.0,
        "Depreciation Amortization Depletion Income Statement": 1018000.0,
        "Depreciation And Amortization In Income Statement": 1018000.0,
        "Amortization": 1018000.0,
        "Amortization Of Intangibles Income Statement": 1018000.0,
        "Selling General And Administration": 15172000.0,
        "Selling And Marketing Expense": 640000.0,
        "General And Administrative Expense": 14532000.0,
        "Insurance And Claims": 639000.0,
        "Salaries And Wages": 13893000.0,
        "Total Revenue": 42862000.0,
        "Operating Revenue": 42862000.0,
        "Occupancy And Equipment": 3790000.0,
        "Professional Expense And Contract Services Expense": 516000.0,
        "Other Non Interest Expense": 4505000.0
    },
    "2024-09-30": {
        "Tax Effect Of Unusual Items": 0.0,
        "Tax Rate For Calcs": 0.213,
        "Net Income From Continuing Operation Net Minority Interest": 12458000.0,
        "Reconciled Depreciation": 2505000.0,
        "Net Interest Income": 36661000.0,
        "Interest Expense": 30717000.0,
        "Interest Income": 67378000.0,
        "Normalized Income": 12458000.0,
        "Net Income From Continuing And Discontinued Operation": 12458000.0,
        "Diluted Average Shares": 11240007.0,
        "Basic Average Shares": 11220766.0,
        "Diluted EPS": 1.1,
        "Basic EPS": 1.1,
        "Diluted NI Availto Com Stockholders": 12396000.0,
        "Net Income Common Stockholders": 12396000.0,
        "Otherunder Preferred Stock Dividend": 62000.0,
        "Net Income": 12458000.0,
        "Net Income Including Noncontrolling Interests": 12458000.0,
        "Net Income Continuous Operations": 12458000.0,
        "Tax Provision": 3377000.0,
        "Pretax Income": 15835000.0,
        "Gain On Sale Of Security": NaN,
        "Depreciation Amortization Depletion Income Statement": 897000.0,
        "Depreciation And Amortization In Income Statement": 897000.0,
        "Amortization": 897000.0,
        "Amortization Of Intangibles Income Statement": 897000.0,
        "Selling General And Administration": 15415000.0,
        "Selling And Marketing Expense": 546000.0,
        "General And Administrative Expense": 14869000.0,
        "Insurance And Claims": 472000.0,
        "Salaries And Wages": 14397000.0,
        "Total Revenue": 43835000.0,
        "Operating Revenue": 43835000.0,
        "Occupancy And Equipment": 3689000.0,
        "Professional Expense And Contract Services Expense": 1208000.0,
        "Other Non Interest Expense": 4632000.0
    }
}