{
    "2023-03-31": {
        "Tax Effect Of Unusual Items": NaN,
        "Tax Rate For Calcs": NaN,
        "Normalized EBITDA": NaN,
        "Total Unusual Items": NaN,
        "Total Unusual Items Excluding Goodwill": NaN,
        "Net Income From Continuing Operation Net Minority Interest": NaN,
        "Reconciled Depreciation": NaN,
        "Reconciled Cost Of Revenue": NaN,
        "EBITDA": NaN,
        "EBIT": NaN,
        "Net Interest Income": NaN,
        "Interest Expense": NaN,
        "Normalized Income": NaN,
        "Net Income From Continuing And Discontinued Operation": NaN,
        "Total Expenses": NaN,
        "Total Operating Income As Reported": NaN,
        "Diluted Average Shares": NaN,
        "Basic Average Shares": NaN,
        "Diluted EPS": NaN,
        "Basic EPS": NaN,
        "Diluted NI Availto Com Stockholders": NaN,
        "Net Income Common Stockholders": NaN,
        "Net Income": NaN,
        "Net Income Including Noncontrolling Interests": NaN,
        "Net Income Continuous Operations": NaN,
        "Tax Provision": NaN,
        "Pretax Income": NaN,
        "Other Income Expense": NaN,
        "Other Non Operating Income Expenses": NaN,
        "Special Income Charges": NaN,
        "Write Off": 21800000.0,
        "Impairment Of Capital Assets": NaN,
        "Restructuring And Mergern Acquisition": NaN,
        "Earnings From Equity Interest": NaN,
        "Net Non Operating Interest Income Expense": NaN,
        "Interest Expense Non Operating": NaN,
        "Operating Income": NaN,
        "Operating Expense": NaN,
        "Other Operating Expenses": NaN,
        "Depreciation Amortization Depletion Income Statement": NaN,
        "Depreciation And Amortization In Income Statement": NaN,
        "Amortization": NaN,
        "Amortization Of Intangibles Income Statement": NaN,
        "Research And Development": NaN,
        "Selling General And Administration": NaN,
        "Selling And Marketing Expense": NaN,
        "General And Administrative Expense": NaN,
        "Other Gand A": NaN,
        "Salaries And Wages": NaN,
        "Gross Profit": NaN,
        "Cost Of Revenue": NaN,
        "Total Revenue": NaN,
        "Operating Revenue": NaN
    },
    "2022-12-31": {
        "Tax Effect Of Unusual Items": NaN,
        "Tax Rate For Calcs": NaN,
        "Normalized EBITDA": NaN,
        "Total Unusual Items": NaN,
        "Total Unusual Items Excluding Goodwill": NaN,
        "Net Income From Continuing Operation Net Minority Interest": NaN,
        "Reconciled Depreciation": NaN,
        "Reconciled Cost Of Revenue": NaN,
        "EBITDA": NaN,
        "EBIT": NaN,
        "Net Interest Income": NaN,
        "Interest Expense": NaN,
        "Normalized Income": NaN,
        "Net Income From Continuing And Discontinued Operation": NaN,
        "Total Expenses": NaN,
        "Total Operating Income As Reported": NaN,
        "Diluted Average Shares": NaN,
        "Basic Average Shares": NaN,
        "Diluted EPS": NaN,
        "Basic EPS": NaN,
        "Diluted NI Availto Com Stockholders": NaN,
        "Net Income Common Stockholders": NaN,
        "Net Income": NaN,
        "Net Income Including Noncontrolling Interests": NaN,
        "Net Income Continuous Operations": NaN,
        "Tax Provision": NaN,
        "Pretax Income": NaN,
        "Other Income Expense": NaN,
        "Other Non Operating Income Expenses": NaN,
        "Special Income Charges": NaN,
        "Write Off": 8500000.0,
        "Impairment Of Capital Assets": NaN,
        "Restructuring And Mergern Acquisition": 8500000.0,
        "Earnings From Equity Interest": NaN,
        "Net Non Operating Interest Income Expense": NaN,
        "Interest Expense Non Operating": NaN,
        "Operating Income": NaN,
        "Operating Expense": NaN,
        "Other Operating Expenses": NaN,
        "Depreciation Amortization Depletion Income Statement": NaN,
        "Depreciation And Amortization In Income Statement": NaN,
        "Amortization": NaN,
        "Amortization Of Intangibles Income Statement": NaN,
        "Research And Development": NaN,
        "Selling General And Administration": NaN,
        "Selling And Marketing Expense": NaN,
        "General And Administrative Expense": NaN,
        "Other Gand A": NaN,
        "Salaries And Wages": NaN,
        "Gross Profit": NaN,
        "Cost Of Revenue": NaN,
        "Total Revenue": NaN,
        "Operating Revenue": NaN
    },
    "2022-09-30": {
        "Tax Effect Of Unusual Items": NaN,
        "Tax Rate For Calcs": NaN,
        "Normalized EBITDA": NaN,
        "Total Unusual Items": NaN,
        "Total Unusual Items Excluding Goodwill": NaN,
        "Net Income From Continuing Operation Net Minority Interest": NaN,
        "Reconciled Depreciation": NaN,
        "Reconciled Cost Of Revenue": NaN,
        "EBITDA": NaN,
        "EBIT": NaN,
        "Net Interest Income": NaN,
        "Interest Expense": NaN,
        "Normalized Income": NaN,
        "Net Income From Continuing And Discontinued Operation": NaN,
        "Total Expenses": NaN,
        "Total Operating Income As Reported": NaN,
        "Diluted Average Shares": NaN,
        "Basic Average Shares": NaN,
        "Diluted EPS": NaN,
        "Basic EPS": NaN,
        "Diluted NI Availto Com Stockholders": NaN,
        "Net Income Common Stockholders": NaN,
        "Net Income": NaN,
        "Minority Interests": 0.0,
        "Net Income Including Noncontrolling Interests": NaN,
        "Net Income Discontinuous Operations": 0.0,
        "Net Income Continuous Operations": NaN,
        "Tax Provision": NaN,
        "Pretax Income": NaN,
        "Other Income Expense": NaN,
        "Other Non Operating Income Expenses": NaN,
        "Special Income Charges": NaN,
        "Write Off": 32900000.0,
        "Impairment Of Capital Assets": NaN,
        "Restructuring And Mergern Acquisition": NaN,
        "Earnings From Equity Interest": NaN,
        "Net Non Operating Interest Income Expense": NaN,
        "Interest Expense Non Operating": NaN,
        "Operating Income": NaN,
        "Operating Expense": NaN,
        "Other Operating Expenses": NaN,
        "Depreciation Amortization Depletion Income Statement": NaN,
        "Depreciation And Amortization In Income Statement": NaN,
        "Amortization": NaN,
        "Amortization Of Intangibles Income Statement": NaN,
        "Research And Development": NaN,
        "Selling General And Administration": NaN,
        "Selling And Marketing Expense": NaN,
        "General And Administrative Expense": NaN,
        "Other Gand A": NaN,
        "Salaries And Wages": NaN,
        "Gross Profit": NaN,
        "Cost Of Revenue": NaN,
        "Total Revenue": NaN,
        "Operating Revenue": NaN
    },
    "2022-06-30": {
        "Tax Effect Of Unusual Items": -151613525.229756,
        "Tax Rate For Calcs": 0.230276,
        "Normalized EBITDA": 112700000.0,
        "Total Unusual Items": -658400000.0,
        "Total Unusual Items Excluding Goodwill": -658400000.0,
        "Net Income From Continuing Operation Net Minority Interest": -443900000.0,
        "Reconciled Depreciation": 27100000.0,
        "Reconciled Cost Of Revenue": 949500000.0,
        "EBITDA": -545700000.0,
        "EBIT": -545700000.0,
        "Net Interest Income": -31000000.0,
        "Interest Expense": 31000000.0,
        "Normalized Income": 62886474.770244,
        "Net Income From Continuing And Discontinued Operation": -443900000.0,
        "Total Expenses": 1090200000.0,
        "Total Operating Income As Reported": -562500000.0,
        "Diluted Average Shares": 55400000.0,
        "Basic Average Shares": 55400000.0,
        "Diluted EPS": -8.01,
        "Basic EPS": -8.01,
        "Diluted NI Availto Com Stockholders": -443900000.0,
        "Net Income Common Stockholders": -443900000.0,
        "Net Income": -443900000.0,
        "Minority Interests": 0.0,
        "Net Income Including Noncontrolling Interests": -443900000.0,
        "Net Income Discontinuous Operations": 0.0,
        "Net Income Continuous Operations": -443900000.0,
        "Tax Provision": -132800000.0,
        "Pretax Income": -576700000.0,
        "Other Income Expense": -641600000.0,
        "Other Non Operating Income Expenses": 1700000.0,
        "Special Income Charges": -658400000.0,
        "Write Off": 658400000.0,
        "Impairment Of Capital Assets": NaN,
        "Restructuring And Mergern Acquisition": NaN,
        "Earnings From Equity Interest": 15100000.0,
        "Net Non Operating Interest Income Expense": -31000000.0,
        "Interest Expense Non Operating": 31000000.0,
        "Operating Income": 95900000.0,
        "Operating Expense": 140700000.0,
        "Other Operating Expenses": 4900000.0,
        "Depreciation Amortization Depletion Income Statement": 7700000.0,
        "Depreciation And Amortization In Income Statement": 7700000.0,
        "Amortization": 7700000.0,
        "Amortization Of Intangibles Income Statement": 7700000.0,
        "Research And Development": 10400000.0,
        "Selling General And Administration": 135800000.0,
        "Selling And Marketing Expense": 30000000.0,
        "General And Administrative Expense": 87700000.0,
        "Other Gand A": 82200000.0,
        "Salaries And Wages": 5500000.0,
        "Gross Profit": 236600000.0,
        "Cost Of Revenue": 949500000.0,
        "Total Revenue": 1186100000.0,
        "Operating Revenue": 1186100000.0
    },
    "2023-06-30": {
        "Tax Effect Of Unusual Items": NaN,
        "Tax Rate For Calcs": NaN,
        "Normalized EBITDA": NaN,
        "Total Unusual Items": NaN,
        "Total Unusual Items Excluding Goodwill": NaN,
        "Net Income From Continuing Operation Net Minority Interest": NaN,
        "Reconciled Depreciation": NaN,
        "Reconciled Cost Of Revenue": NaN,
        "EBITDA": NaN,
        "EBIT": NaN,
        "Net Interest Income": NaN,
        "Interest Expense": NaN,
        "Normalized Income": NaN,
        "Net Income From Continuing And Discontinued Operation": NaN,
        "Total Expenses": NaN,
        "Total Operating Income As Reported": NaN,
        "Diluted Average Shares": NaN,
        "Basic Average Shares": NaN,
        "Diluted EPS": NaN,
        "Basic EPS": NaN,
        "Diluted NI Availto Com Stockholders": NaN,
        "Net Income Common Stockholders": NaN,
        "Net Income": NaN,
        "Net Income Including Noncontrolling Interests": NaN,
        "Net Income Continuous Operations": NaN,
        "Tax Provision": NaN,
        "Pretax Income": NaN,
        "Other Income Expense": NaN,
        "Other Non Operating Income Expenses": NaN,
        "Special Income Charges": NaN,
        "Write Off": NaN,
        "Impairment Of Capital Assets": 0.0,
        "Restructuring And Mergern Acquisition": 1700000.0,
        "Earnings From Equity Interest": NaN,
        "Net Non Operating Interest Income Expense": NaN,
        "Interest Expense Non Operating": NaN,
        "Operating Income": NaN,
        "Operating Expense": NaN,
        "Other Operating Expenses": NaN,
        "Depreciation Amortization Depletion Income Statement": NaN,
        "Depreciation And Amortization In Income Statement": NaN,
        "Amortization": NaN,
        "Amortization Of Intangibles Income Statement": NaN,
        "Research And Development": NaN,
        "Selling General And Administration": NaN,
        "Selling And Marketing Expense": NaN,
        "General And Administrative Expense": NaN,
        "Other Gand A": NaN,
        "Salaries And Wages": NaN,
        "Gross Profit": NaN,
        "Cost Of Revenue": NaN,
        "Total Revenue": NaN,
        "Operating Revenue": NaN
    },
    "2022-03-31": {
        "Diluted EPS": 4.94,
        "Total Revenue": NaN,
        "Gross Profit": 588,
        "Operating Income": 388,
        "EBIT": 415,
        "Net Income": 277
    },
    "2021-12-31": {
        "Diluted EPS": -0.9,
        "Total Revenue": 566,
        "Gross Profit": 119,
        "Operating Income": -35,
        "EBIT": -11,
        "Net Income": -50
    },
    "2021-09-30": {
        "Diluted EPS": -0.84,
        "Total Revenue": 738,
        "Gross Profit": 126,
        "Operating Income": -37,
        "EBIT": -13,
        "Net Income": -48
    },
    "2021-06-30": {
        "Diluted EPS": 3.94,
        "Total Revenue": NaN,
        "Gross Profit": 495,
        "Operating Income": 302,
        "EBIT": 326,
        "Net Income": 226
    },
    "2021-03-31": {
        "Diluted EPS": 5.43,
        "Total Revenue": NaN,
        "Gross Profit": 658,
        "Operating Income": 424,
        "EBIT": 448,
        "Net Income": 310
    },
    "2020-12-31": {
        "Diluted EPS": 0.43,
        "Total Revenue": 749,
        "Gross Profit": 191,
        "Operating Income": 34,
        "EBIT": 57,
        "Net Income": 24
    },
    "2020-09-30": {
        "Diluted EPS": 0.07,
        "Total Revenue": 890,
        "Gross Profit": 216,
        "Operating Income": 10,
        "EBIT": 35,
        "Net Income": 4
    },
    "2020-06-30": {
        "Diluted EPS": 3.55,
        "Total Revenue": NaN,
        "Gross Profit": 527,
        "Operating Income": 285,
        "EBIT": 308,
        "Net Income": 203
    },
    "2020-03-31": {
        "Diluted EPS": 4.47,
        "Total Revenue": NaN,
        "Gross Profit": 550,
        "Operating Income": 354,
        "EBIT": 377,
        "Net Income": 252
    },
    "2019-12-31": {
        "Diluted EPS": -1.28,
        "Total Revenue": 366,
        "Gross Profit": 54,
        "Operating Income": -63,
        "EBIT": -40,
        "Net Income": -71
    },
    "2019-09-30": {
        "Diluted EPS": -1.03,
        "Total Revenue": 498,
        "Gross Profit": 90,
        "Operating Income": -54,
        "EBIT": -32,
        "Net Income": -58
    },
    "2019-06-30": {
        "Diluted EPS": 3.56,
        "Total Revenue": NaN,
        "Gross Profit": 423,
        "Operating Income": 258,
        "EBIT": 281,
        "Net Income": 202
    },
    "2019-03-31": {
        "Diluted EPS": 7.09,
        "Total Revenue": NaN,
        "Gross Profit": 472,
        "Operating Income": 290,
        "EBIT": 313,
        "Net Income": 397
    },
    "2018-12-31": {
        "Diluted EPS": -1.44,
        "Total Revenue": 298,
        "Gross Profit": 35,
        "Operating Income": -85,
        "EBIT": -63,
        "Net Income": -80
    },
    "2018-09-30": {
        "Diluted EPS": -2.57,
        "Total Revenue": 434,
        "Gross Profit": 74,
        "Operating Income": -147,
        "EBIT": -125,
        "Net Income": -147
    },
    "2018-06-30": {
        "Diluted EPS": 1.47,
        "Total Revenue": 995,
        "Gross Profit": 348,
        "Operating Income": 186,
        "EBIT": 207,
        "Net Income": 83
    },
    "2018-03-31": {
        "Diluted EPS": 2.59,
        "Total Revenue": NaN,
        "Gross Profit": 409,
        "Operating Income": 232,
        "EBIT": 252,
        "Net Income": 149
    },
    "2017-12-31": {
        "Diluted EPS": -0.37,
        "Total Revenue": 222,
        "Gross Profit": 34,
        "Operating Income": -72,
        "EBIT": -52,
        "Net Income": -21
    },
    "2017-09-30": {
        "Diluted EPS": -0.54,
        "Total Revenue": 377,
        "Gross Profit": 88,
        "Operating Income": -26,
        "EBIT": -6,
        "Net Income": -33
    },
    "2017-06-30": {
        "Diluted EPS": 2.53,
        "Total Revenue": 973,
        "Gross Profit": 383,
        "Operating Income": 236,
        "EBIT": 256,
        "Net Income": 152
    },
    "2017-03-31": {
        "Diluted EPS": 2.73,
        "Total Revenue": NaN,
        "Gross Profit": 464,
        "Operating Income": 285,
        "EBIT": 305,
        "Net Income": 165
    },
    "2016-12-31": {
        "Diluted EPS": -1.09,
        "Total Revenue": 207,
        "Gross Profit": 37,
        "Operating Income": -62,
        "EBIT": -42,
        "Net Income": -65
    },
    "2016-09-30": {
        "Diluted EPS": -0.41,
        "Total Revenue": 72,
        "Gross Profit": 5,
        "Operating Income": -41,
        "EBIT": -22,
        "Net Income": -27
    },
    "2016-06-30": {
        "Diluted EPS": 3.44,
        "Total Revenue": 994,
        "Gross Profit": 357,
        "Operating Income": 217,
        "EBIT": 234,
        "Net Income": 213
    },
    "2016-03-31": {
        "Diluted EPS": 3.38,
        "Total Revenue": NaN,
        "Gross Profit": 522,
        "Operating Income": 369,
        "EBIT": 388,
        "Net Income": 210
    },
    "2015-12-31": {
        "Diluted EPS": -1.32,
        "Total Revenue": 195,
        "Gross Profit": 17,
        "Operating Income": -98,
        "EBIT": -80,
        "Net Income": -81
    },
    "2015-09-30": {
        "Diluted EPS": -0.35,
        "Total Revenue": -28,
        "Gross Profit": -29,
        "Operating Income": -63,
        "EBIT": -45,
        "Net Income": -24
    },
    "2015-06-30": {
        "Diluted EPS": 2.14,
        "Total Revenue": NaN,
        "Gross Profit": 386,
        "Operating Income": 191,
        "EBIT": 210,
        "Net Income": 133
    },
    "2015-03-31": {
        "Diluted EPS": 2.01,
        "Total Revenue": NaN,
        "Gross Profit": 425,
        "Operating Income": 232,
        "EBIT": 247,
        "Net Income": 125
    },
    "2014-12-31": {
        "Diluted EPS": -1.23,
        "Total Revenue": 216,
        "Gross Profit": 29,
        "Operating Income": -106,
        "EBIT": -90,
        "Net Income": -75
    },
    "2014-09-30": {
        "Diluted EPS": -0.24,
        "Total Revenue": 191,
        "Gross Profit": -1,
        "Operating Income": -45,
        "EBIT": -28,
        "Net Income": -15
    },
    "2014-06-30": {
        "Diluted EPS": 1.95,
        "Total Revenue": NaN,
        "Gross Profit": 423,
        "Operating Income": 201,
        "EBIT": 217,
        "Net Income": 122
    },
    "2014-03-31": {
        "Diluted EPS": 2.0,
        "Total Revenue": NaN,
        "Gross Profit": 434,
        "Operating Income": 217,
        "EBIT": 233,
        "Net Income": 126
    },
    "2013-12-31": {
        "Diluted EPS": -1.06,
        "Total Revenue": 190,
        "Gross Profit": 34,
        "Operating Income": -90,
        "EBIT": -74,
        "Net Income": -66
    },
    "2013-09-30": {
        "Diluted EPS": -0.3,
        "Total Revenue": 423,
        "Gross Profit": 130,
        "Operating Income": -19,
        "EBIT": -2,
        "Net Income": -19
    },
    "2013-06-30": {
        "Diluted EPS": 2.37,
        "Total Revenue": NaN,
        "Gross Profit": 440,
        "Operating Income": 249,
        "EBIT": 265,
        "Net Income": 148
    },
    "2013-03-31": {
        "Diluted EPS": 1.6,
        "Total Revenue": NaN,
        "Gross Profit": 377,
        "Operating Income": 172,
        "EBIT": 188,
        "Net Income": 100
    },
    "2012-12-31": {
        "Diluted EPS": -1.1,
        "Total Revenue": 206,
        "Gross Profit": 31,
        "Operating Income": -92,
        "EBIT": -76,
        "Net Income": -68
    },
    "2012-09-30": {
        "Diluted EPS": -0.63,
        "Total Revenue": 346,
        "Gross Profit": 100,
        "Operating Income": -47,
        "EBIT": -32,
        "Net Income": -40
    },
    "2012-06-30": {
        "Diluted EPS": 1.5,
        "Total Revenue": NaN,
        "Gross Profit": 369,
        "Operating Income": 170,
        "EBIT": 187,
        "Net Income": 93
    },
    "2012-03-31": {
        "Diluted EPS": 2.05,
        "Total Revenue": NaN,
        "Gross Profit": 462,
        "Operating Income": 217,
        "EBIT": 232,
        "Net Income": 127
    },
    "2011-12-31": {
        "Diluted EPS": -1.21,
        "Total Revenue": 200,
        "Gross Profit": 26,
        "Operating Income": -99,
        "EBIT": -83,
        "Net Income": -74
    },
    "2011-09-30": {
        "Diluted EPS": -0.76,
        "Total Revenue": 381,
        "Gross Profit": 97,
        "Operating Income": -69,
        "EBIT": -53,
        "Net Income": -53
    },
    "2011-06-30": {
        "Diluted EPS": 1.69,
        "Total Revenue": NaN,
        "Gross Profit": 400,
        "Operating Income": 192,
        "EBIT": 208,
        "Net Income": 112
    },
    "2011-03-31": {
        "Diluted EPS": 2.63,
        "Total Revenue": NaN,
        "Gross Profit": 463,
        "Operating Income": 246,
        "EBIT": 261,
        "Net Income": 178
    },
    "2010-12-31": {
        "Diluted EPS": -1.02,
        "Total Revenue": 230,
        "Gross Profit": 49,
        "Operating Income": -95,
        "EBIT": -80,
        "Net Income": -68
    },
    "2010-09-30": {
        "Diluted EPS": -0.45,
        "Total Revenue": 397,
        "Gross Profit": 136,
        "Operating Income": -33,
        "EBIT": -19,
        "Net Income": -33
    },
    "2010-06-30": {
        "Diluted EPS": 2.59,
        "Total Revenue": NaN,
        "Gross Profit": 482,
        "Operating Income": 280,
        "EBIT": 295,
        "Net Income": 176
    },
    "2010-03-31": {
        "Diluted EPS": 1.76,
        "Total Revenue": NaN,
        "Gross Profit": 415,
        "Operating Income": 197,
        "EBIT": 211,
        "Net Income": 119
    },
    "2009-12-31": {
        "Diluted EPS": -0.88,
        "Total Revenue": 252,
        "Gross Profit": 53,
        "Operating Income": -69,
        "EBIT": -54,
        "Net Income": -58
    },
    "2009-09-30": {
        "Diluted EPS": -0.22,
        "Total Revenue": 288,
        "Gross Profit": 68,
        "Operating Income": -70,
        "EBIT": -54,
        "Net Income": -15
    },
    "2009-06-30": {
        "Diluted EPS": 2.24,
        "Total Revenue": NaN,
        "Gross Profit": 476,
        "Operating Income": 250,
        "EBIT": 265,
        "Net Income": 148
    },
    "2009-03-31": {
        "Diluted EPS": 1.18,
        "Total Revenue": 941,
        "Gross Profit": 356,
        "Operating Income": 146,
        "EBIT": 161,
        "Net Income": 77
    },
    "2023-09-30": {
        "Tax Effect Of Unusual Items": NaN,
        "Tax Rate For Calcs": NaN,
        "Normalized EBITDA": NaN,
        "Total Unusual Items": NaN,
        "Total Unusual Items Excluding Goodwill": NaN,
        "Net Income From Continuing Operation Net Minority Interest": NaN,
        "Reconciled Depreciation": NaN,
        "Reconciled Cost Of Revenue": NaN,
        "EBITDA": NaN,
        "EBIT": NaN,
        "Net Interest Income": NaN,
        "Interest Expense": NaN,
        "Normalized Income": NaN,
        "Net Income From Continuing And Discontinued Operation": NaN,
        "Total Expenses": NaN,
        "Total Operating Income As Reported": NaN,
        "Diluted Average Shares": 56200000.0,
        "Basic Average Shares": 56200000.0,
        "Diluted EPS": -8.33,
        "Basic EPS": -8.33,
        "Diluted NI Availto Com Stockholders": NaN,
        "Net Income Common Stockholders": NaN,
        "Net Income": NaN,
        "Net Income Including Noncontrolling Interests": NaN,
        "Net Income Continuous Operations": NaN,
        "Tax Provision": NaN,
        "Pretax Income": NaN,
        "Other Income Expense": NaN,
        "Other Non Operating Income Expenses": NaN,
        "Special Income Charges": NaN,
        "Write Off": NaN,
        "Impairment Of Capital Assets": 127900000.0,
        "Restructuring And Mergern Acquisition": 19200000.0,
        "Earnings From Equity Interest": NaN,
        "Net Non Operating Interest Income Expense": NaN,
        "Interest Expense Non Operating": NaN,
        "Operating Income": NaN,
        "Operating Expense": NaN,
        "Other Operating Expenses": NaN,
        "Depreciation Amortization Depletion Income Statement": NaN,
        "Depreciation And Amortization In Income Statement": NaN,
        "Amortization": NaN,
        "Amortization Of Intangibles Income Statement": NaN,
        "Research And Development": NaN,
        "Selling General And Administration": NaN,
        "Selling And Marketing Expense": NaN,
        "General And Administrative Expense": NaN,
        "Other Gand A": NaN,
        "Salaries And Wages": NaN,
        "Gross Profit": NaN,
        "Cost Of Revenue": NaN,
        "Total Revenue": NaN,
        "Operating Revenue": NaN
    },
    "2023-12-31": {
        "Tax Effect Of Unusual Items": 2095183.887916,
        "Tax Rate For Calcs": 0.295096,
        "Normalized EBITDA": -58400000.0,
        "Total Unusual Items": 7100000.0,
        "Total Unusual Items Excluding Goodwill": 7100000.0,
        "Net Income From Continuing Operation Net Minority Interest": -80500000.0,
        "Reconciled Depreciation": 20100000.0,
        "Reconciled Cost Of Revenue": 331600000.0,
        "EBITDA": -51300000.0,
        "EBIT": -71400000.0,
        "Net Interest Income": -42800000.0,
        "Interest Expense": 42800000.0,
        "Normalized Income": -85504816.112084,
        "Net Income From Continuing And Discontinued Operation": -80500000.0,
        "Total Expenses": 464800000.0,
        "Total Operating Income As Reported": -47300000.0,
        "Diluted Average Shares": 56700000.0,
        "Basic Average Shares": 56700000.0,
        "Diluted EPS": -1.42,
        "Basic EPS": -1.42,
        "Diluted NI Availto Com Stockholders": -80500000.0,
        "Net Income Common Stockholders": -80500000.0,
        "Net Income": -80500000.0,
        "Net Income Including Noncontrolling Interests": -80500000.0,
        "Net Income Continuous Operations": -80500000.0,
        "Tax Provision": -33700000.0,
        "Pretax Income": -114200000.0,
        "Other Income Expense": -17000000.0,
        "Other Non Operating Income Expenses": -1600000.0,
        "Special Income Charges": 7100000.0,
        "Write Off": NaN,
        "Impairment Of Capital Assets": NaN,
        "Restructuring And Mergern Acquisition": -7100000.0,
        "Earnings From Equity Interest": -22500000.0,
        "Net Non Operating Interest Income Expense": -42800000.0,
        "Interest Expense Non Operating": 42800000.0,
        "Operating Income": -54400000.0,
        "Operating Expense": 116600000.0,
        "Other Operating Expenses": 1800000.0,
        "Depreciation Amortization Depletion Income Statement": 3500000.0,
        "Depreciation And Amortization In Income Statement": 3500000.0,
        "Amortization": 3500000.0,
        "Amortization Of Intangibles Income Statement": 3500000.0,
        "Research And Development": 8400000.0,
        "Selling General And Administration": 102900000.0,
        "Selling And Marketing Expense": 17400000.0,
        "General And Administrative Expense": 85500000.0,
        "Other Gand A": 72100000.0,
        "Salaries And Wages": 13400000.0,
        "Gross Profit": 62200000.0,
        "Cost Of Revenue": 348200000.0,
        "Total Revenue": 410400000.0,
        "Operating Revenue": 410400000.0
    },
    "2024-03-31": {
        "Tax Effect Of Unusual Items": -595222.929936,
        "Tax Rate For Calcs": 0.283439,
        "Normalized EBITDA": 286100000.0,
        "Total Unusual Items": -2100000.0,
        "Total Unusual Items Excluding Goodwill": -2100000.0,
        "Net Income From Continuing Operation Net Minority Interest": 157500000.0,
        "Reconciled Depreciation": 20100000.0,
        "Reconciled Cost Of Revenue": 1045100000.0,
        "EBITDA": 284000000.0,
        "EBIT": 263900000.0,
        "Net Interest Income": -44100000.0,
        "Interest Expense": 44100000.0,
        "Normalized Income": 159004777.070064,
        "Net Income From Continuing And Discontinued Operation": 157500000.0,
        "Total Expenses": 1251200000.0,
        "Total Operating Income As Reported": 272100000.0,
        "Diluted Average Shares": 57400000.0,
        "Basic Average Shares": 56800000.0,
        "Diluted EPS": 2.74,
        "Basic EPS": 2.77,
        "Diluted NI Availto Com Stockholders": 157500000.0,
        "Net Income Common Stockholders": 157500000.0,
        "Net Income": 157500000.0,
        "Net Income Including Noncontrolling Interests": 157500000.0,
        "Net Income Continuous Operations": 157500000.0,
        "Tax Provision": 62300000.0,
        "Pretax Income": 219800000.0,
        "Other Income Expense": -10300000.0,
        "Other Non Operating Income Expenses": -1200000.0,
        "Special Income Charges": -2100000.0,
        "Write Off": 2100000.0,
        "Impairment Of Capital Assets": NaN,
        "Restructuring And Mergern Acquisition": NaN,
        "Earnings From Equity Interest": -7000000.0,
        "Net Non Operating Interest Income Expense": -44100000.0,
        "Interest Expense Non Operating": 44100000.0,
        "Operating Income": 274200000.0,
        "Operating Expense": 189500000.0,
        "Other Operating Expenses": 10800000.0,
        "Depreciation Amortization Depletion Income Statement": 3500000.0,
        "Depreciation And Amortization In Income Statement": 3500000.0,
        "Amortization": 3500000.0,
        "Amortization Of Intangibles Income Statement": 3500000.0,
        "Research And Development": 8200000.0,
        "Selling General And Administration": 167000000.0,
        "Selling And Marketing Expense": 61900000.0,
        "General And Administrative Expense": 105100000.0,
        "Other Gand A": 86900000.0,
        "Salaries And Wages": 18200000.0,
        "Gross Profit": 463700000.0,
        "Cost Of Revenue": 1061700000.0,
        "Total Revenue": 1525400000.0,
        "Operating Revenue": 1525400000.0
    },
    "2024-06-30": {
        "Tax Effect Of Unusual Items": 222513.661202,
        "Tax Rate For Calcs": 0.278142,
        "Normalized EBITDA": 241400000.0,
        "Total Unusual Items": 800000.0,
        "Total Unusual Items Excluding Goodwill": 800000.0,
        "Net Income From Continuing Operation Net Minority Interest": 132100000.0,
        "Reconciled Depreciation": 20400000.0,
        "Reconciled Cost Of Revenue": 831200000.0,
        "EBITDA": 242200000.0,
        "EBIT": 221800000.0,
        "Net Interest Income": -38800000.0,
        "Interest Expense": 38800000.0,
        "Normalized Income": 131522513.661202,
        "Net Income From Continuing And Discontinued Operation": 132100000.0,
        "Total Expenses": 1002900000.0,
        "Total Operating Income As Reported": 200100000.0,
        "Diluted Average Shares": 58000000.0,
        "Basic Average Shares": 56800000.0,
        "Diluted EPS": 2.28,
        "Basic EPS": 2.33,
        "Diluted NI Availto Com Stockholders": 132100000.0,
        "Net Income Common Stockholders": 132100000.0,
        "Net Income": 132100000.0,
        "Net Income Including Noncontrolling Interests": 132100000.0,
        "Net Income Continuous Operations": 132100000.0,
        "Tax Provision": 50900000.0,
        "Pretax Income": 183000000.0,
        "Other Income Expense": 22500000.0,
        "Other Non Operating Income Expenses": -1300000.0,
        "Special Income Charges": 800000.0,
        "Write Off": NaN,
        "Impairment Of Capital Assets": NaN,
        "Restructuring And Mergern Acquisition": -800000.0,
        "Earnings From Equity Interest": 23000000.0,
        "Net Non Operating Interest Income Expense": -38800000.0,
        "Interest Expense Non Operating": 38800000.0,
        "Operating Income": 199300000.0,
        "Operating Expense": 154800000.0,
        "Other Operating Expenses": 6900000.0,
        "Depreciation Amortization Depletion Income Statement": 3500000.0,
        "Depreciation And Amortization In Income Statement": 3500000.0,
        "Amortization": 3500000.0,
        "Amortization Of Intangibles Income Statement": 3500000.0,
        "Research And Development": 8600000.0,
        "Selling General And Administration": 135800000.0,
        "Selling And Marketing Expense": 46400000.0,
        "General And Administrative Expense": 89400000.0,
        "Other Gand A": 75800000.0,
        "Salaries And Wages": 13600000.0,
        "Gross Profit": 354100000.0,
        "Cost Of Revenue": 848100000.0,
        "Total Revenue": 1202200000.0,
        "Operating Revenue": 1202200000.0
    },
    "2024-09-30": {
        "Tax Effect Of Unusual Items": -15007495.195388,
        "Tax Rate For Calcs": 0.21845,
        "Normalized EBITDA": -190300000.0,
        "Total Unusual Items": -68700000.0,
        "Total Unusual Items Excluding Goodwill": -68700000.0,
        "Net Income From Continuing Operation Net Minority Interest": -244000000.0,
        "Reconciled Depreciation": 20000000.0,
        "Reconciled Cost Of Revenue": 427700000.0,
        "EBITDA": -259000000.0,
        "EBIT": -279000000.0,
        "Net Interest Income": -33200000.0,
        "Interest Expense": 33200000.0,
        "Normalized Income": -190307495.195388,
        "Net Income From Continuing And Discontinued Operation": -244000000.0,
        "Total Expenses": 562100000.0,
        "Total Operating Income As Reported": -216100000.0,
        "Diluted Average Shares": NaN,
        "Basic Average Shares": NaN,
        "Diluted EPS": NaN,
        "Basic EPS": NaN,
        "Diluted NI Availto Com Stockholders": -244000000.0,
        "Net Income Common Stockholders": -244000000.0,
        "Net Income": -244000000.0,
        "Net Income Including Noncontrolling Interests": -244000000.0,
        "Net Income Continuous Operations": -244000000.0,
        "Tax Provision": -68200000.0,
        "Pretax Income": -312200000.0,
        "Other Income Expense": -131600000.0,
        "Other Non Operating Income Expenses": -1300000.0,
        "Special Income Charges": -68700000.0,
        "Write Off": NaN,
        "Impairment Of Capital Assets": NaN,
        "Restructuring And Mergern Acquisition": 1600000.0,
        "Earnings From Equity Interest": -61600000.0,
        "Net Non Operating Interest Income Expense": -33200000.0,
        "Interest Expense Non Operating": 33200000.0,
        "Operating Income": -147400000.0,
        "Operating Expense": 117900000.0,
        "Other Operating Expenses": 300000.0,
        "Depreciation Amortization Depletion Income Statement": 3500000.0,
        "Depreciation And Amortization In Income Statement": 3500000.0,
        "Amortization": 3500000.0,
        "Amortization Of Intangibles Income Statement": 3500000.0,
        "Research And Development": 9400000.0,
        "Selling General And Administration": 104700000.0,
        "Selling And Marketing Expense": 15300000.0,
        "General And Administrative Expense": 89400000.0,
        "Other Gand A": 77400000.0,
        "Salaries And Wages": 12000000.0,
        "Gross Profit": -29500000.0,
        "Cost Of Revenue": 444200000.0,
        "Total Revenue": 414700000.0,
        "Operating Revenue": 414700000.0
    },
    "2024-12-31": {
        "Tax Effect Of Unusual Items": -4542231.491137,
        "Tax Rate For Calcs": 0.275287,
        "Normalized EBITDA": -26800000.0,
        "Total Unusual Items": -16500000.0,
        "Total Unusual Items Excluding Goodwill": -16500000.0,
        "Net Income From Continuing Operation Net Minority Interest": -69500000.0,
        "Reconciled Depreciation": 18900000.0,
        "Reconciled Cost Of Revenue": 306100000.0,
        "EBITDA": -43300000.0,
        "EBIT": -62200000.0,
        "Net Interest Income": -33700000.0,
        "Interest Expense": 33700000.0,
        "Normalized Income": -57542231.491137,
        "Net Income From Continuing And Discontinued Operation": -69500000.0,
        "Total Expenses": 451300000.0,
        "Total Operating Income As Reported": -51000000.0,
        "Diluted Average Shares": 57300000.0,
        "Basic Average Shares": 57300000.0,
        "Diluted EPS": -1.21,
        "Basic EPS": -1.21,
        "Diluted NI Availto Com Stockholders": -69500000.0,
        "Net Income Common Stockholders": -69500000.0,
        "Net Income": -69500000.0,
        "Net Income Including Noncontrolling Interests": -69500000.0,
        "Net Income Continuous Operations": -69500000.0,
        "Tax Provision": -26400000.0,
        "Pretax Income": -95900000.0,
        "Other Income Expense": -27700000.0,
        "Other Non Operating Income Expenses": -1300000.0,
        "Special Income Charges": -16500000.0,
        "Write Off": NaN,
        "Impairment Of Capital Assets": NaN,
        "Restructuring And Mergern Acquisition": NaN,
        "Earnings From Equity Interest": -9900000.0,
        "Net Non Operating Interest Income Expense": -33700000.0,
        "Interest Expense Non Operating": 33700000.0,
        "Operating Income": -34500000.0,
        "Operating Expense": 129300000.0,
        "Other Operating Expenses": 4500000.0,
        "Depreciation Amortization Depletion Income Statement": 3000000.0,
        "Depreciation And Amortization In Income Statement": 3000000.0,
        "Amortization": 3000000.0,
        "Amortization Of Intangibles Income Statement": 3000000.0,
        "Research And Development": 7600000.0,
        "Selling General And Administration": 114200000.0,
        "Selling And Marketing Expense": 17600000.0,
        "General And Administrative Expense": 96600000.0,
        "Other Gand A": 84000000.0,
        "Salaries And Wages": 12600000.0,
        "Gross Profit": 94800000.0,
        "Cost Of Revenue": 322000000.0,
        "Total Revenue": 416800000.0,
        "Operating Revenue": 416800000.0
    }
}