{
    "2023-03-31": {
        "Tax Effect Of Unusual Items": 582540.0,
        "Tax Rate For Calcs": 0.21,
        "Normalized EBITDA": 10808000.0,
        "Total Unusual Items": 2774000.0,
        "Total Unusual Items Excluding Goodwill": 2774000.0,
        "Net Income From Continuing Operation Net Minority Interest": -9589000.0,
        "Reconciled Depreciation": 13762000.0,
        "Reconciled Cost Of Revenue": 51755000.0,
        "EBITDA": 13582000.0,
        "EBIT": -180000.0,
        "Net Interest Income": -8328000.0,
        "Interest Expense": 8788000.0,
        "Interest Income": 460000.0,
        "Normalized Income": -11780460.0,
        "Net Income From Continuing And Discontinued Operation": -9589000.0,
        "Total Expenses": 63387000.0,
        "Rent Expense Supplemental": 720000.0,
        "Total Operating Income As Reported": 185000.0,
        "Diluted NI Availto Com Stockholders": -9589000.0,
        "Net Income Common Stockholders": -9589000.0,
        "Net Income": -9589000.0,
        "Minority Interests": NaN,
        "Net Income Including Noncontrolling Interests": -9589000.0,
        "Net Income Discontinuous Operations": NaN,
        "Net Income Continuous Operations": -9589000.0,
        "Earnings From Equity Interest Net Of Tax": 536000.0,
        "Tax Provision": 1157000.0,
        "Pretax Income": -8968000.0,
        "Other Income Expense": 2774000.0,
        "Special Income Charges": 3599000.0,
        "Gain On Sale Of Ppe": 3599000.0,
        "Other Special Charges": NaN,
        "Earnings From Equity Interest": NaN,
        "Gain On Sale Of Security": -825000.0,
        "Net Non Operating Interest Income Expense": -8328000.0,
        "Interest Expense Non Operating": 8788000.0,
        "Interest Income Non Operating": 460000.0,
        "Operating Income": -3414000.0,
        "Operating Expense": 11632000.0,
        "Selling General And Administration": 11632000.0,
        "General And Administrative Expense": 11632000.0,
        "Other Gand A": 11632000.0,
        "Gross Profit": 8218000.0,
        "Cost Of Revenue": 51755000.0,
        "Total Revenue": 59973000.0,
        "Operating Revenue": 59973000.0
    },
    "2022-12-31": {
        "Tax Effect Of Unusual Items": 1848000.0,
        "Tax Rate For Calcs": 0.21,
        "Normalized EBITDA": 2981000.0,
        "Total Unusual Items": 8800000.0,
        "Total Unusual Items Excluding Goodwill": 8800000.0,
        "Net Income From Continuing Operation Net Minority Interest": -13342000.0,
        "Reconciled Depreciation": 13624000.0,
        "Reconciled Cost Of Revenue": 58595000.0,
        "EBITDA": 11781000.0,
        "EBIT": -1843000.0,
        "Net Interest Income": -7768000.0,
        "Interest Expense": 8456000.0,
        "Interest Income": 688000.0,
        "Normalized Income": -20294000.0,
        "Net Income From Continuing And Discontinued Operation": -13342000.0,
        "Total Expenses": 69394000.0,
        "Rent Expense Supplemental": 633000.0,
        "Total Operating Income As Reported": -10451000.0,
        "Diluted NI Availto Com Stockholders": -13342000.0,
        "Net Income Common Stockholders": -13342000.0,
        "Net Income": -13342000.0,
        "Minority Interests": 0.0,
        "Net Income Including Noncontrolling Interests": -13342000.0,
        "Net Income Discontinuous Operations": 0.0,
        "Net Income Continuous Operations": -13342000.0,
        "Earnings From Equity Interest Net Of Tax": 1176000.0,
        "Tax Provision": 4219000.0,
        "Pretax Income": -10299000.0,
        "Other Income Expense": 8937000.0,
        "Special Income Charges": 11446000.0,
        "Gain On Sale Of Ppe": 1017000.0,
        "Other Special Charges": NaN,
        "Earnings From Equity Interest": 137000.0,
        "Gain On Sale Of Security": -2646000.0,
        "Net Non Operating Interest Income Expense": -7768000.0,
        "Interest Expense Non Operating": 8456000.0,
        "Interest Income Non Operating": 688000.0,
        "Operating Income": -11468000.0,
        "Operating Expense": 10799000.0,
        "Selling General And Administration": 10799000.0,
        "General And Administrative Expense": 10799000.0,
        "Other Gand A": 10799000.0,
        "Gross Profit": -669000.0,
        "Cost Of Revenue": 58595000.0,
        "Total Revenue": 57926000.0,
        "Operating Revenue": 57926000.0
    },
    "2022-09-30": {
        "Tax Effect Of Unusual Items": 212800.0,
        "Tax Rate For Calcs": 0.4,
        "Normalized EBITDA": 5298000.0,
        "Total Unusual Items": 532000.0,
        "Total Unusual Items Excluding Goodwill": 532000.0,
        "Net Income From Continuing Operation Net Minority Interest": -24351000.0,
        "Reconciled Depreciation": 13754000.0,
        "Reconciled Cost Of Revenue": 58928000.0,
        "EBITDA": 5830000.0,
        "EBIT": -7924000.0,
        "Net Interest Income": -7757000.0,
        "Interest Expense": 7757000.0,
        "Interest Income": NaN,
        "Normalized Income": -24670200.0,
        "Net Income From Continuing And Discontinued Operation": -24351000.0,
        "Total Expenses": 68906000.0,
        "Rent Expense Supplemental": 1168000.0,
        "Total Operating Income As Reported": -10898000.0,
        "Diluted Average Shares": 26727864.0,
        "Basic Average Shares": 26727864.0,
        "Diluted EPS": -0.91,
        "Basic EPS": -0.91,
        "Diluted NI Availto Com Stockholders": -24351000.0,
        "Net Income Common Stockholders": -24351000.0,
        "Net Income": -24351000.0,
        "Minority Interests": 2000.0,
        "Net Income Including Noncontrolling Interests": -24353000.0,
        "Net Income Discontinuous Operations": 0.0,
        "Net Income Continuous Operations": -24353000.0,
        "Earnings From Equity Interest Net Of Tax": -254000.0,
        "Tax Provision": 8418000.0,
        "Pretax Income": -15681000.0,
        "Other Income Expense": 1191000.0,
        "Special Income Charges": -1783000.0,
        "Gain On Sale Of Ppe": -1783000.0,
        "Other Special Charges": NaN,
        "Earnings From Equity Interest": 659000.0,
        "Gain On Sale Of Security": 2315000.0,
        "Net Non Operating Interest Income Expense": -7757000.0,
        "Interest Expense Non Operating": 7757000.0,
        "Interest Income Non Operating": NaN,
        "Operating Income": -9115000.0,
        "Operating Expense": 9978000.0,
        "Selling General And Administration": 9978000.0,
        "General And Administrative Expense": 9978000.0,
        "Other Gand A": 9978000.0,
        "Gross Profit": 863000.0,
        "Cost Of Revenue": 58928000.0,
        "Total Revenue": 59791000.0,
        "Operating Revenue": 59791000.0
    },
    "2022-06-30": {
        "Tax Effect Of Unusual Items": 94800.718133,
        "Tax Rate For Calcs": 0.077199,
        "Normalized EBITDA": -1197000.0,
        "Total Unusual Items": 1228000.0,
        "Total Unusual Items Excluding Goodwill": 1228000.0,
        "Net Income From Continuing Operation Net Minority Interest": -19120000.0,
        "Reconciled Depreciation": 14208000.0,
        "Reconciled Cost Of Revenue": 59361000.0,
        "EBITDA": 31000.0,
        "EBIT": -14177000.0,
        "Net Interest Income": -6799000.0,
        "Interest Expense": 6989000.0,
        "Interest Income": 190000.0,
        "Normalized Income": -20253199.281867,
        "Net Income From Continuing And Discontinued Operation": -19120000.0,
        "Total Expenses": 69571000.0,
        "Rent Expense Supplemental": 1008000.0,
        "Total Operating Income As Reported": -15529000.0,
        "Diluted Average Shares": 26664745.0,
        "Basic Average Shares": 26664745.0,
        "Diluted EPS": -0.72,
        "Basic EPS": -0.72,
        "Diluted NI Availto Com Stockholders": -19120000.0,
        "Net Income Common Stockholders": -19120000.0,
        "Net Income": -19120000.0,
        "Minority Interests": -3000.0,
        "Net Income Including Noncontrolling Interests": -19117000.0,
        "Net Income Discontinuous Operations": 0.0,
        "Net Income Continuous Operations": -19117000.0,
        "Earnings From Equity Interest Net Of Tax": 415000.0,
        "Tax Provision": -1634000.0,
        "Pretax Income": -21166000.0,
        "Other Income Expense": 1187000.0,
        "Other Non Operating Income Expenses": -41000.0,
        "Special Income Charges": 25000.0,
        "Gain On Sale Of Ppe": 25000.0,
        "Other Special Charges": NaN,
        "Earnings From Equity Interest": NaN,
        "Gain On Sale Of Security": 1203000.0,
        "Net Non Operating Interest Income Expense": -6799000.0,
        "Interest Expense Non Operating": 6989000.0,
        "Interest Income Non Operating": 190000.0,
        "Operating Income": -15554000.0,
        "Operating Expense": 10210000.0,
        "Selling General And Administration": 10210000.0,
        "General And Administrative Expense": 10210000.0,
        "Other Gand A": 10210000.0,
        "Gross Profit": -5344000.0,
        "Cost Of Revenue": 59361000.0,
        "Total Revenue": 54017000.0,
        "Operating Revenue": 54017000.0
    },
    "2023-06-30": {
        "Tax Effect Of Unusual Items": -61332.450331,
        "Tax Rate For Calcs": 0.181457,
        "Normalized EBITDA": 16609000.0,
        "Total Unusual Items": -338000.0,
        "Total Unusual Items Excluding Goodwill": -338000.0,
        "Net Income From Continuing Operation Net Minority Interest": -4571000.0,
        "Reconciled Depreciation": 13575000.0,
        "Reconciled Cost Of Revenue": 50575000.0,
        "EBITDA": 16271000.0,
        "EBIT": 2696000.0,
        "Net Interest Income": -8314000.0,
        "Interest Expense": 8736000.0,
        "Interest Income": 422000.0,
        "Normalized Income": -4294332.450331,
        "Net Income From Continuing And Discontinued Operation": -4571000.0,
        "Total Expenses": 64279000.0,
        "Rent Expense Supplemental": 698000.0,
        "Total Operating Income As Reported": 2877000.0,
        "Diluted NI Availto Com Stockholders": -4571000.0,
        "Net Income Common Stockholders": -4571000.0,
        "Net Income": -4571000.0,
        "Minority Interests": 0.0,
        "Net Income Including Noncontrolling Interests": -4571000.0,
        "Net Income Discontinuous Operations": NaN,
        "Net Income Continuous Operations": -4571000.0,
        "Earnings From Equity Interest Net Of Tax": 373000.0,
        "Tax Provision": -1096000.0,
        "Pretax Income": -6040000.0,
        "Other Income Expense": -338000.0,
        "Special Income Charges": 265000.0,
        "Gain On Sale Of Ppe": 265000.0,
        "Other Special Charges": NaN,
        "Earnings From Equity Interest": NaN,
        "Gain On Sale Of Security": -603000.0,
        "Net Non Operating Interest Income Expense": -8314000.0,
        "Interest Expense Non Operating": 8736000.0,
        "Interest Income Non Operating": 422000.0,
        "Operating Income": 2612000.0,
        "Operating Expense": 13704000.0,
        "Selling General And Administration": 13704000.0,
        "General And Administrative Expense": 13704000.0,
        "Other Gand A": 13704000.0,
        "Gross Profit": 16316000.0,
        "Cost Of Revenue": 50575000.0,
        "Total Revenue": 66891000.0,
        "Operating Revenue": 66891000.0
    },
    "2022-03-31": {
        "Diluted EPS": -0.56,
        "Total Revenue": 46,
        "Gross Profit": 6,
        "Operating Income": -17,
        "EBIT": -1,
        "Net Income": -15
    },
    "2021-12-31": {
        "Diluted EPS": -0.5,
        "Total Revenue": 48,
        "Gross Profit": 13,
        "Operating Income": -15,
        "EBIT": 2,
        "Net Income": -16
    },
    "2021-09-30": {
        "Diluted EPS": -0.23,
        "Total Revenue": 44,
        "Gross Profit": 10,
        "Operating Income": -14,
        "EBIT": 2,
        "Net Income": -6
    },
    "2021-06-30": {
        "Diluted EPS": 1.79,
        "Total Revenue": 43,
        "Gross Profit": 10,
        "Operating Income": 8,
        "EBIT": 25,
        "Net Income": 49
    },
    "2021-03-31": {
        "Diluted EPS": 0.24,
        "Total Revenue": 37,
        "Gross Profit": 10,
        "Operating Income": -17,
        "EBIT": 0,
        "Net Income": 6
    },
    "2020-12-31": {
        "Diluted EPS": -1.56,
        "Total Revenue": 36,
        "Gross Profit": 10,
        "Operating Income": -17,
        "EBIT": 1,
        "Net Income": -39
    },
    "2020-09-30": {
        "Diluted EPS": -0.72,
        "Total Revenue": 36,
        "Gross Profit": 12,
        "Operating Income": -13,
        "EBIT": 1,
        "Net Income": -18
    },
    "2020-06-30": {
        "Diluted EPS": -0.24,
        "Total Revenue": 34,
        "Gross Profit": 14,
        "Operating Income": -18,
        "EBIT": 0,
        "Net Income": -6
    },
    "2020-03-31": {
        "Diluted EPS": -0.66,
        "Total Revenue": 36,
        "Gross Profit": 15,
        "Operating Income": -24,
        "EBIT": -8,
        "Net Income": -16
    },
    "2019-12-31": {
        "Diluted EPS": -0.85,
        "Total Revenue": 22,
        "Gross Profit": 10,
        "Operating Income": -12,
        "EBIT": -5,
        "Net Income": -20
    },
    "2019-09-30": {
        "Diluted EPS": -0.78,
        "Total Revenue": 55,
        "Gross Profit": 27,
        "Operating Income": -3,
        "EBIT": 16,
        "Net Income": -18
    },
    "2019-06-30": {
        "Diluted EPS": -1.21,
        "Total Revenue": 53,
        "Gross Profit": 17,
        "Operating Income": -18,
        "EBIT": 1,
        "Net Income": -28
    },
    "2019-03-31": {
        "Diluted EPS": -1.11,
        "Total Revenue": 45,
        "Gross Profit": 10,
        "Operating Income": -21,
        "EBIT": -2,
        "Net Income": -26
    },
    "2018-12-31": {
        "Diluted EPS": -0.16,
        "Total Revenue": 9,
        "Gross Profit": 12,
        "Operating Income": -10,
        "EBIT": 4,
        "Net Income": -8
    },
    "2018-09-30": {
        "Diluted EPS": -0.71,
        "Total Revenue": 58,
        "Gross Profit": 20,
        "Operating Income": -13,
        "EBIT": -2,
        "Net Income": -16
    },
    "2018-06-30": {
        "Diluted EPS": -1.19,
        "Total Revenue": 61,
        "Gross Profit": 15,
        "Operating Income": -21,
        "EBIT": -2,
        "Net Income": -25
    },
    "2018-03-31": {
        "Diluted EPS": -1.64,
        "Total Revenue": 52,
        "Gross Profit": 13,
        "Operating Income": -24,
        "EBIT": -5,
        "Net Income": -29
    },
    "2017-12-31": {
        "Diluted EPS": 1.73,
        "Total Revenue": -1,
        "Gross Profit": 13,
        "Operating Income": -37,
        "EBIT": -20,
        "Net Income": 29
    },
    "2017-09-30": {
        "Diluted EPS": -1.25,
        "Total Revenue": 48,
        "Gross Profit": 7,
        "Operating Income": -29,
        "EBIT": -14,
        "Net Income": -20
    },
    "2017-06-30": {
        "Diluted EPS": -1.93,
        "Total Revenue": 42,
        "Gross Profit": -2,
        "Operating Income": -45,
        "EBIT": -30,
        "Net Income": -34
    },
    "2017-03-31": {
        "Diluted EPS": -0.42,
        "Total Revenue": 34,
        "Gross Profit": 1,
        "Operating Income": -19,
        "EBIT": -6,
        "Net Income": -7
    },
    "2016-12-31": {
        "Diluted EPS": 0.0,
        "Total Revenue": NaN,
        "Gross Profit": NaN,
        "Operating Income": NaN,
        "EBIT": NaN,
        "Net Income": NaN
    },
    "2016-09-30": {
        "Diluted EPS": -1.58,
        "Total Revenue": 54,
        "Gross Profit": 13,
        "Operating Income": -41,
        "EBIT": -41,
        "Net Income": -28
    },
    "2016-06-30": {
        "Diluted EPS": -1.73,
        "Total Revenue": 57,
        "Gross Profit": 13,
        "Operating Income": -35,
        "EBIT": -35,
        "Net Income": -31
    },
    "2015-12-31": {
        "Diluted EPS": 0.0,
        "Total Revenue": NaN,
        "Gross Profit": NaN,
        "Operating Income": NaN,
        "EBIT": NaN,
        "Net Income": NaN
    },
    "2014-12-31": {
        "Diluted EPS": 0.0,
        "Total Revenue": NaN,
        "Gross Profit": NaN,
        "Operating Income": NaN,
        "EBIT": NaN,
        "Net Income": NaN
    },
    "2023-09-30": {
        "Tax Effect Of Unusual Items": -408450.0,
        "Tax Rate For Calcs": 0.21,
        "Normalized EBITDA": 24147000.0,
        "Total Unusual Items": -1945000.0,
        "Total Unusual Items Excluding Goodwill": -1945000.0,
        "Net Income From Continuing Operation Net Minority Interest": -883000.0,
        "Reconciled Depreciation": 13462000.0,
        "Reconciled Cost Of Revenue": 52929000.0,
        "EBITDA": 22202000.0,
        "EBIT": 8740000.0,
        "Net Interest Income": -9196000.0,
        "Interest Expense": 9536000.0,
        "Interest Income": 340000.0,
        "Normalized Income": 653550.0,
        "Net Income From Continuing And Discontinued Operation": -883000.0,
        "Total Expenses": 65229000.0,
        "Rent Expense Supplemental": 651000.0,
        "Total Operating Income As Reported": 9833000.0,
        "Diluted NI Availto Com Stockholders": -883000.0,
        "Net Income Common Stockholders": -883000.0,
        "Net Income": -883000.0,
        "Minority Interests": 0.0,
        "Net Income Including Noncontrolling Interests": -883000.0,
        "Net Income Discontinuous Operations": NaN,
        "Net Income Continuous Operations": -883000.0,
        "Earnings From Equity Interest Net Of Tax": 2273000.0,
        "Tax Provision": 2360000.0,
        "Pretax Income": -796000.0,
        "Other Income Expense": -1945000.0,
        "Special Income Charges": -2516000.0,
        "Gain On Sale Of Ppe": -512000.0,
        "Other Special Charges": 2004000.0,
        "Earnings From Equity Interest": NaN,
        "Gain On Sale Of Security": 571000.0,
        "Net Non Operating Interest Income Expense": -9196000.0,
        "Interest Expense Non Operating": 9536000.0,
        "Interest Income Non Operating": 340000.0,
        "Operating Income": 10345000.0,
        "Operating Expense": 12300000.0,
        "Selling General And Administration": 12300000.0,
        "General And Administrative Expense": 12300000.0,
        "Other Gand A": 12300000.0,
        "Gross Profit": 22645000.0,
        "Cost Of Revenue": 52929000.0,
        "Total Revenue": 75574000.0,
        "Operating Revenue": 75574000.0
    }
}