{
    "2023-03-31": {
        "Tax Effect Of Unusual Items": NaN,
        "Tax Rate For Calcs": NaN,
        "Normalized EBITDA": NaN,
        "Total Unusual Items": NaN,
        "Total Unusual Items Excluding Goodwill": NaN,
        "Net Income From Continuing Operation Net Minority Interest": NaN,
        "Reconciled Depreciation": NaN,
        "Reconciled Cost Of Revenue": NaN,
        "EBITDA": NaN,
        "EBIT": NaN,
        "Net Interest Income": NaN,
        "Interest Expense": NaN,
        "Interest Income": NaN,
        "Normalized Income": NaN,
        "Net Income From Continuing And Discontinued Operation": NaN,
        "Total Expenses": NaN,
        "Total Operating Income As Reported": NaN,
        "Diluted Average Shares": 5290000.0,
        "Basic Average Shares": 5256000.0,
        "Diluted EPS": 0.02,
        "Basic EPS": 0.02,
        "Diluted NI Availto Com Stockholders": NaN,
        "Net Income Common Stockholders": NaN,
        "Net Income": NaN,
        "Net Income Including Noncontrolling Interests": NaN,
        "Net Income Continuous Operations": NaN,
        "Tax Provision": NaN,
        "Pretax Income": NaN,
        "Other Income Expense": NaN,
        "Other Non Operating Income Expenses": NaN,
        "Special Income Charges": NaN,
        "Gain On Sale Of Ppe": NaN,
        "Net Non Operating Interest Income Expense": NaN,
        "Interest Expense Non Operating": NaN,
        "Interest Income Non Operating": NaN,
        "Operating Income": NaN,
        "Operating Expense": NaN,
        "Selling General And Administration": NaN,
        "Selling And Marketing Expense": NaN,
        "General And Administrative Expense": NaN,
        "Other Gand A": NaN,
        "Gross Profit": NaN,
        "Cost Of Revenue": NaN,
        "Total Revenue": NaN,
        "Operating Revenue": NaN
    },
    "2022-12-31": {
        "Tax Effect Of Unusual Items": 3150.0,
        "Tax Rate For Calcs": 0.21,
        "Normalized EBITDA": 705000.0,
        "Total Unusual Items": 15000.0,
        "Total Unusual Items Excluding Goodwill": 15000.0,
        "Net Income From Continuing Operation Net Minority Interest": 4000.0,
        "Reconciled Depreciation": 754000.0,
        "Reconciled Cost Of Revenue": 11979000.0,
        "EBITDA": 720000.0,
        "EBIT": -34000.0,
        "Net Interest Income": -68000.0,
        "Interest Expense": 73000.0,
        "Interest Income": 5000.0,
        "Normalized Income": -7850.0,
        "Net Income From Continuing And Discontinued Operation": 4000.0,
        "Total Expenses": 14561000.0,
        "Total Operating Income As Reported": -74000.0,
        "Diluted Average Shares": NaN,
        "Basic Average Shares": NaN,
        "Diluted EPS": NaN,
        "Basic EPS": NaN,
        "Diluted NI Availto Com Stockholders": 4000.0,
        "Net Income Common Stockholders": 4000.0,
        "Net Income": 4000.0,
        "Net Income Including Noncontrolling Interests": 4000.0,
        "Net Income Continuous Operations": 4000.0,
        "Tax Provision": -111000.0,
        "Pretax Income": -107000.0,
        "Other Income Expense": 35000.0,
        "Other Non Operating Income Expenses": 20000.0,
        "Special Income Charges": 15000.0,
        "Gain On Sale Of Ppe": 15000.0,
        "Net Non Operating Interest Income Expense": -68000.0,
        "Interest Expense Non Operating": 73000.0,
        "Interest Income Non Operating": 5000.0,
        "Operating Income": -74000.0,
        "Operating Expense": 2582000.0,
        "Selling General And Administration": 2582000.0,
        "Selling And Marketing Expense": 828000.0,
        "General And Administrative Expense": 1754000.0,
        "Other Gand A": 1754000.0,
        "Gross Profit": 2508000.0,
        "Cost Of Revenue": 11979000.0,
        "Total Revenue": 14487000.0,
        "Operating Revenue": 14487000.0
    },
    "2022-09-30": {
        "Tax Effect Of Unusual Items": NaN,
        "Tax Rate For Calcs": NaN,
        "Normalized EBITDA": NaN,
        "Total Unusual Items": NaN,
        "Total Unusual Items Excluding Goodwill": NaN,
        "Net Income From Continuing Operation Net Minority Interest": NaN,
        "Reconciled Depreciation": NaN,
        "Reconciled Cost Of Revenue": NaN,
        "EBITDA": NaN,
        "EBIT": NaN,
        "Net Interest Income": NaN,
        "Interest Expense": NaN,
        "Interest Income": NaN,
        "Normalized Income": NaN,
        "Net Income From Continuing And Discontinued Operation": NaN,
        "Total Expenses": NaN,
        "Total Operating Income As Reported": NaN,
        "Diluted Average Shares": 5286000.0,
        "Basic Average Shares": 5231000.0,
        "Diluted EPS": 0.000946,
        "Basic EPS": 0.000956,
        "Diluted NI Availto Com Stockholders": NaN,
        "Net Income Common Stockholders": NaN,
        "Net Income": NaN,
        "Net Income Including Noncontrolling Interests": NaN,
        "Net Income Continuous Operations": NaN,
        "Tax Provision": NaN,
        "Pretax Income": NaN,
        "Other Income Expense": NaN,
        "Other Non Operating Income Expenses": NaN,
        "Special Income Charges": NaN,
        "Gain On Sale Of Ppe": NaN,
        "Net Non Operating Interest Income Expense": NaN,
        "Interest Expense Non Operating": NaN,
        "Interest Income Non Operating": NaN,
        "Operating Income": NaN,
        "Operating Expense": NaN,
        "Selling General And Administration": NaN,
        "Selling And Marketing Expense": NaN,
        "General And Administrative Expense": NaN,
        "Other Gand A": NaN,
        "Gross Profit": NaN,
        "Cost Of Revenue": NaN,
        "Total Revenue": NaN,
        "Operating Revenue": NaN
    },
    "2022-06-30": {
        "Tax Effect Of Unusual Items": 6750.0,
        "Tax Rate For Calcs": 0.25,
        "Normalized EBITDA": 1958000.0,
        "Total Unusual Items": 27000.0,
        "Total Unusual Items Excluding Goodwill": 27000.0,
        "Net Income From Continuing Operation Net Minority Interest": 910000.0,
        "Reconciled Depreciation": 697000.0,
        "Reconciled Cost Of Revenue": 10023000.0,
        "EBITDA": 1985000.0,
        "EBIT": 1288000.0,
        "Net Interest Income": -68000.0,
        "Interest Expense": 71000.0,
        "Interest Income": 3000.0,
        "Normalized Income": 889750.0,
        "Net Income From Continuing And Discontinued Operation": 910000.0,
        "Total Expenses": 12157000.0,
        "Total Operating Income As Reported": 1096000.0,
        "Diluted Average Shares": 5266000.0,
        "Basic Average Shares": 5230000.0,
        "Diluted EPS": 0.17,
        "Basic EPS": 0.17,
        "Diluted NI Availto Com Stockholders": 910000.0,
        "Net Income Common Stockholders": 910000.0,
        "Net Income": 910000.0,
        "Net Income Including Noncontrolling Interests": 910000.0,
        "Net Income Continuous Operations": 910000.0,
        "Tax Provision": 307000.0,
        "Pretax Income": 1217000.0,
        "Other Income Expense": 189000.0,
        "Other Non Operating Income Expenses": 162000.0,
        "Special Income Charges": 27000.0,
        "Gain On Sale Of Ppe": 27000.0,
        "Net Non Operating Interest Income Expense": -68000.0,
        "Interest Expense Non Operating": 71000.0,
        "Interest Income Non Operating": 3000.0,
        "Operating Income": 1096000.0,
        "Operating Expense": 2134000.0,
        "Selling General And Administration": 2134000.0,
        "Selling And Marketing Expense": 725000.0,
        "General And Administrative Expense": 1409000.0,
        "Other Gand A": 1409000.0,
        "Gross Profit": 3230000.0,
        "Cost Of Revenue": 10023000.0,
        "Total Revenue": 13253000.0,
        "Operating Revenue": 13253000.0
    },
    "2022-03-31": {
        "Diluted EPS": -0.02,
        "Total Revenue": 10,
        "Gross Profit": 2,
        "Operating Income": 0,
        "EBIT": 1,
        "Net Income": 0
    },
    "2021-12-31": {
        "Diluted EPS": 0.0,
        "Total Revenue": 10,
        "Gross Profit": 2,
        "Operating Income": 0,
        "EBIT": 1,
        "Net Income": 0
    },
    "2021-09-30": {
        "Diluted EPS": 0.71,
        "Total Revenue": 13,
        "Gross Profit": 3,
        "Operating Income": 1,
        "EBIT": 2,
        "Net Income": 4
    },
    "2021-06-30": {
        "Diluted EPS": 0.19,
        "Total Revenue": 12,
        "Gross Profit": 3,
        "Operating Income": 1,
        "EBIT": 2,
        "Net Income": 1
    },
    "2021-03-31": {
        "Diluted EPS": 0.55,
        "Total Revenue": 15,
        "Gross Profit": 6,
        "Operating Income": 4,
        "EBIT": 4,
        "Net Income": 3
    },
    "2020-12-31": {
        "Diluted EPS": 0.13,
        "Total Revenue": 11,
        "Gross Profit": 3,
        "Operating Income": 1,
        "EBIT": 2,
        "Net Income": 1
    },
    "2020-09-30": {
        "Diluted EPS": 0.3,
        "Total Revenue": 13,
        "Gross Profit": 4,
        "Operating Income": 2,
        "EBIT": 3,
        "Net Income": 2
    },
    "2020-06-30": {
        "Diluted EPS": 0.09,
        "Total Revenue": 10,
        "Gross Profit": 2,
        "Operating Income": 1,
        "EBIT": 1,
        "Net Income": 0
    },
    "2020-03-31": {
        "Diluted EPS": -0.01,
        "Total Revenue": 10,
        "Gross Profit": 2,
        "Operating Income": 0,
        "EBIT": 1,
        "Net Income": 0
    },
    "2019-12-31": {
        "Diluted EPS": 0.15,
        "Total Revenue": 12,
        "Gross Profit": 3,
        "Operating Income": 1,
        "EBIT": 1,
        "Net Income": 1
    },
    "2019-09-30": {
        "Diluted EPS": 0.11,
        "Total Revenue": 13,
        "Gross Profit": 3,
        "Operating Income": 1,
        "EBIT": 1,
        "Net Income": 1
    },
    "2019-06-30": {
        "Diluted EPS": 0.06,
        "Total Revenue": 11,
        "Gross Profit": 2,
        "Operating Income": 0,
        "EBIT": 1,
        "Net Income": 0
    },
    "2019-03-31": {
        "Diluted EPS": 0.06,
        "Total Revenue": 10,
        "Gross Profit": 2,
        "Operating Income": 0,
        "EBIT": 1,
        "Net Income": 0
    },
    "2018-12-31": {
        "Diluted EPS": 0.17,
        "Total Revenue": 12,
        "Gross Profit": 3,
        "Operating Income": 1,
        "EBIT": 2,
        "Net Income": 1
    },
    "2018-09-30": {
        "Diluted EPS": 0.1,
        "Total Revenue": 10,
        "Gross Profit": 3,
        "Operating Income": 1,
        "EBIT": 1,
        "Net Income": 1
    },
    "2018-06-30": {
        "Diluted EPS": 0.14,
        "Total Revenue": 10,
        "Gross Profit": 3,
        "Operating Income": 1,
        "EBIT": 1,
        "Net Income": 1
    },
    "2018-03-31": {
        "Diluted EPS": -0.08,
        "Total Revenue": 9,
        "Gross Profit": 2,
        "Operating Income": -1,
        "EBIT": 0,
        "Net Income": 0
    },
    "2017-12-31": {
        "Diluted EPS": 0.07,
        "Total Revenue": 10,
        "Gross Profit": 2,
        "Operating Income": 0,
        "EBIT": 0,
        "Net Income": 0
    },
    "2017-09-30": {
        "Diluted EPS": 0.15,
        "Total Revenue": 11,
        "Gross Profit": 3,
        "Operating Income": 1,
        "EBIT": 1,
        "Net Income": 1
    },
    "2017-06-30": {
        "Diluted EPS": 0.14,
        "Total Revenue": 11,
        "Gross Profit": 3,
        "Operating Income": 1,
        "EBIT": 1,
        "Net Income": 1
    },
    "2017-03-31": {
        "Diluted EPS": 0.17,
        "Total Revenue": 9,
        "Gross Profit": 3,
        "Operating Income": 1,
        "EBIT": 2,
        "Net Income": 1
    },
    "2016-12-31": {
        "Diluted EPS": 0.16,
        "Total Revenue": 10,
        "Gross Profit": 3,
        "Operating Income": 1,
        "EBIT": 1,
        "Net Income": 1
    },
    "2016-09-30": {
        "Diluted EPS": 0.34,
        "Total Revenue": 12,
        "Gross Profit": 4,
        "Operating Income": 3,
        "EBIT": 3,
        "Net Income": 2
    },
    "2016-06-30": {
        "Diluted EPS": 0.08,
        "Total Revenue": 10,
        "Gross Profit": 2,
        "Operating Income": 1,
        "EBIT": 1,
        "Net Income": 0
    },
    "2016-03-31": {
        "Diluted EPS": -0.02,
        "Total Revenue": 8,
        "Gross Profit": 1,
        "Operating Income": 0,
        "EBIT": 0,
        "Net Income": 0
    },
    "2015-12-31": {
        "Diluted EPS": 0.04,
        "Total Revenue": 8,
        "Gross Profit": 2,
        "Operating Income": 0,
        "EBIT": 0,
        "Net Income": 0
    },
    "2015-09-30": {
        "Diluted EPS": 0.23,
        "Total Revenue": 10,
        "Gross Profit": 3,
        "Operating Income": 2,
        "EBIT": 2,
        "Net Income": 1
    },
    "2015-06-30": {
        "Diluted EPS": 0.05,
        "Total Revenue": 7,
        "Gross Profit": 2,
        "Operating Income": 0,
        "EBIT": 1,
        "Net Income": 0
    },
    "2015-03-31": {
        "Diluted EPS": -0.11,
        "Total Revenue": 4,
        "Gross Profit": 1,
        "Operating Income": -1,
        "EBIT": -1,
        "Net Income": -1
    },
    "2014-12-31": {
        "Diluted EPS": -0.12,
        "Total Revenue": 4,
        "Gross Profit": 0,
        "Operating Income": -1,
        "EBIT": -1,
        "Net Income": -1
    },
    "2014-09-30": {
        "Diluted EPS": 0.02,
        "Total Revenue": 6,
        "Gross Profit": 2,
        "Operating Income": 0,
        "EBIT": 0,
        "Net Income": 0
    },
    "2014-06-30": {
        "Diluted EPS": 0.01,
        "Total Revenue": 6,
        "Gross Profit": 1,
        "Operating Income": 0,
        "EBIT": 0,
        "Net Income": 0
    },
    "2014-03-31": {
        "Diluted EPS": -0.07,
        "Total Revenue": 6,
        "Gross Profit": 1,
        "Operating Income": -1,
        "EBIT": 0,
        "Net Income": 0
    },
    "2013-12-31": {
        "Diluted EPS": 0.07,
        "Total Revenue": 8,
        "Gross Profit": 2,
        "Operating Income": 1,
        "EBIT": 1,
        "Net Income": 0
    },
    "2013-09-30": {
        "Diluted EPS": 0.06,
        "Total Revenue": 7,
        "Gross Profit": 2,
        "Operating Income": 0,
        "EBIT": 1,
        "Net Income": 0
    },
    "2013-06-30": {
        "Diluted EPS": -0.05,
        "Total Revenue": 6,
        "Gross Profit": 1,
        "Operating Income": 0,
        "EBIT": 0,
        "Net Income": 0
    },
    "2013-03-31": {
        "Diluted EPS": 0.06,
        "Total Revenue": 7,
        "Gross Profit": 2,
        "Operating Income": 1,
        "EBIT": 1,
        "Net Income": 0
    },
    "2012-12-31": {
        "Diluted EPS": -0.12,
        "Total Revenue": 5,
        "Gross Profit": 0,
        "Operating Income": -1,
        "EBIT": -1,
        "Net Income": -1
    },
    "2012-09-30": {
        "Diluted EPS": 0.14,
        "Total Revenue": 8,
        "Gross Profit": 2,
        "Operating Income": 1,
        "EBIT": 1,
        "Net Income": 1
    },
    "2012-06-30": {
        "Diluted EPS": 0.09,
        "Total Revenue": 7,
        "Gross Profit": 2,
        "Operating Income": 1,
        "EBIT": 1,
        "Net Income": 0
    },
    "2012-03-31": {
        "Diluted EPS": -0.03,
        "Total Revenue": 6,
        "Gross Profit": 1,
        "Operating Income": 0,
        "EBIT": 0,
        "Net Income": 0
    },
    "2011-12-31": {
        "Diluted EPS": 0.03,
        "Total Revenue": 21,
        "Gross Profit": 15,
        "Operating Income": 14,
        "EBIT": 14,
        "Net Income": 0
    },
    "2011-09-30": {
        "Diluted EPS": -0.1,
        "Total Revenue": 6,
        "Gross Profit": 1,
        "Operating Income": -1,
        "EBIT": 0,
        "Net Income": 0
    },
    "2011-06-30": {
        "Diluted EPS": 0.05,
        "Total Revenue": 7,
        "Gross Profit": 2,
        "Operating Income": 0,
        "EBIT": 1,
        "Net Income": 0
    },
    "2011-03-31": {
        "Diluted EPS": 0.04,
        "Total Revenue": 8,
        "Gross Profit": 2,
        "Operating Income": 0,
        "EBIT": 1,
        "Net Income": 0
    },
    "2010-12-31": {
        "Diluted EPS": 0.1,
        "Total Revenue": 9,
        "Gross Profit": 9,
        "Operating Income": 9,
        "EBIT": 9,
        "Net Income": 0
    },
    "2010-09-30": {
        "Diluted EPS": 0.19,
        "Total Revenue": 9,
        "Gross Profit": 3,
        "Operating Income": 1,
        "EBIT": 2,
        "Net Income": 1
    },
    "2010-06-30": {
        "Diluted EPS": 0.11,
        "Total Revenue": 8,
        "Gross Profit": 2,
        "Operating Income": 1,
        "EBIT": 1,
        "Net Income": 1
    },
    "2010-03-31": {
        "Diluted EPS": 0.1,
        "Total Revenue": 6,
        "Gross Profit": 2,
        "Operating Income": 1,
        "EBIT": 1,
        "Net Income": 1
    },
    "2009-12-31": {
        "Diluted EPS": -0.07,
        "Total Revenue": 5,
        "Gross Profit": 12,
        "Operating Income": 13,
        "EBIT": 13,
        "Net Income": 0
    },
    "2009-09-30": {
        "Diluted EPS": 0.1,
        "Total Revenue": 8,
        "Gross Profit": 8,
        "Operating Income": 8,
        "EBIT": 8,
        "Net Income": 0
    },
    "2009-06-30": {
        "Diluted EPS": 0.15,
        "Total Revenue": 8,
        "Gross Profit": 8,
        "Operating Income": 8,
        "EBIT": 7,
        "Net Income": 1
    },
    "2009-03-31": {
        "Diluted EPS": 0.2,
        "Total Revenue": 9,
        "Gross Profit": 3,
        "Operating Income": 2,
        "EBIT": 2,
        "Net Income": 1
    },
    "2023-06-30": {
        "Tax Effect Of Unusual Items": NaN,
        "Tax Rate For Calcs": NaN,
        "Normalized EBITDA": NaN,
        "Total Unusual Items": NaN,
        "Total Unusual Items Excluding Goodwill": NaN,
        "Net Income From Continuing Operation Net Minority Interest": NaN,
        "Reconciled Depreciation": NaN,
        "Reconciled Cost Of Revenue": NaN,
        "EBITDA": NaN,
        "EBIT": NaN,
        "Net Interest Income": NaN,
        "Interest Expense": NaN,
        "Interest Income": NaN,
        "Normalized Income": NaN,
        "Net Income From Continuing And Discontinued Operation": NaN,
        "Total Expenses": NaN,
        "Total Operating Income As Reported": NaN,
        "Diluted Average Shares": 5256000.0,
        "Basic Average Shares": 5256000.0,
        "Diluted EPS": -0.15,
        "Basic EPS": -0.15,
        "Diluted NI Availto Com Stockholders": NaN,
        "Net Income Common Stockholders": NaN,
        "Net Income": NaN,
        "Net Income Including Noncontrolling Interests": NaN,
        "Net Income Continuous Operations": NaN,
        "Tax Provision": NaN,
        "Pretax Income": NaN,
        "Other Income Expense": NaN,
        "Other Non Operating Income Expenses": NaN,
        "Special Income Charges": NaN,
        "Gain On Sale Of Ppe": NaN,
        "Net Non Operating Interest Income Expense": NaN,
        "Interest Expense Non Operating": NaN,
        "Interest Income Non Operating": NaN,
        "Operating Income": NaN,
        "Operating Expense": NaN,
        "Selling General And Administration": NaN,
        "Selling And Marketing Expense": NaN,
        "General And Administrative Expense": NaN,
        "Other Gand A": NaN,
        "Gross Profit": NaN,
        "Cost Of Revenue": NaN,
        "Total Revenue": NaN,
        "Operating Revenue": NaN
    },
    "2023-09-30": {
        "Tax Effect Of Unusual Items": 8480.0,
        "Tax Rate For Calcs": 0.16,
        "Normalized EBITDA": 2143000.0,
        "Total Unusual Items": 53000.0,
        "Total Unusual Items Excluding Goodwill": 53000.0,
        "Net Income From Continuing Operation Net Minority Interest": 1266000.0,
        "Reconciled Depreciation": 619000.0,
        "Reconciled Cost Of Revenue": 12074000.0,
        "EBITDA": 2196000.0,
        "EBIT": 1577000.0,
        "Net Interest Income": -58000.0,
        "Interest Expense": 64000.0,
        "Interest Income": 6000.0,
        "Normalized Income": 1221480.0,
        "Net Income From Continuing And Discontinued Operation": 1266000.0,
        "Total Expenses": 14149000.0,
        "Total Operating Income As Reported": 1502000.0,
        "Diluted Average Shares": 5298000.0,
        "Basic Average Shares": 5256000.0,
        "Diluted EPS": 0.24,
        "Basic EPS": 0.24,
        "Diluted NI Availto Com Stockholders": 1266000.0,
        "Net Income Common Stockholders": 1266000.0,
        "Net Income": 1266000.0,
        "Net Income Including Noncontrolling Interests": 1266000.0,
        "Net Income Continuous Operations": 1266000.0,
        "Tax Provision": 247000.0,
        "Pretax Income": 1513000.0,
        "Other Income Expense": 69000.0,
        "Other Non Operating Income Expenses": 16000.0,
        "Special Income Charges": 53000.0,
        "Gain On Sale Of Ppe": 53000.0,
        "Net Non Operating Interest Income Expense": -58000.0,
        "Interest Expense Non Operating": 64000.0,
        "Interest Income Non Operating": 6000.0,
        "Operating Income": 1502000.0,
        "Operating Expense": 2075000.0,
        "Selling General And Administration": 2075000.0,
        "Selling And Marketing Expense": 888000.0,
        "General And Administrative Expense": 1187000.0,
        "Other Gand A": 1187000.0,
        "Gross Profit": 3577000.0,
        "Cost Of Revenue": 12074000.0,
        "Total Revenue": 15651000.0,
        "Operating Revenue": 15651000.0
    },
    "2023-12-31": {
        "Tax Effect Of Unusual Items": 19740.0,
        "Tax Rate For Calcs": 0.21,
        "Normalized EBITDA": 1171000.0,
        "Total Unusual Items": 94000.0,
        "Total Unusual Items Excluding Goodwill": 94000.0,
        "Net Income From Continuing Operation Net Minority Interest": 230000.0,
        "Reconciled Depreciation": 604000.0,
        "Reconciled Cost Of Revenue": 13266000.0,
        "EBITDA": 1265000.0,
        "EBIT": 661000.0,
        "Net Interest Income": -56000.0,
        "Interest Expense": 63000.0,
        "Interest Income": 7000.0,
        "Normalized Income": 155740.0,
        "Net Income From Continuing And Discontinued Operation": 230000.0,
        "Total Expenses": 15847000.0,
        "Total Operating Income As Reported": 542000.0,
        "Diluted Average Shares": NaN,
        "Basic Average Shares": NaN,
        "Diluted EPS": NaN,
        "Basic EPS": NaN,
        "Diluted NI Availto Com Stockholders": 230000.0,
        "Net Income Common Stockholders": 230000.0,
        "Net Income": 230000.0,
        "Net Income Including Noncontrolling Interests": 230000.0,
        "Net Income Continuous Operations": 230000.0,
        "Tax Provision": 368000.0,
        "Pretax Income": 598000.0,
        "Other Income Expense": 112000.0,
        "Other Non Operating Income Expenses": 18000.0,
        "Special Income Charges": 94000.0,
        "Gain On Sale Of Ppe": 94000.0,
        "Net Non Operating Interest Income Expense": -56000.0,
        "Interest Expense Non Operating": 63000.0,
        "Interest Income Non Operating": 7000.0,
        "Operating Income": 542000.0,
        "Operating Expense": 2581000.0,
        "Selling General And Administration": 2581000.0,
        "Selling And Marketing Expense": 1011000.0,
        "General And Administrative Expense": 1570000.0,
        "Other Gand A": 1570000.0,
        "Gross Profit": 3123000.0,
        "Cost Of Revenue": 13266000.0,
        "Total Revenue": 16389000.0,
        "Operating Revenue": 16389000.0
    },
    "2024-03-31": {
        "Tax Effect Of Unusual Items": 720.0,
        "Tax Rate For Calcs": 0.24,
        "Normalized EBITDA": 2202000.0,
        "Total Unusual Items": 3000.0,
        "Total Unusual Items Excluding Goodwill": 3000.0,
        "Net Income From Continuing Operation Net Minority Interest": 1147000.0,
        "Reconciled Depreciation": 641000.0,
        "Reconciled Cost Of Revenue": 12845000.0,
        "EBITDA": 2205000.0,
        "EBIT": 1564000.0,
        "Net Interest Income": -52000.0,
        "Interest Expense": 60000.0,
        "Interest Income": 8000.0,
        "Normalized Income": 1144720.0,
        "Net Income From Continuing And Discontinued Operation": 1147000.0,
        "Total Expenses": 15247000.0,
        "Total Operating Income As Reported": 1509000.0,
        "Diluted Average Shares": 5350000.0,
        "Basic Average Shares": 5309000.0,
        "Diluted EPS": 0.21,
        "Basic EPS": 0.22,
        "Diluted NI Availto Com Stockholders": 1147000.0,
        "Net Income Common Stockholders": 1147000.0,
        "Net Income": 1147000.0,
        "Net Income Including Noncontrolling Interests": 1147000.0,
        "Net Income Continuous Operations": 1147000.0,
        "Tax Provision": 357000.0,
        "Pretax Income": 1504000.0,
        "Other Income Expense": 47000.0,
        "Other Non Operating Income Expenses": 44000.0,
        "Special Income Charges": 3000.0,
        "Gain On Sale Of Ppe": 3000.0,
        "Net Non Operating Interest Income Expense": -52000.0,
        "Interest Expense Non Operating": 60000.0,
        "Interest Income Non Operating": 8000.0,
        "Operating Income": 1509000.0,
        "Operating Expense": 2402000.0,
        "Selling General And Administration": 2402000.0,
        "Selling And Marketing Expense": 853000.0,
        "General And Administrative Expense": 1549000.0,
        "Other Gand A": 1549000.0,
        "Gross Profit": 3911000.0,
        "Cost Of Revenue": 12845000.0,
        "Total Revenue": 16756000.0,
        "Operating Revenue": 16756000.0
    },
    "2024-06-30": {
        "Tax Effect Of Unusual Items": 0.0,
        "Tax Rate For Calcs": 0.24,
        "Normalized EBITDA": 3325000.0,
        "Total Unusual Items": 0.0,
        "Total Unusual Items Excluding Goodwill": 0.0,
        "Net Income From Continuing Operation Net Minority Interest": 1981000.0,
        "Reconciled Depreciation": 653000.0,
        "Reconciled Cost Of Revenue": 14506000.0,
        "EBITDA": 3325000.0,
        "EBIT": 2672000.0,
        "Net Interest Income": -52000.0,
        "Interest Expense": 59000.0,
        "Interest Income": 7000.0,
        "Normalized Income": 1981000.0,
        "Net Income From Continuing And Discontinued Operation": 1981000.0,
        "Total Expenses": 16966000.0,
        "Total Operating Income As Reported": 2673000.0,
        "Diluted Average Shares": 5323000.0,
        "Basic Average Shares": 5322000.0,
        "Diluted EPS": 0.37,
        "Basic EPS": 0.37,
        "Diluted NI Availto Com Stockholders": 1981000.0,
        "Net Income Common Stockholders": 1981000.0,
        "Net Income": 1981000.0,
        "Net Income Including Noncontrolling Interests": 1981000.0,
        "Net Income Continuous Operations": 1981000.0,
        "Tax Provision": 632000.0,
        "Pretax Income": 2613000.0,
        "Other Income Expense": -8000.0,
        "Other Non Operating Income Expenses": -8000.0,
        "Special Income Charges": 0.0,
        "Gain On Sale Of Ppe": 0.0,
        "Net Non Operating Interest Income Expense": -52000.0,
        "Interest Expense Non Operating": 59000.0,
        "Interest Income Non Operating": 7000.0,
        "Operating Income": 2673000.0,
        "Operating Expense": 2460000.0,
        "Selling General And Administration": 2460000.0,
        "Selling And Marketing Expense": 791000.0,
        "General And Administrative Expense": 1669000.0,
        "Other Gand A": 1669000.0,
        "Gross Profit": 5133000.0,
        "Cost Of Revenue": 14506000.0,
        "Total Revenue": 19639000.0,
        "Operating Revenue": 19639000.0
    },
    "2024-09-30": {
        "Tax Effect Of Unusual Items": 2880.0,
        "Tax Rate For Calcs": 0.18,
        "Normalized EBITDA": 4586000.0,
        "Total Unusual Items": 16000.0,
        "Total Unusual Items Excluding Goodwill": 16000.0,
        "Net Income From Continuing Operation Net Minority Interest": 3150000.0,
        "Reconciled Depreciation": 702000.0,
        "Reconciled Cost Of Revenue": 17004000.0,
        "EBITDA": 4602000.0,
        "EBIT": 3900000.0,
        "Net Interest Income": -34000.0,
        "Interest Expense": 56000.0,
        "Interest Income": 22000.0,
        "Normalized Income": 3136880.0,
        "Net Income From Continuing And Discontinued Operation": 3150000.0,
        "Total Expenses": 19734000.0,
        "Total Operating Income As Reported": 3848000.0,
        "Diluted Average Shares": 5304000.0,
        "Basic Average Shares": 5304000.0,
        "Diluted EPS": 0.59,
        "Basic EPS": 0.59,
        "Diluted NI Availto Com Stockholders": 3150000.0,
        "Net Income Common Stockholders": 3150000.0,
        "Net Income": 3150000.0,
        "Net Income Including Noncontrolling Interests": 3150000.0,
        "Net Income Continuous Operations": 3150000.0,
        "Tax Provision": 694000.0,
        "Pretax Income": 3844000.0,
        "Other Income Expense": 30000.0,
        "Other Non Operating Income Expenses": 14000.0,
        "Special Income Charges": 16000.0,
        "Gain On Sale Of Ppe": 16000.0,
        "Net Non Operating Interest Income Expense": -34000.0,
        "Interest Expense Non Operating": 56000.0,
        "Interest Income Non Operating": 22000.0,
        "Operating Income": 3848000.0,
        "Operating Expense": 2730000.0,
        "Selling General And Administration": 2730000.0,
        "Selling And Marketing Expense": 1010000.0,
        "General And Administrative Expense": 1720000.0,
        "Other Gand A": 1720000.0,
        "Gross Profit": 6578000.0,
        "Cost Of Revenue": 17004000.0,
        "Total Revenue": 23582000.0,
        "Operating Revenue": 23582000.0
    }
}