{
    "2023-03-31": {
        "Tax Effect Of Unusual Items": -233472.0,
        "Tax Rate For Calcs": 0.256,
        "Normalized EBITDA": 28965000.0,
        "Total Unusual Items": -912000.0,
        "Total Unusual Items Excluding Goodwill": -912000.0,
        "Net Income From Continuing Operation Net Minority Interest": 12698000.0,
        "Reconciled Depreciation": 7082000.0,
        "Reconciled Cost Of Revenue": 236761000.0,
        "EBITDA": 28053000.0,
        "EBIT": 20971000.0,
        "Net Interest Income": -3862000.0,
        "Interest Expense": 3862000.0,
        "Normalized Income": 13376528.0,
        "Net Income From Continuing And Discontinued Operation": 11918000.0,
        "Total Expenses": 306370000.0,
        "Total Operating Income As Reported": 20746000.0,
        "Diluted Average Shares": 22097750.0,
        "Basic Average Shares": 21609618.0,
        "Diluted EPS": 0.54,
        "Basic EPS": 0.55,
        "Diluted NI Availto Com Stockholders": 11918000.0,
        "Net Income Common Stockholders": 11918000.0,
        "Net Income": 11918000.0,
        "Minority Interests": -39000.0,
        "Net Income Including Noncontrolling Interests": 11957000.0,
        "Net Income Discontinuous Operations": -780000.0,
        "Net Income Continuous Operations": 12737000.0,
        "Tax Provision": 4372000.0,
        "Pretax Income": 17109000.0,
        "Other Income Expense": -687000.0,
        "Other Non Operating Income Expenses": 225000.0,
        "Special Income Charges": -912000.0,
        "Restructuring And Mergern Acquisition": 912000.0,
        "Net Non Operating Interest Income Expense": -3862000.0,
        "Interest Expense Non Operating": 3862000.0,
        "Operating Income": 21658000.0,
        "Operating Expense": 69609000.0,
        "Other Operating Expenses": -24000.0,
        "Selling General And Administration": 69633000.0,
        "Gross Profit": 91267000.0,
        "Cost Of Revenue": 236761000.0,
        "Total Revenue": 328028000.0,
        "Operating Revenue": 328028000.0
    },
    "2022-12-31": {
        "Tax Effect Of Unusual Items": -374702.442046,
        "Tax Rate For Calcs": 0.247655,
        "Normalized EBITDA": 24553000.0,
        "Total Unusual Items": -1513000.0,
        "Total Unusual Items Excluding Goodwill": -1513000.0,
        "Net Income From Continuing Operation Net Minority Interest": 8548000.0,
        "Reconciled Depreciation": 7403000.0,
        "Reconciled Cost Of Revenue": 218635000.0,
        "EBITDA": 23040000.0,
        "EBIT": 15637000.0,
        "Net Interest Income": -4126000.0,
        "Interest Expense": 4335000.0,
        "Normalized Income": 9686297.557954,
        "Net Income From Continuing And Discontinued Operation": 7933000.0,
        "Total Expenses": 290640000.0,
        "Total Operating Income As Reported": 15712000.0,
        "Diluted Average Shares": 22030263.0,
        "Basic Average Shares": 21578194.0,
        "Diluted EPS": 0.36,
        "Basic EPS": 0.37,
        "Diluted NI Availto Com Stockholders": 7933000.0,
        "Net Income Common Stockholders": 7933000.0,
        "Net Income": 7933000.0,
        "Minority Interests": 45000.0,
        "Net Income Including Noncontrolling Interests": 7888000.0,
        "Net Income Discontinuous Operations": -615000.0,
        "Net Income Continuous Operations": 8503000.0,
        "Tax Provision": 2799000.0,
        "Pretax Income": 11302000.0,
        "Other Income Expense": -2131000.0,
        "Other Non Operating Income Expenses": -4082000.0,
        "Special Income Charges": -1847000.0,
        "Restructuring And Mergern Acquisition": 1847000.0,
        "Net Non Operating Interest Income Expense": -4126000.0,
        "Interest Expense Non Operating": 4335000.0,
        "Operating Income": 17559000.0,
        "Operating Expense": 72005000.0,
        "Other Operating Expenses": -70000.0,
        "Selling General And Administration": 72075000.0,
        "Gross Profit": 89564000.0,
        "Cost Of Revenue": 218635000.0,
        "Total Revenue": 308199000.0,
        "Operating Revenue": 308199000.0
    },
    "2022-09-30": {
        "Tax Effect Of Unusual Items": 0.0,
        "Tax Rate For Calcs": 0.263091,
        "Normalized EBITDA": 42130000.0,
        "Total Unusual Items": 0.0,
        "Total Unusual Items Excluding Goodwill": 0.0,
        "Net Income From Continuing Operation Net Minority Interest": 23140000.0,
        "Reconciled Depreciation": 7002000.0,
        "Reconciled Cost Of Revenue": 274589000.0,
        "EBITDA": 42130000.0,
        "EBIT": 35128000.0,
        "Net Interest Income": -3656000.0,
        "Interest Expense": 3656000.0,
        "Normalized Income": 23140000.0,
        "Net Income From Continuing And Discontinued Operation": 8846000.0,
        "Total Expenses": 347758000.0,
        "Total Operating Income As Reported": 33615000.0,
        "Diluted Average Shares": 21847602.0,
        "Basic Average Shares": 21427393.0,
        "Diluted EPS": 0.4,
        "Basic EPS": 0.41,
        "Diluted NI Availto Com Stockholders": 8846000.0,
        "Net Income Common Stockholders": 8846000.0,
        "Net Income": 8846000.0,
        "Minority Interests": -52000.0,
        "Net Income Including Noncontrolling Interests": 8898000.0,
        "Net Income Discontinuous Operations": -14294000.0,
        "Net Income Continuous Operations": 23192000.0,
        "Tax Provision": 8280000.0,
        "Pretax Income": 31472000.0,
        "Other Income Expense": 1513000.0,
        "Other Non Operating Income Expenses": 1513000.0,
        "Special Income Charges": 0.0,
        "Restructuring And Mergern Acquisition": 0.0,
        "Net Non Operating Interest Income Expense": -3656000.0,
        "Interest Expense Non Operating": 3656000.0,
        "Operating Income": 33615000.0,
        "Operating Expense": 73169000.0,
        "Other Operating Expenses": -30000.0,
        "Selling General And Administration": 73199000.0,
        "Gross Profit": 106784000.0,
        "Cost Of Revenue": 274589000.0,
        "Total Revenue": 381373000.0,
        "Operating Revenue": 381373000.0
    },
    "2022-06-30": {
        "Tax Effect Of Unusual Items": -763.098682,
        "Tax Rate For Calcs": 0.254366,
        "Normalized EBITDA": 36764000.0,
        "Total Unusual Items": -3000.0,
        "Total Unusual Items Excluding Goodwill": -3000.0,
        "Net Income From Continuing Operation Net Minority Interest": 20792000.0,
        "Reconciled Depreciation": 6941000.0,
        "Reconciled Cost Of Revenue": 263061000.0,
        "EBITDA": 36761000.0,
        "EBIT": 29820000.0,
        "Net Interest Income": -1821000.0,
        "Interest Expense": 1821000.0,
        "Normalized Income": 20794236.901318,
        "Net Income From Continuing And Discontinued Operation": 19126000.0,
        "Total Expenses": 331529000.0,
        "Total Operating Income As Reported": 27893000.0,
        "Diluted Average Shares": 22255642.0,
        "Basic Average Shares": 21757998.0,
        "Diluted EPS": 0.86,
        "Basic EPS": 0.88,
        "Diluted NI Availto Com Stockholders": 19126000.0,
        "Net Income Common Stockholders": 19126000.0,
        "Net Income": 19126000.0,
        "Minority Interests": -85000.0,
        "Net Income Including Noncontrolling Interests": 19211000.0,
        "Net Income Discontinuous Operations": -1666000.0,
        "Net Income Continuous Operations": 20877000.0,
        "Tax Provision": 7122000.0,
        "Pretax Income": 27999000.0,
        "Other Income Expense": 1937000.0,
        "Other Non Operating Income Expenses": 1940000.0,
        "Special Income Charges": -3000.0,
        "Restructuring And Mergern Acquisition": 3000.0,
        "Net Non Operating Interest Income Expense": -1821000.0,
        "Interest Expense Non Operating": 1821000.0,
        "Operating Income": 27883000.0,
        "Operating Expense": 68468000.0,
        "Other Operating Expenses": -13000.0,
        "Selling General And Administration": 68468000.0,
        "Gross Profit": 96351000.0,
        "Cost Of Revenue": 263061000.0,
        "Total Revenue": 359412000.0,
        "Operating Revenue": 359412000.0
    },
    "2023-06-30": {
        "Tax Effect Of Unusual Items": -74970.0,
        "Tax Rate For Calcs": 0.255,
        "Normalized EBITDA": 35321000.0,
        "Total Unusual Items": -294000.0,
        "Total Unusual Items Excluding Goodwill": -294000.0,
        "Net Income From Continuing Operation Net Minority Interest": 18358000.0,
        "Reconciled Depreciation": 7047000.0,
        "Reconciled Cost Of Revenue": 251806000.0,
        "EBITDA": 35027000.0,
        "EBIT": 27980000.0,
        "Net Interest Income": -3283000.0,
        "Interest Expense": 3283000.0,
        "Normalized Income": 18577030.0,
        "Net Income From Continuing And Discontinued Operation": 9137000.0,
        "Total Expenses": 325603000.0,
        "Total Operating Income As Reported": 27178000.0,
        "Diluted Average Shares": 22183489.0,
        "Basic Average Shares": 21689067.0,
        "Diluted EPS": 0.41,
        "Basic EPS": 0.42,
        "Diluted NI Availto Com Stockholders": 9137000.0,
        "Net Income Common Stockholders": 9137000.0,
        "Net Income": 9137000.0,
        "Minority Interests": -50000.0,
        "Net Income Including Noncontrolling Interests": 9187000.0,
        "Net Income Discontinuous Operations": -9221000.0,
        "Net Income Continuous Operations": 18408000.0,
        "Tax Provision": 6289000.0,
        "Pretax Income": 24697000.0,
        "Other Income Expense": 508000.0,
        "Other Non Operating Income Expenses": 802000.0,
        "Special Income Charges": -294000.0,
        "Restructuring And Mergern Acquisition": 294000.0,
        "Net Non Operating Interest Income Expense": -3283000.0,
        "Interest Expense Non Operating": 3283000.0,
        "Operating Income": 27472000.0,
        "Operating Expense": 73797000.0,
        "Other Operating Expenses": -46000.0,
        "Selling General And Administration": 73843000.0,
        "Gross Profit": 101269000.0,
        "Cost Of Revenue": 251806000.0,
        "Total Revenue": 353075000.0,
        "Operating Revenue": 353075000.0
    },
    "2022-03-31": {
        "Diluted EPS": 0.87,
        "Total Revenue": 323,
        "Gross Profit": 90,
        "Operating Income": 27,
        "EBIT": 34,
        "Net Income": 19
    },
    "2021-12-31": {
        "Diluted EPS": 0.83,
        "Total Revenue": 310,
        "Gross Profit": 89,
        "Operating Income": 24,
        "EBIT": 31,
        "Net Income": 19
    },
    "2021-09-30": {
        "Diluted EPS": 1.07,
        "Total Revenue": 370,
        "Gross Profit": 105,
        "Operating Income": 39,
        "EBIT": 46,
        "Net Income": 24
    },
    "2021-06-30": {
        "Diluted EPS": 1.2,
        "Total Revenue": 342,
        "Gross Profit": 99,
        "Operating Income": 37,
        "EBIT": 44,
        "Net Income": 27
    },
    "2021-03-31": {
        "Diluted EPS": 0.92,
        "Total Revenue": 277,
        "Gross Profit": 84,
        "Operating Income": 29,
        "EBIT": 36,
        "Net Income": 21
    },
    "2020-12-31": {
        "Diluted EPS": 0.39,
        "Total Revenue": 283,
        "Gross Profit": 94,
        "Operating Income": 31,
        "EBIT": 40,
        "Net Income": 9
    },
    "2020-09-30": {
        "Diluted EPS": 1.26,
        "Total Revenue": 344,
        "Gross Profit": 108,
        "Operating Income": 48,
        "EBIT": 54,
        "Net Income": 29
    },
    "2020-06-30": {
        "Diluted EPS": 0.48,
        "Total Revenue": 248,
        "Gross Profit": 64,
        "Operating Income": 16,
        "EBIT": 22,
        "Net Income": 11
    },
    "2020-03-31": {
        "Diluted EPS": 0.38,
        "Total Revenue": 254,
        "Gross Profit": 70,
        "Operating Income": 14,
        "EBIT": 21,
        "Net Income": 9
    },
    "2019-12-31": {
        "Diluted EPS": 0.51,
        "Total Revenue": 241,
        "Gross Profit": 73,
        "Operating Income": 18,
        "EBIT": 24,
        "Net Income": 12
    },
    "2019-09-30": {
        "Diluted EPS": 0.65,
        "Total Revenue": 308,
        "Gross Profit": 92,
        "Operating Income": 31,
        "EBIT": 38,
        "Net Income": 15
    },
    "2019-06-30": {
        "Diluted EPS": 0.85,
        "Total Revenue": 305,
        "Gross Profit": 89,
        "Operating Income": 28,
        "EBIT": 34,
        "Net Income": 19
    },
    "2019-03-31": {
        "Diluted EPS": 0.53,
        "Total Revenue": 284,
        "Gross Profit": 78,
        "Operating Income": 18,
        "EBIT": 24,
        "Net Income": 12
    },
    "2018-12-31": {
        "Diluted EPS": 0.15,
        "Total Revenue": 247,
        "Gross Profit": 72,
        "Operating Income": 18,
        "EBIT": 25,
        "Net Income": 3
    },
    "2018-09-30": {
        "Diluted EPS": 0.69,
        "Total Revenue": 297,
        "Gross Profit": 87,
        "Operating Income": 27,
        "EBIT": 33,
        "Net Income": 16
    },
    "2018-06-30": {
        "Diluted EPS": 0.69,
        "Total Revenue": 287,
        "Gross Profit": 81,
        "Operating Income": 23,
        "EBIT": 29,
        "Net Income": 16
    },
    "2018-03-31": {
        "Diluted EPS": 0.35,
        "Total Revenue": 262,
        "Gross Profit": 73,
        "Operating Income": 12,
        "EBIT": 18,
        "Net Income": 8
    },
    "2017-12-31": {
        "Diluted EPS": -0.36,
        "Total Revenue": 240,
        "Gross Profit": 69,
        "Operating Income": 16,
        "EBIT": 22,
        "Net Income": -9
    },
    "2017-09-30": {
        "Diluted EPS": 0.57,
        "Total Revenue": 281,
        "Gross Profit": 83,
        "Operating Income": 27,
        "EBIT": 33,
        "Net Income": 13
    },
    "2017-06-30": {
        "Diluted EPS": 0.76,
        "Total Revenue": 313,
        "Gross Profit": 91,
        "Operating Income": 29,
        "EBIT": 35,
        "Net Income": 18
    },
    "2017-03-31": {
        "Diluted EPS": 0.67,
        "Total Revenue": 282,
        "Gross Profit": 84,
        "Operating Income": 25,
        "EBIT": 31,
        "Net Income": 16
    },
    "2016-12-31": {
        "Diluted EPS": 0.36,
        "Total Revenue": 230,
        "Gross Profit": 67,
        "Operating Income": 13,
        "EBIT": 19,
        "Net Income": 8
    },
    "2016-09-30": {
        "Diluted EPS": 0.89,
        "Total Revenue": 301,
        "Gross Profit": 96,
        "Operating Income": 34,
        "EBIT": 39,
        "Net Income": 21
    },
    "2016-06-30": {
        "Diluted EPS": 0.84,
        "Total Revenue": 289,
        "Gross Profit": 87,
        "Operating Income": 32,
        "EBIT": 37,
        "Net Income": 19
    },
    "2016-03-31": {
        "Diluted EPS": 0.53,
        "Total Revenue": 239,
        "Gross Profit": 73,
        "Operating Income": 20,
        "EBIT": 24,
        "Net Income": 12
    },
    "2015-12-31": {
        "Diluted EPS": 0.22,
        "Total Revenue": 205,
        "Gross Profit": 63,
        "Operating Income": 10,
        "EBIT": 14,
        "Net Income": 5
    },
    "2015-09-30": {
        "Diluted EPS": 0.8,
        "Total Revenue": 270,
        "Gross Profit": 82,
        "Operating Income": 30,
        "EBIT": 34,
        "Net Income": 18
    },
    "2015-06-30": {
        "Diluted EPS": 0.58,
        "Total Revenue": 269,
        "Gross Profit": 73,
        "Operating Income": 21,
        "EBIT": 25,
        "Net Income": 13
    },
    "2015-03-31": {
        "Diluted EPS": 0.39,
        "Total Revenue": 228,
        "Gross Profit": 64,
        "Operating Income": 15,
        "EBIT": 19,
        "Net Income": 9
    },
    "2014-12-31": {
        "Diluted EPS": 0.48,
        "Total Revenue": 218,
        "Gross Profit": 67,
        "Operating Income": 19,
        "EBIT": 23,
        "Net Income": 11
    },
    "2014-09-30": {
        "Diluted EPS": 0.41,
        "Total Revenue": 257,
        "Gross Profit": 77,
        "Operating Income": 28,
        "EBIT": 33,
        "Net Income": 10
    },
    "2014-06-30": {
        "Diluted EPS": 0.46,
        "Total Revenue": 273,
        "Gross Profit": 77,
        "Operating Income": 18,
        "EBIT": 22,
        "Net Income": 11
    },
    "2014-03-31": {
        "Diluted EPS": 0.5,
        "Total Revenue": 233,
        "Gross Profit": 68,
        "Operating Income": 20,
        "EBIT": 24,
        "Net Income": 12
    },
    "2013-12-31": {
        "Diluted EPS": 0.38,
        "Total Revenue": 219,
        "Gross Profit": 67,
        "Operating Income": 16,
        "EBIT": 20,
        "Net Income": 9
    },
    "2013-09-30": {
        "Diluted EPS": 0.74,
        "Total Revenue": 264,
        "Gross Profit": 80,
        "Operating Income": 28,
        "EBIT": 32,
        "Net Income": 17
    },
    "2013-06-30": {
        "Diluted EPS": 0.69,
        "Total Revenue": 270,
        "Gross Profit": 78,
        "Operating Income": 27,
        "EBIT": 31,
        "Net Income": 16
    },
    "2013-03-31": {
        "Diluted EPS": 0.4,
        "Total Revenue": 231,
        "Gross Profit": 66,
        "Operating Income": 16,
        "EBIT": 20,
        "Net Income": 9
    },
    "2012-12-31": {
        "Diluted EPS": 0.25,
        "Total Revenue": 192,
        "Gross Profit": 58,
        "Operating Income": 12,
        "EBIT": 17,
        "Net Income": 6
    },
    "2012-09-30": {
        "Diluted EPS": 0.74,
        "Total Revenue": 276,
        "Gross Profit": 78,
        "Operating Income": 27,
        "EBIT": 31,
        "Net Income": 17
    },
    "2012-06-30": {
        "Diluted EPS": 0.58,
        "Total Revenue": 269,
        "Gross Profit": 69,
        "Operating Income": 23,
        "EBIT": 27,
        "Net Income": 13
    },
    "2012-03-31": {
        "Diluted EPS": 0.22,
        "Total Revenue": 212,
        "Gross Profit": 55,
        "Operating Income": 10,
        "EBIT": 14,
        "Net Income": 5
    },
    "2011-12-31": {
        "Diluted EPS": 1.26,
        "Total Revenue": 174,
        "Gross Profit": 48,
        "Operating Income": 6,
        "EBIT": 11,
        "Net Income": 29
    },
    "2011-09-30": {
        "Diluted EPS": 0.57,
        "Total Revenue": 236,
        "Gross Profit": 64,
        "Operating Income": 23,
        "EBIT": 26,
        "Net Income": 13
    },
    "2011-06-30": {
        "Diluted EPS": 0.58,
        "Total Revenue": 244,
        "Gross Profit": 63,
        "Operating Income": 23,
        "EBIT": 27,
        "Net Income": 13
    },
    "2011-03-31": {
        "Diluted EPS": 0.29,
        "Total Revenue": 220,
        "Gross Profit": 53,
        "Operating Income": 12,
        "EBIT": 16,
        "Net Income": 7
    },
    "2010-12-31": {
        "Diluted EPS": 0.1,
        "Total Revenue": 173,
        "Gross Profit": 45,
        "Operating Income": 7,
        "EBIT": 10,
        "Net Income": 2
    },
    "2010-09-30": {
        "Diluted EPS": 0.42,
        "Total Revenue": 228,
        "Gross Profit": 60,
        "Operating Income": 18,
        "EBIT": 21,
        "Net Income": 10
    },
    "2010-06-30": {
        "Diluted EPS": 0.34,
        "Total Revenue": 231,
        "Gross Profit": 58,
        "Operating Income": 15,
        "EBIT": 19,
        "Net Income": 8
    },
    "2010-03-31": {
        "Diluted EPS": 0.11,
        "Total Revenue": 179,
        "Gross Profit": 44,
        "Operating Income": 7,
        "EBIT": 10,
        "Net Income": 2
    },
    "2009-12-31": {
        "Diluted EPS": -0.29,
        "Total Revenue": 160,
        "Gross Profit": 40,
        "Operating Income": -4,
        "EBIT": -1,
        "Net Income": -5
    },
    "2009-09-30": {
        "Diluted EPS": 0.16,
        "Total Revenue": 206,
        "Gross Profit": 50,
        "Operating Income": 10,
        "EBIT": 13,
        "Net Income": 3
    },
    "2009-06-30": {
        "Diluted EPS": 0.28,
        "Total Revenue": 197,
        "Gross Profit": 46,
        "Operating Income": 8,
        "EBIT": 12,
        "Net Income": 5
    },
    "2009-03-31": {
        "Diluted EPS": 0.03,
        "Total Revenue": 172,
        "Gross Profit": 41,
        "Operating Income": 4,
        "EBIT": 7,
        "Net Income": 1
    },
    "2023-09-30": {
        "Tax Effect Of Unusual Items": -43011.0,
        "Tax Rate For Calcs": 0.243,
        "Normalized EBITDA": 44047000.0,
        "Total Unusual Items": -177000.0,
        "Total Unusual Items Excluding Goodwill": -177000.0,
        "Net Income From Continuing Operation Net Minority Interest": 24859000.0,
        "Reconciled Depreciation": 7332000.0,
        "Reconciled Cost Of Revenue": 271653000.0,
        "EBITDA": 43870000.0,
        "EBIT": 36538000.0,
        "Net Interest Income": -3621000.0,
        "Interest Expense": 3621000.0,
        "Normalized Income": 24992989.0,
        "Net Income From Continuing And Discontinued Operation": 6659000.0,
        "Total Expenses": 351430000.0,
        "Total Operating Income As Reported": 34806000.0,
        "Diluted Average Shares": 22253723.0,
        "Basic Average Shares": 21727119.0,
        "Diluted EPS": 0.3,
        "Basic EPS": 0.31,
        "Diluted NI Availto Com Stockholders": 6659000.0,
        "Net Income Common Stockholders": 6659000.0,
        "Net Income": 6659000.0,
        "Minority Interests": -63000.0,
        "Net Income Including Noncontrolling Interests": 6722000.0,
        "Net Income Discontinuous Operations": -18200000.0,
        "Net Income Continuous Operations": 24922000.0,
        "Tax Provision": 7995000.0,
        "Pretax Income": 32917000.0,
        "Other Income Expense": 1555000.0,
        "Other Non Operating Income Expenses": 1732000.0,
        "Special Income Charges": -177000.0,
        "Restructuring And Mergern Acquisition": 177000.0,
        "Net Non Operating Interest Income Expense": -3621000.0,
        "Interest Expense Non Operating": 3621000.0,
        "Operating Income": 34983000.0,
        "Operating Expense": 79777000.0,
        "Other Operating Expenses": -4000.0,
        "Selling General And Administration": 79781000.0,
        "Gross Profit": 114760000.0,
        "Cost Of Revenue": 271653000.0,
        "Total Revenue": 386413000.0,
        "Operating Revenue": 386413000.0
    },
    "2023-12-31": {
        "Tax Effect Of Unusual Items": -427350.0,
        "Tax Rate For Calcs": 0.21,
        "Normalized EBITDA": 19110000.0,
        "Total Unusual Items": -2035000.0,
        "Total Unusual Items Excluding Goodwill": -2035000.0,
        "Net Income From Continuing Operation Net Minority Interest": 7229000.0,
        "Reconciled Depreciation": 7561000.0,
        "Reconciled Cost Of Revenue": 209226000.0,
        "EBITDA": 17075000.0,
        "EBIT": 9514000.0,
        "Net Interest Income": -2004000.0,
        "Interest Expense": 2521000.0,
        "Normalized Income": 8836650.0,
        "Net Income From Continuing And Discontinued Operation": 6434000.0,
        "Total Expenses": 279550000.0,
        "Total Operating Income As Reported": 9947000.0,
        "Diluted Average Shares": NaN,
        "Basic Average Shares": NaN,
        "Diluted EPS": NaN,
        "Basic EPS": NaN,
        "Diluted NI Availto Com Stockholders": 6434000.0,
        "Net Income Common Stockholders": 6434000.0,
        "Net Income": 6434000.0,
        "Minority Interests": -52000.0,
        "Net Income Including Noncontrolling Interests": 6486000.0,
        "Net Income Discontinuous Operations": -795000.0,
        "Net Income Continuous Operations": 7281000.0,
        "Tax Provision": -288000.0,
        "Pretax Income": 6993000.0,
        "Other Income Expense": -2209000.0,
        "Other Non Operating Income Expenses": -2244000.0,
        "Special Income Charges": -1259000.0,
        "Restructuring And Mergern Acquisition": 1259000.0,
        "Net Non Operating Interest Income Expense": -2004000.0,
        "Interest Expense Non Operating": 2521000.0,
        "Operating Income": 11206000.0,
        "Operating Expense": 70324000.0,
        "Other Operating Expenses": -2000.0,
        "Selling General And Administration": 70326000.0,
        "Gross Profit": 81530000.0,
        "Cost Of Revenue": 209226000.0,
        "Total Revenue": 290756000.0,
        "Operating Revenue": 290756000.0
    },
    "2024-03-31": {
        "Tax Effect Of Unusual Items": -48000.0,
        "Tax Rate For Calcs": 0.25,
        "Normalized EBITDA": 22931000.0,
        "Total Unusual Items": -192000.0,
        "Total Unusual Items Excluding Goodwill": -192000.0,
        "Net Income From Continuing Operation Net Minority Interest": 9863000.0,
        "Reconciled Depreciation": 7301000.0,
        "Reconciled Cost Of Revenue": 241881000.0,
        "EBITDA": 22739000.0,
        "EBIT": 15438000.0,
        "Net Interest Income": -2067000.0,
        "Interest Expense": 2067000.0,
        "Normalized Income": 10007000.0,
        "Net Income From Continuing And Discontinued Operation": 8824000.0,
        "Total Expenses": 316592000.0,
        "Total Operating Income As Reported": 14619000.0,
        "Diluted Average Shares": 22372543.0,
        "Basic Average Shares": 21923830.0,
        "Diluted EPS": 0.39,
        "Basic EPS": 0.4,
        "Diluted NI Availto Com Stockholders": 8824000.0,
        "Net Income Common Stockholders": 8824000.0,
        "Net Income": 8824000.0,
        "Minority Interests": -166000.0,
        "Net Income Including Noncontrolling Interests": 8990000.0,
        "Net Income Discontinuous Operations": -1039000.0,
        "Net Income Continuous Operations": 10029000.0,
        "Tax Provision": 3342000.0,
        "Pretax Income": 13371000.0,
        "Other Income Expense": 627000.0,
        "Other Non Operating Income Expenses": 819000.0,
        "Special Income Charges": -192000.0,
        "Restructuring And Mergern Acquisition": 192000.0,
        "Net Non Operating Interest Income Expense": -2067000.0,
        "Interest Expense Non Operating": 2067000.0,
        "Operating Income": 14811000.0,
        "Operating Expense": 74711000.0,
        "Other Operating Expenses": -22000.0,
        "Selling General And Administration": 74733000.0,
        "Gross Profit": 89522000.0,
        "Cost Of Revenue": 241881000.0,
        "Total Revenue": 331403000.0,
        "Operating Revenue": 331403000.0
    }
}