{
    "2023-04-30": {
        "Tax Effect Of Unusual Items": NaN,
        "Tax Rate For Calcs": NaN,
        "Normalized EBITDA": NaN,
        "Total Unusual Items": NaN,
        "Total Unusual Items Excluding Goodwill": NaN,
        "Net Income From Continuing Operation Net Minority Interest": NaN,
        "Reconciled Depreciation": NaN,
        "Reconciled Cost Of Revenue": NaN,
        "EBITDA": NaN,
        "EBIT": NaN,
        "Net Interest Income": NaN,
        "Interest Expense": NaN,
        "Interest Income": NaN,
        "Normalized Income": NaN,
        "Net Income From Continuing And Discontinued Operation": NaN,
        "Total Expenses": NaN,
        "Total Operating Income As Reported": NaN,
        "Diluted Average Shares": 63924000.0,
        "Basic Average Shares": 63924000.0,
        "Diluted EPS": -0.46,
        "Basic EPS": -0.46,
        "Diluted NI Availto Com Stockholders": NaN,
        "Net Income Common Stockholders": NaN,
        "Net Income": NaN,
        "Minority Interests": NaN,
        "Net Income Including Noncontrolling Interests": NaN,
        "Net Income Continuous Operations": NaN,
        "Earnings From Equity Interest Net Of Tax": NaN,
        "Tax Provision": NaN,
        "Pretax Income": NaN,
        "Other Income Expense": NaN,
        "Other Non Operating Income Expenses": NaN,
        "Special Income Charges": NaN,
        "Gain On Sale Of Business": NaN,
        "Other Special Charges": NaN,
        "Write Off": NaN,
        "Impairment Of Capital Assets": NaN,
        "Restructuring And Mergern Acquisition": NaN,
        "Gain On Sale Of Security": NaN,
        "Net Non Operating Interest Income Expense": NaN,
        "Total Other Finance Cost": NaN,
        "Interest Expense Non Operating": NaN,
        "Interest Income Non Operating": NaN,
        "Operating Income": NaN,
        "Operating Expense": NaN,
        "Depreciation Amortization Depletion Income Statement": NaN,
        "Depreciation And Amortization In Income Statement": NaN,
        "Amortization": NaN,
        "Amortization Of Intangibles Income Statement": NaN,
        "Research And Development": NaN,
        "Selling General And Administration": NaN,
        "General And Administrative Expense": NaN,
        "Other Gand A": NaN,
        "Salaries And Wages": NaN,
        "Gross Profit": NaN,
        "Cost Of Revenue": NaN,
        "Total Revenue": NaN,
        "Operating Revenue": NaN
    },
    "2023-01-31": {
        "Tax Effect Of Unusual Items": NaN,
        "Tax Rate For Calcs": NaN,
        "Normalized EBITDA": NaN,
        "Total Unusual Items": NaN,
        "Total Unusual Items Excluding Goodwill": NaN,
        "Net Income From Continuing Operation Net Minority Interest": NaN,
        "Reconciled Depreciation": NaN,
        "Reconciled Cost Of Revenue": NaN,
        "EBITDA": NaN,
        "EBIT": NaN,
        "Net Interest Income": NaN,
        "Interest Expense": NaN,
        "Interest Income": NaN,
        "Normalized Income": NaN,
        "Net Income From Continuing And Discontinued Operation": NaN,
        "Total Expenses": NaN,
        "Total Operating Income As Reported": NaN,
        "Diluted Average Shares": NaN,
        "Basic Average Shares": NaN,
        "Diluted EPS": NaN,
        "Basic EPS": NaN,
        "Diluted NI Availto Com Stockholders": NaN,
        "Net Income Common Stockholders": NaN,
        "Net Income": NaN,
        "Minority Interests": NaN,
        "Net Income Including Noncontrolling Interests": NaN,
        "Net Income Continuous Operations": NaN,
        "Earnings From Equity Interest Net Of Tax": NaN,
        "Tax Provision": NaN,
        "Pretax Income": NaN,
        "Other Income Expense": NaN,
        "Other Non Operating Income Expenses": NaN,
        "Special Income Charges": NaN,
        "Gain On Sale Of Business": 0.0,
        "Other Special Charges": 0.0,
        "Write Off": NaN,
        "Impairment Of Capital Assets": NaN,
        "Restructuring And Mergern Acquisition": NaN,
        "Gain On Sale Of Security": NaN,
        "Net Non Operating Interest Income Expense": NaN,
        "Total Other Finance Cost": NaN,
        "Interest Expense Non Operating": NaN,
        "Interest Income Non Operating": NaN,
        "Operating Income": NaN,
        "Operating Expense": NaN,
        "Depreciation Amortization Depletion Income Statement": NaN,
        "Depreciation And Amortization In Income Statement": NaN,
        "Amortization": NaN,
        "Amortization Of Intangibles Income Statement": NaN,
        "Research And Development": NaN,
        "Selling General And Administration": NaN,
        "General And Administrative Expense": NaN,
        "Other Gand A": NaN,
        "Salaries And Wages": NaN,
        "Gross Profit": NaN,
        "Cost Of Revenue": NaN,
        "Total Revenue": NaN,
        "Operating Revenue": NaN
    },
    "2022-10-31": {
        "Tax Effect Of Unusual Items": NaN,
        "Tax Rate For Calcs": NaN,
        "Normalized EBITDA": NaN,
        "Total Unusual Items": NaN,
        "Total Unusual Items Excluding Goodwill": NaN,
        "Net Income From Continuing Operation Net Minority Interest": NaN,
        "Reconciled Depreciation": NaN,
        "Reconciled Cost Of Revenue": NaN,
        "EBITDA": NaN,
        "EBIT": NaN,
        "Net Interest Income": NaN,
        "Interest Expense": NaN,
        "Interest Income": NaN,
        "Normalized Income": NaN,
        "Net Income From Continuing And Discontinued Operation": NaN,
        "Total Expenses": NaN,
        "Total Operating Income As Reported": NaN,
        "Diluted Average Shares": NaN,
        "Basic Average Shares": NaN,
        "Diluted EPS": NaN,
        "Basic EPS": NaN,
        "Diluted NI Availto Com Stockholders": NaN,
        "Net Income Common Stockholders": NaN,
        "Net Income": NaN,
        "Minority Interests": NaN,
        "Net Income Including Noncontrolling Interests": NaN,
        "Net Income Continuous Operations": NaN,
        "Earnings From Equity Interest Net Of Tax": NaN,
        "Tax Provision": NaN,
        "Pretax Income": NaN,
        "Other Income Expense": NaN,
        "Other Non Operating Income Expenses": NaN,
        "Special Income Charges": NaN,
        "Gain On Sale Of Business": 327000.0,
        "Other Special Charges": 7255000.0,
        "Write Off": NaN,
        "Impairment Of Capital Assets": 0.0,
        "Restructuring And Mergern Acquisition": 2244000.0,
        "Gain On Sale Of Security": NaN,
        "Net Non Operating Interest Income Expense": NaN,
        "Total Other Finance Cost": 279000.0,
        "Interest Expense Non Operating": NaN,
        "Interest Income Non Operating": NaN,
        "Operating Income": NaN,
        "Operating Expense": NaN,
        "Depreciation Amortization Depletion Income Statement": NaN,
        "Depreciation And Amortization In Income Statement": NaN,
        "Amortization": NaN,
        "Amortization Of Intangibles Income Statement": NaN,
        "Research And Development": NaN,
        "Selling General And Administration": NaN,
        "General And Administrative Expense": NaN,
        "Other Gand A": NaN,
        "Salaries And Wages": NaN,
        "Gross Profit": NaN,
        "Cost Of Revenue": NaN,
        "Total Revenue": NaN,
        "Operating Revenue": NaN
    },
    "2022-07-31": {
        "Tax Effect Of Unusual Items": 3498850.0,
        "Tax Rate For Calcs": 0.19,
        "Normalized EBITDA": 54668000.0,
        "Total Unusual Items": 18415000.0,
        "Total Unusual Items Excluding Goodwill": 18415000.0,
        "Net Income From Continuing Operation Net Minority Interest": 51598000.0,
        "Reconciled Depreciation": 8492000.0,
        "Reconciled Cost Of Revenue": 65991000.0,
        "EBITDA": 73083000.0,
        "EBIT": 64591000.0,
        "Net Interest Income": -1259000.0,
        "Interest Expense": 1259000.0,
        "Interest Income": NaN,
        "Normalized Income": 36681850.0,
        "Net Income From Continuing And Discontinued Operation": 51598000.0,
        "Total Expenses": 163203000.0,
        "Total Operating Income As Reported": 64037000.0,
        "Diluted Average Shares": 63977000.0,
        "Basic Average Shares": 63500000.0,
        "Diluted EPS": 0.81,
        "Basic EPS": 0.81,
        "Diluted NI Availto Com Stockholders": 51598000.0,
        "Net Income Common Stockholders": 51598000.0,
        "Net Income": 51598000.0,
        "Minority Interests": 2000.0,
        "Net Income Including Noncontrolling Interests": 51596000.0,
        "Net Income Continuous Operations": 51596000.0,
        "Earnings From Equity Interest Net Of Tax": 283000.0,
        "Tax Provision": 12019000.0,
        "Pretax Income": 63332000.0,
        "Other Income Expense": 18540000.0,
        "Other Non Operating Income Expenses": 125000.0,
        "Special Income Charges": 18415000.0,
        "Gain On Sale Of Business": 17986000.0,
        "Other Special Charges": NaN,
        "Write Off": -429000.0,
        "Impairment Of Capital Assets": NaN,
        "Restructuring And Mergern Acquisition": NaN,
        "Gain On Sale Of Security": NaN,
        "Net Non Operating Interest Income Expense": -1259000.0,
        "Total Other Finance Cost": NaN,
        "Interest Expense Non Operating": 1259000.0,
        "Interest Income Non Operating": NaN,
        "Operating Income": 46051000.0,
        "Operating Expense": 89768000.0,
        "Depreciation Amortization Depletion Income Statement": 1048000.0,
        "Depreciation And Amortization In Income Statement": 1048000.0,
        "Amortization": 1048000.0,
        "Amortization Of Intangibles Income Statement": 1048000.0,
        "Research And Development": 40601000.0,
        "Selling General And Administration": 48119000.0,
        "General And Administrative Expense": NaN,
        "Other Gand A": NaN,
        "Salaries And Wages": NaN,
        "Gross Profit": 135819000.0,
        "Cost Of Revenue": 73435000.0,
        "Total Revenue": 209254000.0,
        "Operating Revenue": 209254000.0
    },
    "2022-04-30": {
        "Diluted EPS": 0.59,
        "Total Revenue": 202,
        "Gross Profit": 129,
        "Operating Income": 47,
        "EBIT": 56,
        "Net Income": 38
    },
    "2022-01-31": {
        "Diluted EPS": 0.53,
        "Total Revenue": 191,
        "Gross Profit": 117,
        "Operating Income": 43,
        "EBIT": 52,
        "Net Income": 35
    },
    "2021-10-31": {
        "Diluted EPS": 0.53,
        "Total Revenue": 195,
        "Gross Profit": 124,
        "Operating Income": 37,
        "EBIT": 46,
        "Net Income": 34
    },
    "2021-07-31": {
        "Diluted EPS": 0.5,
        "Total Revenue": 185,
        "Gross Profit": 115,
        "Operating Income": 37,
        "EBIT": 46,
        "Net Income": 33
    },
    "2021-04-30": {
        "Diluted EPS": 0.36,
        "Total Revenue": 170,
        "Gross Profit": 105,
        "Operating Income": 28,
        "EBIT": 37,
        "Net Income": 24
    },
    "2021-01-31": {
        "Diluted EPS": 0.24,
        "Total Revenue": 165,
        "Gross Profit": 93,
        "Operating Income": 19,
        "EBIT": 31,
        "Net Income": 16
    },
    "2020-10-31": {
        "Diluted EPS": 0.28,
        "Total Revenue": 154,
        "Gross Profit": 94,
        "Operating Income": 21,
        "EBIT": 30,
        "Net Income": 18
    },
    "2020-07-31": {
        "Diluted EPS": 0.24,
        "Total Revenue": 144,
        "Gross Profit": 88,
        "Operating Income": 19,
        "EBIT": 27,
        "Net Income": 16
    },
    "2020-04-30": {
        "Diluted EPS": 0.15,
        "Total Revenue": 133,
        "Gross Profit": 81,
        "Operating Income": 16,
        "EBIT": 24,
        "Net Income": 10
    },
    "2020-01-31": {
        "Diluted EPS": 0.04,
        "Total Revenue": 138,
        "Gross Profit": 84,
        "Operating Income": 10,
        "EBIT": 24,
        "Net Income": 3
    },
    "2019-10-31": {
        "Diluted EPS": 0.21,
        "Total Revenue": 141,
        "Gross Profit": 86,
        "Operating Income": 18,
        "EBIT": 28,
        "Net Income": 14
    },
    "2019-07-31": {
        "Diluted EPS": 0.03,
        "Total Revenue": 137,
        "Gross Profit": 85,
        "Operating Income": 12,
        "EBIT": 22,
        "Net Income": 2
    },
    "2019-04-30": {
        "Diluted EPS": 0.19,
        "Total Revenue": 131,
        "Gross Profit": 81,
        "Operating Income": 12,
        "EBIT": 23,
        "Net Income": 13
    },
    "2019-01-31": {
        "Diluted EPS": 0.29,
        "Total Revenue": 160,
        "Gross Profit": 99,
        "Operating Income": 34,
        "EBIT": 46,
        "Net Income": 20
    },
    "2018-10-31": {
        "Diluted EPS": 0.18,
        "Total Revenue": 174,
        "Gross Profit": 107,
        "Operating Income": 42,
        "EBIT": 55,
        "Net Income": 12
    },
    "2018-07-31": {
        "Diluted EPS": 0.37,
        "Total Revenue": 163,
        "Gross Profit": 100,
        "Operating Income": 33,
        "EBIT": 45,
        "Net Income": 25
    },
    "2018-04-30": {
        "Diluted EPS": 0.18,
        "Total Revenue": 130,
        "Gross Profit": 71,
        "Operating Income": -3,
        "EBIT": 9,
        "Net Income": 12
    },
    "2018-01-31": {
        "Diluted EPS": -0.06,
        "Total Revenue": 141,
        "Gross Profit": 85,
        "Operating Income": 12,
        "EBIT": 25,
        "Net Income": -3
    },
    "2017-10-31": {
        "Diluted EPS": 0.2,
        "Total Revenue": 150,
        "Gross Profit": 89,
        "Operating Income": 18,
        "EBIT": 30,
        "Net Income": 13
    },
    "2017-07-31": {
        "Diluted EPS": 0.19,
        "Total Revenue": 153,
        "Gross Profit": 92,
        "Operating Income": 19,
        "EBIT": 31,
        "Net Income": 13
    },
    "2017-04-30": {
        "Diluted EPS": 0.18,
        "Total Revenue": 144,
        "Gross Profit": 85,
        "Operating Income": 18,
        "EBIT": 30,
        "Net Income": 12
    },
    "2017-01-31": {
        "Diluted EPS": 0.12,
        "Total Revenue": 140,
        "Gross Profit": 83,
        "Operating Income": 15,
        "EBIT": 27,
        "Net Income": 8
    },
    "2016-10-31": {
        "Diluted EPS": 0.46,
        "Total Revenue": 137,
        "Gross Profit": 81,
        "Operating Income": 39,
        "EBIT": 51,
        "Net Income": 31
    },
    "2016-07-31": {
        "Diluted EPS": 0.14,
        "Total Revenue": 136,
        "Gross Profit": 82,
        "Operating Income": 16,
        "EBIT": 29,
        "Net Income": 9
    },
    "2016-04-30": {
        "Diluted EPS": 0.11,
        "Total Revenue": 131,
        "Gross Profit": 79,
        "Operating Income": 13,
        "EBIT": 25,
        "Net Income": 7
    },
    "2016-01-31": {
        "Diluted EPS": 0.01,
        "Total Revenue": 119,
        "Gross Profit": 70,
        "Operating Income": 3,
        "EBIT": 16,
        "Net Income": 1
    },
    "2015-10-31": {
        "Diluted EPS": 0.16,
        "Total Revenue": 116,
        "Gross Profit": 70,
        "Operating Income": 19,
        "EBIT": 32,
        "Net Income": 11
    },
    "2015-07-31": {
        "Diluted EPS": 0.0,
        "Total Revenue": 126,
        "Gross Profit": 76,
        "Operating Income": 3,
        "EBIT": 15,
        "Net Income": 0
    },
    "2015-04-30": {
        "Diluted EPS": 0.0,
        "Total Revenue": 130,
        "Gross Profit": 78,
        "Operating Income": 5,
        "EBIT": 17,
        "Net Income": 0
    },
    "2015-01-31": {
        "Diluted EPS": -0.23,
        "Total Revenue": 130,
        "Gross Profit": 73,
        "Operating Income": -14,
        "EBIT": 5,
        "Net Income": -15
    },
    "2014-10-31": {
        "Diluted EPS": 0.26,
        "Total Revenue": 149,
        "Gross Profit": 89,
        "Operating Income": 23,
        "EBIT": 35,
        "Net Income": 18
    },
    "2014-07-31": {
        "Diluted EPS": 0.26,
        "Total Revenue": 146,
        "Gross Profit": 88,
        "Operating Income": 22,
        "EBIT": 34,
        "Net Income": 18
    },
    "2014-04-30": {
        "Diluted EPS": 0.12,
        "Total Revenue": 133,
        "Gross Profit": 78,
        "Operating Income": 11,
        "EBIT": 23,
        "Net Income": 8
    },
    "2014-01-31": {
        "Diluted EPS": -3.12,
        "Total Revenue": 127,
        "Gross Profit": 54,
        "Operating Income": -167,
        "EBIT": 2,
        "Net Income": -211
    },
    "2013-10-31": {
        "Diluted EPS": 0.18,
        "Total Revenue": 141,
        "Gross Profit": 83,
        "Operating Income": 13,
        "EBIT": 27,
        "Net Income": 12
    },
    "2013-07-31": {
        "Diluted EPS": 0.28,
        "Total Revenue": 165,
        "Gross Profit": 101,
        "Operating Income": 24,
        "EBIT": 40,
        "Net Income": 19
    },
    "2013-04-30": {
        "Diluted EPS": 0.22,
        "Total Revenue": 162,
        "Gross Profit": 97,
        "Operating Income": 20,
        "EBIT": 34,
        "Net Income": 15
    },
    "2013-01-31": {
        "Diluted EPS": 0.19,
        "Total Revenue": 151,
        "Gross Profit": 88,
        "Operating Income": 12,
        "EBIT": 27,
        "Net Income": 13
    },
    "2012-10-31": {
        "Diluted EPS": 0.25,
        "Total Revenue": 161,
        "Gross Profit": 97,
        "Operating Income": 20,
        "EBIT": 33,
        "Net Income": 17
    },
    "2012-07-31": {
        "Diluted EPS": 0.15,
        "Total Revenue": 151,
        "Gross Profit": 75,
        "Operating Income": 3,
        "EBIT": 19,
        "Net Income": 10
    },
    "2012-04-30": {
        "Diluted EPS": 0.03,
        "Total Revenue": 117,
        "Gross Profit": 55,
        "Operating Income": -19,
        "EBIT": -12,
        "Net Income": 2
    },
    "2012-01-31": {
        "Diluted EPS": 0.18,
        "Total Revenue": 104,
        "Gross Profit": 60,
        "Operating Income": 12,
        "EBIT": 17,
        "Net Income": 12
    },
    "2011-10-31": {
        "Diluted EPS": 0.4,
        "Total Revenue": 124,
        "Gross Profit": 73,
        "Operating Income": 23,
        "EBIT": 31,
        "Net Income": 27
    },
    "2011-07-31": {
        "Diluted EPS": 0.4,
        "Total Revenue": 130,
        "Gross Profit": 79,
        "Operating Income": 32,
        "EBIT": 36,
        "Net Income": 27
    },
    "2011-04-30": {
        "Diluted EPS": 0.34,
        "Total Revenue": 122,
        "Gross Profit": 74,
        "Operating Income": 27,
        "EBIT": 31,
        "Net Income": 23
    },
    "2011-01-31": {
        "Diluted EPS": 0.39,
        "Total Revenue": 116,
        "Gross Profit": 70,
        "Operating Income": 26,
        "EBIT": 30,
        "Net Income": 26
    },
    "2010-10-31": {
        "Diluted EPS": 0.25,
        "Total Revenue": 123,
        "Gross Profit": 74,
        "Operating Income": 18,
        "EBIT": 22,
        "Net Income": 16
    },
    "2010-07-31": {
        "Diluted EPS": 0.31,
        "Total Revenue": 113,
        "Gross Profit": 67,
        "Operating Income": 23,
        "EBIT": 27,
        "Net Income": 20
    },
    "2010-04-30": {
        "Diluted EPS": 0.17,
        "Total Revenue": 102,
        "Gross Profit": 57,
        "Operating Income": 13,
        "EBIT": 17,
        "Net Income": 11
    },
    "2010-01-31": {
        "Diluted EPS": 0.16,
        "Total Revenue": 85,
        "Gross Profit": 46,
        "Operating Income": 5,
        "EBIT": 8,
        "Net Income": 9
    },
    "2009-10-31": {
        "Diluted EPS": -0.34,
        "Total Revenue": 75,
        "Gross Profit": 41,
        "Operating Income": 12,
        "EBIT": 14,
        "Net Income": -21
    },
    "2009-07-31": {
        "Diluted EPS": 0.12,
        "Total Revenue": 66,
        "Gross Profit": 36,
        "Operating Income": 9,
        "EBIT": 10,
        "Net Income": 7
    },
    "2009-04-30": {
        "Diluted EPS": 0.08,
        "Total Revenue": 60,
        "Gross Profit": 33,
        "Operating Income": 5,
        "EBIT": 7,
        "Net Income": 5
    },
    "2009-01-31": {
        "Diluted EPS": 0.1,
        "Total Revenue": 63,
        "Gross Profit": 33,
        "Operating Income": 7,
        "EBIT": 9,
        "Net Income": 6
    },
    "2023-07-31": {
        "Tax Effect Of Unusual Items": NaN,
        "Tax Rate For Calcs": NaN,
        "Normalized EBITDA": NaN,
        "Total Unusual Items": NaN,
        "Total Unusual Items Excluding Goodwill": NaN,
        "Net Income From Continuing Operation Net Minority Interest": NaN,
        "Reconciled Depreciation": NaN,
        "Reconciled Cost Of Revenue": NaN,
        "EBITDA": NaN,
        "EBIT": NaN,
        "Net Interest Income": NaN,
        "Interest Expense": NaN,
        "Interest Income": NaN,
        "Normalized Income": NaN,
        "Net Income From Continuing And Discontinued Operation": NaN,
        "Total Expenses": NaN,
        "Total Operating Income As Reported": NaN,
        "Diluted Average Shares": 64005000.0,
        "Basic Average Shares": 64005000.0,
        "Diluted EPS": -5.97,
        "Basic EPS": -5.97,
        "Diluted NI Availto Com Stockholders": NaN,
        "Net Income Common Stockholders": NaN,
        "Net Income": NaN,
        "Minority Interests": NaN,
        "Net Income Including Noncontrolling Interests": NaN,
        "Net Income Continuous Operations": NaN,
        "Earnings From Equity Interest Net Of Tax": NaN,
        "Tax Provision": NaN,
        "Pretax Income": NaN,
        "Other Income Expense": NaN,
        "Other Non Operating Income Expenses": NaN,
        "Special Income Charges": NaN,
        "Gain On Sale Of Business": 0.0,
        "Other Special Charges": NaN,
        "Write Off": NaN,
        "Impairment Of Capital Assets": 279555000.0,
        "Restructuring And Mergern Acquisition": NaN,
        "Gain On Sale Of Security": NaN,
        "Net Non Operating Interest Income Expense": NaN,
        "Total Other Finance Cost": 771000.0,
        "Interest Expense Non Operating": NaN,
        "Interest Income Non Operating": NaN,
        "Operating Income": NaN,
        "Operating Expense": NaN,
        "Depreciation Amortization Depletion Income Statement": NaN,
        "Depreciation And Amortization In Income Statement": NaN,
        "Amortization": NaN,
        "Amortization Of Intangibles Income Statement": NaN,
        "Research And Development": NaN,
        "Selling General And Administration": NaN,
        "General And Administrative Expense": 65024000.0,
        "Other Gand A": 55615000.0,
        "Salaries And Wages": 9409000.0,
        "Gross Profit": NaN,
        "Cost Of Revenue": NaN,
        "Total Revenue": NaN,
        "Operating Revenue": NaN
    },
    "2023-10-31": {
        "Tax Effect Of Unusual Items": -70432.0,
        "Tax Rate For Calcs": 0.008,
        "Normalized EBITDA": 20029000.0,
        "Total Unusual Items": -8804000.0,
        "Total Unusual Items Excluding Goodwill": -8804000.0,
        "Net Income From Continuing Operation Net Minority Interest": -38250000.0,
        "Reconciled Depreciation": 24211000.0,
        "Reconciled Cost Of Revenue": 88575000.0,
        "EBITDA": 11225000.0,
        "EBIT": -12986000.0,
        "Net Interest Income": -26829000.0,
        "Interest Expense": 25566000.0,
        "Interest Income": 574000.0,
        "Normalized Income": -29516432.0,
        "Net Income From Continuing And Discontinued Operation": -38250000.0,
        "Total Expenses": 207360000.0,
        "Total Operating Income As Reported": -12373000.0,
        "Diluted Average Shares": 64216000.0,
        "Basic Average Shares": 64216000.0,
        "Diluted EPS": -0.6,
        "Basic EPS": -0.6,
        "Diluted NI Availto Com Stockholders": -38250000.0,
        "Net Income Common Stockholders": -38250000.0,
        "Net Income": -38250000.0,
        "Minority Interests": 2000.0,
        "Net Income Including Noncontrolling Interests": -38252000.0,
        "Net Income Continuous Operations": -38252000.0,
        "Earnings From Equity Interest Net Of Tax": -11000.0,
        "Tax Provision": -311000.0,
        "Pretax Income": -38552000.0,
        "Other Income Expense": -5262000.0,
        "Other Non Operating Income Expenses": 3542000.0,
        "Special Income Charges": -11577000.0,
        "Gain On Sale Of Business": 0.0,
        "Other Special Charges": 3675000.0,
        "Write Off": 1990000.0,
        "Impairment Of Capital Assets": 2266000.0,
        "Restructuring And Mergern Acquisition": 3646000.0,
        "Gain On Sale Of Security": 2773000.0,
        "Net Non Operating Interest Income Expense": -26829000.0,
        "Total Other Finance Cost": 1837000.0,
        "Interest Expense Non Operating": 25566000.0,
        "Interest Income Non Operating": 574000.0,
        "Operating Income": -6461000.0,
        "Operating Expense": 99427000.0,
        "Depreciation Amortization Depletion Income Statement": 4853000.0,
        "Depreciation And Amortization In Income Statement": 4853000.0,
        "Amortization": 4853000.0,
        "Amortization Of Intangibles Income Statement": 4853000.0,
        "Research And Development": 46911000.0,
        "Selling General And Administration": 47663000.0,
        "General And Administrative Expense": NaN,
        "Other Gand A": NaN,
        "Salaries And Wages": NaN,
        "Gross Profit": 92966000.0,
        "Cost Of Revenue": 107933000.0,
        "Total Revenue": 200899000.0,
        "Operating Revenue": 200899000.0
    },
    "2024-01-31": {
        "Tax Effect Of Unusual Items": -2677804.644637,
        "Tax Rate For Calcs": 0.00518,
        "Normalized EBITDA": -95143000.0,
        "Total Unusual Items": -516970000.0,
        "Total Unusual Items Excluding Goodwill": -516970000.0,
        "Net Income From Continuing Operation Net Minority Interest": -642363000.0,
        "Reconciled Depreciation": 10394000.0,
        "Reconciled Cost Of Revenue": 183251000.0,
        "EBITDA": -612113000.0,
        "EBIT": -622507000.0,
        "Net Interest Income": -29362000.0,
        "Interest Expense": 23270000.0,
        "Interest Income": 734000.0,
        "Normalized Income": -128070804.644637,
        "Net Income From Continuing And Discontinued Operation": -642363000.0,
        "Total Expenses": 290348000.0,
        "Total Operating Income As Reported": -619960000.0,
        "Diluted Average Shares": NaN,
        "Basic Average Shares": NaN,
        "Diluted EPS": NaN,
        "Basic EPS": NaN,
        "Diluted NI Availto Com Stockholders": -642363000.0,
        "Net Income Common Stockholders": -642363000.0,
        "Net Income": -642363000.0,
        "Minority Interests": -6000.0,
        "Net Income Including Noncontrolling Interests": -642357000.0,
        "Net Income Continuous Operations": -642357000.0,
        "Earnings From Equity Interest Net Of Tax": 75000.0,
        "Tax Provision": -3345000.0,
        "Pretax Income": -645777000.0,
        "Other Income Expense": -519015000.0,
        "Other Non Operating Income Expenses": -2045000.0,
        "Special Income Charges": -519793000.0,
        "Gain On Sale Of Business": 0.0,
        "Other Special Charges": NaN,
        "Write Off": 1679000.0,
        "Impairment Of Capital Assets": 513393000.0,
        "Restructuring And Mergern Acquisition": 9167000.0,
        "Gain On Sale Of Security": 2823000.0,
        "Net Non Operating Interest Income Expense": -29362000.0,
        "Total Other Finance Cost": 6826000.0,
        "Interest Expense Non Operating": 23270000.0,
        "Interest Income Non Operating": 734000.0,
        "Operating Income": -97400000.0,
        "Operating Expense": 97010000.0,
        "Depreciation Amortization Depletion Income Statement": 307000.0,
        "Depreciation And Amortization In Income Statement": 307000.0,
        "Amortization": 307000.0,
        "Amortization Of Intangibles Income Statement": 307000.0,
        "Research And Development": 41505000.0,
        "Selling General And Administration": 55198000.0,
        "General And Administrative Expense": NaN,
        "Other Gand A": NaN,
        "Salaries And Wages": NaN,
        "Gross Profit": -390000.0,
        "Cost Of Revenue": 193338000.0,
        "Total Revenue": 192948000.0,
        "Operating Revenue": 192948000.0
    },
    "2024-04-30": {
        "Tax Effect Of Unusual Items": -85118.0,
        "Tax Rate For Calcs": 0.146,
        "Normalized EBITDA": 18289000.0,
        "Total Unusual Items": -583000.0,
        "Total Unusual Items Excluding Goodwill": -583000.0,
        "Net Income From Continuing Operation Net Minority Interest": -23159000.0,
        "Reconciled Depreciation": 11935000.0,
        "Reconciled Cost Of Revenue": 94885000.0,
        "EBITDA": 17706000.0,
        "EBIT": 5771000.0,
        "Net Interest Income": -25482000.0,
        "Interest Expense": 26024000.0,
        "Interest Income": 542000.0,
        "Normalized Income": -22661118.0,
        "Net Income From Continuing And Discontinued Operation": -23159000.0,
        "Total Expenses": 200693000.0,
        "Total Operating Income As Reported": 3143000.0,
        "Diluted Average Shares": 64509000.0,
        "Basic Average Shares": 64509000.0,
        "Diluted EPS": -0.36,
        "Basic EPS": -0.36,
        "Diluted NI Availto Com Stockholders": -23159000.0,
        "Net Income Common Stockholders": -23159000.0,
        "Net Income": -23159000.0,
        "Minority Interests": 0.0,
        "Net Income Including Noncontrolling Interests": -23159000.0,
        "Net Income Continuous Operations": -23159000.0,
        "Earnings From Equity Interest Net Of Tax": 50000.0,
        "Tax Provision": 2956000.0,
        "Pretax Income": -20253000.0,
        "Other Income Expense": -183000.0,
        "Other Non Operating Income Expenses": 400000.0,
        "Special Income Charges": -3378000.0,
        "Gain On Sale Of Business": NaN,
        "Other Special Charges": NaN,
        "Write Off": 1109000.0,
        "Impairment Of Capital Assets": NaN,
        "Restructuring And Mergern Acquisition": 2269000.0,
        "Gain On Sale Of Security": 2795000.0,
        "Net Non Operating Interest Income Expense": -25482000.0,
        "Total Other Finance Cost": NaN,
        "Interest Expense Non Operating": 26024000.0,
        "Interest Income Non Operating": 542000.0,
        "Operating Income": 5412000.0,
        "Operating Expense": 94180000.0,
        "Depreciation Amortization Depletion Income Statement": 307000.0,
        "Depreciation And Amortization In Income Statement": 307000.0,
        "Amortization": 307000.0,
        "Amortization Of Intangibles Income Statement": 307000.0,
        "Research And Development": 41604000.0,
        "Selling General And Administration": 52269000.0,
        "General And Administrative Expense": NaN,
        "Other Gand A": NaN,
        "Salaries And Wages": NaN,
        "Gross Profit": 99592000.0,
        "Cost Of Revenue": 106513000.0,
        "Total Revenue": 206105000.0,
        "Operating Revenue": 206105000.0
    },
    "2024-07-31": {
        "Tax Effect Of Unusual Items": -30120090.0,
        "Tax Rate For Calcs": 0.21,
        "Normalized EBITDA": 17555000.0,
        "Total Unusual Items": -143429000.0,
        "Total Unusual Items Excluding Goodwill": -143429000.0,
        "Net Income From Continuing Operation Net Minority Interest": -170295000.0,
        "Reconciled Depreciation": 14325000.0,
        "Reconciled Cost Of Revenue": 95848000.0,
        "EBITDA": -125874000.0,
        "EBIT": -140199000.0,
        "Net Interest Income": -30945000.0,
        "Interest Expense": 25881000.0,
        "Interest Income": 433000.0,
        "Normalized Income": -56986090.0,
        "Net Income From Continuing And Discontinued Operation": -170295000.0,
        "Total Expenses": 206046000.0,
        "Total Operating Income As Reported": 7768000.0,
        "Diluted Average Shares": 65281000.0,
        "Basic Average Shares": 65281000.0,
        "Diluted EPS": -2.61,
        "Basic EPS": -2.61,
        "Diluted NI Availto Com Stockholders": -170295000.0,
        "Net Income Common Stockholders": -170295000.0,
        "Net Income": -170295000.0,
        "Minority Interests": 0.0,
        "Net Income Including Noncontrolling Interests": -170295000.0,
        "Net Income Continuous Operations": -170295000.0,
        "Earnings From Equity Interest Net Of Tax": 0.0,
        "Tax Provision": 4215000.0,
        "Pretax Income": -166080000.0,
        "Other Income Expense": -144444000.0,
        "Other Non Operating Income Expenses": -1015000.0,
        "Special Income Charges": -146229000.0,
        "Gain On Sale Of Business": NaN,
        "Other Special Charges": 144688000.0,
        "Write Off": 0.0,
        "Impairment Of Capital Assets": 0.0,
        "Restructuring And Mergern Acquisition": 1541000.0,
        "Gain On Sale Of Security": 2800000.0,
        "Net Non Operating Interest Income Expense": -30945000.0,
        "Total Other Finance Cost": 5497000.0,
        "Interest Expense Non Operating": 25881000.0,
        "Interest Income Non Operating": 433000.0,
        "Operating Income": 9309000.0,
        "Operating Expense": 96155000.0,
        "Depreciation Amortization Depletion Income Statement": 282000.0,
        "Depreciation And Amortization In Income Statement": 282000.0,
        "Amortization": 282000.0,
        "Amortization Of Intangibles Income Statement": 282000.0,
        "Research And Development": 40084000.0,
        "Selling General And Administration": 55789000.0,
        "General And Administrative Expense": NaN,
        "Other Gand A": NaN,
        "Salaries And Wages": NaN,
        "Gross Profit": 105464000.0,
        "Cost Of Revenue": 109891000.0,
        "Total Revenue": 215355000.0,
        "Operating Revenue": 215355000.0
    },
    "2024-10-31": {
        "Tax Effect Of Unusual Items": 394170.0,
        "Tax Rate For Calcs": 0.21,
        "Normalized EBITDA": 27372000.0,
        "Total Unusual Items": 1877000.0,
        "Total Unusual Items Excluding Goodwill": 1877000.0,
        "Net Income From Continuing Operation Net Minority Interest": -7586000.0,
        "Reconciled Depreciation": 11493000.0,
        "Reconciled Cost Of Revenue": 104512000.0,
        "EBITDA": 29249000.0,
        "EBIT": 17756000.0,
        "Net Interest Income": -22852000.0,
        "Interest Expense": 21323000.0,
        "Interest Income": 527000.0,
        "Normalized Income": -9068830.0,
        "Net Income From Continuing And Discontinued Operation": -7586000.0,
        "Total Expenses": 218345000.0,
        "Total Operating Income As Reported": 17785000.0,
        "Diluted Average Shares": 75319000.0,
        "Basic Average Shares": 75319000.0,
        "Diluted EPS": -0.1,
        "Basic EPS": -0.1,
        "Diluted NI Availto Com Stockholders": -7586000.0,
        "Net Income Common Stockholders": -7586000.0,
        "Net Income": -7586000.0,
        "Minority Interests": 0.0,
        "Net Income Including Noncontrolling Interests": -7586000.0,
        "Net Income Continuous Operations": -7586000.0,
        "Earnings From Equity Interest Net Of Tax": -12000.0,
        "Tax Provision": 4007000.0,
        "Pretax Income": -3567000.0,
        "Other Income Expense": 805000.0,
        "Other Non Operating Income Expenses": -1072000.0,
        "Special Income Charges": -695000.0,
        "Gain On Sale Of Business": NaN,
        "Other Special Charges": NaN,
        "Write Off": 0.0,
        "Impairment Of Capital Assets": 0.0,
        "Restructuring And Mergern Acquisition": 695000.0,
        "Gain On Sale Of Security": 2572000.0,
        "Net Non Operating Interest Income Expense": -22852000.0,
        "Total Other Finance Cost": 2056000.0,
        "Interest Expense Non Operating": 21323000.0,
        "Interest Income Non Operating": 527000.0,
        "Operating Income": 18480000.0,
        "Operating Expense": 102488000.0,
        "Depreciation Amortization Depletion Income Statement": 148000.0,
        "Depreciation And Amortization In Income Statement": 148000.0,
        "Amortization": 148000.0,
        "Amortization Of Intangibles Income Statement": 148000.0,
        "Research And Development": 42563000.0,
        "Selling General And Administration": 59777000.0,
        "General And Administrative Expense": NaN,
        "Other Gand A": NaN,
        "Salaries And Wages": NaN,
        "Gross Profit": 120968000.0,
        "Cost Of Revenue": 115857000.0,
        "Total Revenue": 236825000.0,
        "Operating Revenue": 236825000.0
    }
}