{
    "2023-06-30": {
        "Tax Effect Of Unusual Items": 0.0,
        "Tax Rate For Calcs": 0.21,
        "Normalized EBITDA": -320184000.0,
        "Net Income From Continuing Operation Net Minority Interest": -377308000.0,
        "Reconciled Depreciation": 39688000.0,
        "Reconciled Cost Of Revenue": 496874000.0,
        "EBITDA": -320184000.0,
        "EBIT": -359872000.0,
        "Net Interest Income": 37801000.0,
        "Interest Expense": 5343000.0,
        "Interest Income": 43144000.0,
        "Normalized Income": -377308000.0,
        "Net Income From Continuing And Discontinued Operation": -377308000.0,
        "Total Expenses": 1472008000.0,
        "Total Operating Income As Reported": -404339000.0,
        "Diluted Average Shares": 1603172000.0,
        "Basic Average Shares": 1603172000.0,
        "Diluted EPS": -0.24,
        "Basic EPS": -0.24,
        "Diluted NI Availto Com Stockholders": -377308000.0,
        "Net Income Common Stockholders": -377308000.0,
        "Net Income": -377308000.0,
        "Net Income Including Noncontrolling Interests": -377308000.0,
        "Net Income Continuous Operations": -377308000.0,
        "Tax Provision": 12093000.0,
        "Pretax Income": -365215000.0,
        "Other Income Expense": 1323000.0,
        "Other Non Operating Income Expenses": 1323000.0,
        "Net Non Operating Interest Income Expense": 37801000.0,
        "Interest Expense Non Operating": 5343000.0,
        "Interest Income Non Operating": 43144000.0,
        "Operating Income": -404339000.0,
        "Operating Expense": 975134000.0,
        "Research And Development": 477663000.0,
        "Selling General And Administration": 497471000.0,
        "Selling And Marketing Expense": 280597000.0,
        "General And Administrative Expense": 216874000.0,
        "Other Gand A": 216874000.0,
        "Gross Profit": 570795000.0,
        "Cost Of Revenue": 496874000.0,
        "Total Revenue": 1067669000.0,
        "Operating Revenue": 1067669000.0
    },
    "2023-03-31": {
        "Tax Effect Of Unusual Items": 0.0,
        "Tax Rate For Calcs": 0.21,
        "Normalized EBITDA": -280724000.0,
        "Net Income From Continuing Operation Net Minority Interest": -328674000.0,
        "Reconciled Depreciation": 35220000.0,
        "Reconciled Cost Of Revenue": 439986000.0,
        "EBITDA": -280724000.0,
        "EBIT": -315944000.0,
        "Net Interest Income": 32063000.0,
        "Interest Expense": 5885000.0,
        "Interest Income": 37948000.0,
        "Normalized Income": -328674000.0,
        "Net Income From Continuing And Discontinued Operation": -328674000.0,
        "Total Expenses": 1353872000.0,
        "Total Operating Income As Reported": -365264000.0,
        "Diluted Average Shares": 1581370000.0,
        "Basic Average Shares": 1581370000.0,
        "Diluted EPS": -0.21,
        "Basic EPS": -0.21,
        "Diluted NI Availto Com Stockholders": -328674000.0,
        "Net Income Common Stockholders": -328674000.0,
        "Net Income": -328674000.0,
        "Net Income Including Noncontrolling Interests": -328674000.0,
        "Net Income Continuous Operations": -328674000.0,
        "Tax Provision": 6845000.0,
        "Pretax Income": -321829000.0,
        "Other Income Expense": 11372000.0,
        "Other Non Operating Income Expenses": 11372000.0,
        "Net Non Operating Interest Income Expense": 32063000.0,
        "Interest Expense Non Operating": 5885000.0,
        "Interest Income Non Operating": 37948000.0,
        "Operating Income": -365264000.0,
        "Operating Expense": 913886000.0,
        "Research And Development": 455112000.0,
        "Selling General And Administration": 458774000.0,
        "Selling And Marketing Expense": 268433000.0,
        "General And Administrative Expense": 190341000.0,
        "Other Gand A": 190341000.0,
        "Gross Profit": 548622000.0,
        "Cost Of Revenue": 439986000.0,
        "Total Revenue": 988608000.0,
        "Operating Revenue": 988608000.0
    },
    "2022-12-31": {
        "Tax Effect Of Unusual Items": 0.0,
        "Tax Rate For Calcs": 0.21,
        "Normalized EBITDA": -230451000.0,
        "Net Income From Continuing Operation Net Minority Interest": -288460000.0,
        "Reconciled Depreciation": 48491000.0,
        "Reconciled Cost Of Revenue": 481311000.0,
        "EBITDA": -230451000.0,
        "EBIT": -278942000.0,
        "Net Interest Income": 23386000.0,
        "Interest Expense": 5312000.0,
        "Interest Income": 28698000.0,
        "Normalized Income": -288460000.0,
        "Net Income From Continuing And Discontinued Operation": -288460000.0,
        "Total Expenses": 1587332000.0,
        "Total Operating Income As Reported": -287597000.0,
        "Diluted Average Shares": 1573561000.0,
        "Basic Average Shares": 1573561000.0,
        "Diluted EPS": -0.18,
        "Basic EPS": -0.18,
        "Diluted NI Availto Com Stockholders": -288460000.0,
        "Net Income Common Stockholders": -288460000.0,
        "Net Income": -288460000.0,
        "Net Income Including Noncontrolling Interests": -288460000.0,
        "Net Income Continuous Operations": -288460000.0,
        "Tax Provision": 4206000.0,
        "Pretax Income": -284254000.0,
        "Other Income Expense": -20043000.0,
        "Other Non Operating Income Expenses": -20043000.0,
        "Net Non Operating Interest Income Expense": 23386000.0,
        "Interest Expense Non Operating": 5312000.0,
        "Interest Income Non Operating": 28698000.0,
        "Operating Income": -287597000.0,
        "Operating Expense": 1106021000.0,
        "Research And Development": 584942000.0,
        "Selling General And Administration": 521079000.0,
        "Selling And Marketing Expense": 295150000.0,
        "General And Administrative Expense": 225929000.0,
        "Other Gand A": 225929000.0,
        "Gross Profit": 818424000.0,
        "Cost Of Revenue": 481311000.0,
        "Total Revenue": 1299735000.0,
        "Operating Revenue": 1299735000.0
    },
    "2022-09-30": {
        "Tax Effect Of Unusual Items": 0.0,
        "Tax Rate For Calcs": 0.21,
        "Normalized EBITDA": -308545000.0,
        "Net Income From Continuing Operation Net Minority Interest": -359502000.0,
        "Reconciled Depreciation": 36291000.0,
        "Reconciled Cost Of Revenue": 466757000.0,
        "EBITDA": -308545000.0,
        "EBIT": -344836000.0,
        "Net Interest Income": 13020000.0,
        "Interest Expense": 5425000.0,
        "Interest Income": 18445000.0,
        "Normalized Income": -359502000.0,
        "Net Income From Continuing And Discontinued Operation": -359502000.0,
        "Total Expenses": 1563718000.0,
        "Total Operating Income As Reported": -435242000.0,
        "Diluted Average Shares": 1608523000.0,
        "Basic Average Shares": 1608523000.0,
        "Diluted EPS": -0.22,
        "Basic EPS": -0.22,
        "Diluted NI Availto Com Stockholders": -359502000.0,
        "Net Income Common Stockholders": -359502000.0,
        "Net Income": -359502000.0,
        "Net Income Including Noncontrolling Interests": -359502000.0,
        "Net Income Continuous Operations": -359502000.0,
        "Tax Provision": 9241000.0,
        "Pretax Income": -350261000.0,
        "Other Income Expense": 71961000.0,
        "Other Non Operating Income Expenses": 71961000.0,
        "Net Non Operating Interest Income Expense": 13020000.0,
        "Interest Expense Non Operating": 5425000.0,
        "Interest Income Non Operating": 18445000.0,
        "Operating Income": -435242000.0,
        "Operating Expense": 1096961000.0,
        "Research And Development": 564258000.0,
        "Selling General And Administration": 532703000.0,
        "Selling And Marketing Expense": 270336000.0,
        "General And Administrative Expense": 262367000.0,
        "Other Gand A": 262367000.0,
        "Gross Profit": 661719000.0,
        "Cost Of Revenue": 466757000.0,
        "Total Revenue": 1128476000.0,
        "Operating Revenue": 1128476000.0
    },
    "2022-06-30": {
        "Tax Effect Of Unusual Items": 0.0,
        "Tax Rate For Calcs": 0.4,
        "Normalized EBITDA": -330228000.0,
        "Net Income From Continuing Operation Net Minority Interest": -422067000.0,
        "Reconciled Depreciation": 79291000.0,
        "Reconciled Cost Of Revenue": 446377000.0,
        "EBITDA": -330228000.0,
        "EBIT": -409519000.0,
        "Net Interest Income": 2782000.0,
        "Interest Expense": 5549000.0,
        "Interest Income": 8331000.0,
        "Normalized Income": -422067000.0,
        "Net Income From Continuing And Discontinued Operation": -422067000.0,
        "Total Expenses": 1511849000.0,
        "Total Operating Income As Reported": -400940000.0,
        "Diluted Average Shares": 1632140000.0,
        "Basic Average Shares": 1632140000.0,
        "Diluted EPS": -0.26,
        "Basic EPS": -0.26,
        "Diluted NI Availto Com Stockholders": -422067000.0,
        "Net Income Common Stockholders": -422067000.0,
        "Net Income": -422067000.0,
        "Net Income Including Noncontrolling Interests": -422067000.0,
        "Net Income Continuous Operations": -422067000.0,
        "Tax Provision": 6999000.0,
        "Pretax Income": -415068000.0,
        "Other Income Expense": -16910000.0,
        "Other Non Operating Income Expenses": -16910000.0,
        "Net Non Operating Interest Income Expense": 2782000.0,
        "Interest Expense Non Operating": 5549000.0,
        "Interest Income Non Operating": 8331000.0,
        "Operating Income": -400940000.0,
        "Operating Expense": 1065472000.0,
        "Research And Development": 505037000.0,
        "Selling General And Administration": 560435000.0,
        "Selling And Marketing Expense": 311374000.0,
        "General And Administrative Expense": 249061000.0,
        "Other Gand A": 249061000.0,
        "Gross Profit": 664532000.0,
        "Cost Of Revenue": 446377000.0,
        "Total Revenue": 1110909000.0,
        "Operating Revenue": 1110909000.0
    },
    "2022-03-31": {
        "Diluted EPS": -0.22,
        "Total Revenue": NaN,
        "Gross Profit": 642,
        "Operating Income": -272,
        "EBIT": -232,
        "Net Income": -360
    },
    "2021-12-31": {
        "Diluted EPS": 0.03,
        "Total Revenue": NaN,
        "Gross Profit": 849,
        "Operating Income": -25,
        "EBIT": 11,
        "Net Income": 23
    },
    "2021-09-30": {
        "Diluted EPS": -0.05,
        "Total Revenue": NaN,
        "Gross Profit": 624,
        "Operating Income": -181,
        "EBIT": -147,
        "Net Income": -72
    },
    "2021-06-30": {
        "Diluted EPS": -0.1,
        "Total Revenue": 982,
        "Gross Profit": 537,
        "Operating Income": -193,
        "EBIT": -163,
        "Net Income": -152
    },
    "2021-03-31": {
        "Diluted EPS": -0.19,
        "Total Revenue": 770,
        "Gross Profit": 357,
        "Operating Income": -304,
        "EBIT": -279,
        "Net Income": -287
    },
    "2020-12-31": {
        "Diluted EPS": -0.07,
        "Total Revenue": 911,
        "Gross Profit": 526,
        "Operating Income": -97,
        "EBIT": -50,
        "Net Income": -113
    },
    "2020-09-30": {
        "Diluted EPS": -0.14,
        "Total Revenue": 679,
        "Gross Profit": 386,
        "Operating Income": -168,
        "EBIT": -122,
        "Net Income": -200
    },
    "2020-06-30": {
        "Diluted EPS": -0.23,
        "Total Revenue": 454,
        "Gross Profit": 204,
        "Operating Income": -311,
        "EBIT": -269,
        "Net Income": -326
    },
    "2020-03-31": {
        "Diluted EPS": -0.21,
        "Total Revenue": 462,
        "Gross Profit": 209,
        "Operating Income": -286,
        "EBIT": -254,
        "Net Income": -306
    },
    "2019-12-31": {
        "Diluted EPS": -0.17,
        "Total Revenue": 561,
        "Gross Profit": 307,
        "Operating Income": -254,
        "EBIT": -222,
        "Net Income": -241
    },
    "2019-09-30": {
        "Diluted EPS": -0.16,
        "Total Revenue": 446,
        "Gross Profit": 223,
        "Operating Income": -229,
        "EBIT": -202,
        "Net Income": -227
    },
    "2019-06-30": {
        "Diluted EPS": -0.19,
        "Total Revenue": 388,
        "Gross Profit": 173,
        "Operating Income": -305,
        "EBIT": -282,
        "Net Income": -255
    },
    "2019-03-31": {
        "Diluted EPS": -0.23,
        "Total Revenue": 320,
        "Gross Profit": 117,
        "Operating Income": -316,
        "EBIT": -293,
        "Net Income": -310
    },
    "2018-12-31": {
        "Diluted EPS": -0.15,
        "Total Revenue": 390,
        "Gross Profit": 177,
        "Operating Income": -195,
        "EBIT": -172,
        "Net Income": -192
    },
    "2018-09-30": {
        "Diluted EPS": -0.25,
        "Total Revenue": 298,
        "Gross Profit": 100,
        "Operating Income": -323,
        "EBIT": -298,
        "Net Income": -325
    },
    "2018-06-30": {
        "Diluted EPS": -0.27,
        "Total Revenue": 262,
        "Gross Profit": 71,
        "Operating Income": -358,
        "EBIT": -335,
        "Net Income": -353
    },
    "2018-03-31": {
        "Diluted EPS": -0.3,
        "Total Revenue": 231,
        "Gross Profit": 34,
        "Operating Income": -393,
        "EBIT": -371,
        "Net Income": -386
    },
    "2017-12-31": {
        "Diluted EPS": 0.08,
        "Total Revenue": 286,
        "Gross Profit": 94,
        "Operating Income": -361,
        "EBIT": -342,
        "Net Income": -350
    },
    "2017-09-30": {
        "Diluted EPS": -0.36,
        "Total Revenue": 208,
        "Gross Profit": -3,
        "Operating Income": -462,
        "EBIT": -444,
        "Net Income": -443
    },
    "2017-06-30": {
        "Diluted EPS": -0.36,
        "Total Revenue": 182,
        "Gross Profit": 30,
        "Operating Income": -449,
        "EBIT": -436,
        "Net Income": -443
    },
    "2017-03-31": {
        "Diluted EPS": -2.31,
        "Total Revenue": 150,
        "Gross Profit": -14,
        "Operating Income": NaN,
        "EBIT": NaN,
        "Net Income": NaN
    },
    "2016-12-31": {
        "Diluted EPS": -0.21,
        "Total Revenue": 166,
        "Gross Profit": 12,
        "Operating Income": -170,
        "EBIT": -159,
        "Net Income": -170
    },
    "2016-09-30": {
        "Diluted EPS": -0.15,
        "Total Revenue": 128,
        "Gross Profit": 0,
        "Operating Income": -131,
        "EBIT": -124,
        "Net Income": -124
    },
    "2016-06-30": {
        "Diluted EPS": -0.14,
        "Total Revenue": 72,
        "Gross Profit": -23,
        "Operating Income": -116,
        "EBIT": -110,
        "Net Income": -116
    },
    "2016-03-31": {
        "Diluted EPS": -0.14,
        "Total Revenue": 39,
        "Gross Profit": -37,
        "Operating Income": -104,
        "EBIT": -99,
        "Net Income": -105
    },
    "2015-12-31": {
        "Diluted EPS": 0.0,
        "Total Revenue": NaN,
        "Gross Profit": NaN,
        "Operating Income": NaN,
        "EBIT": NaN,
        "Net Income": NaN
    },
    "2023-09-30": {
        "Tax Effect Of Unusual Items": 0.0,
        "Tax Rate For Calcs": 0.21,
        "Normalized EBITDA": -315677000.0,
        "Net Income From Continuing Operation Net Minority Interest": -368256000.0,
        "Reconciled Depreciation": 41209000.0,
        "Reconciled Cost Of Revenue": 555753000.0,
        "EBITDA": -315677000.0,
        "EBIT": -356886000.0,
        "Net Interest Income": 38318000.0,
        "Interest Expense": 5521000.0,
        "Interest Income": 43839000.0,
        "Normalized Income": -368256000.0,
        "Net Income From Continuing And Discontinued Operation": -368256000.0,
        "Total Expenses": 1568614000.0,
        "Total Operating Income As Reported": -380063000.0,
        "Diluted Average Shares": 1625917000.0,
        "Basic Average Shares": 1625917000.0,
        "Diluted EPS": -0.23,
        "Basic EPS": -0.23,
        "Diluted NI Availto Com Stockholders": -368256000.0,
        "Net Income Common Stockholders": -368256000.0,
        "Net Income": -368256000.0,
        "Net Income Including Noncontrolling Interests": -368256000.0,
        "Net Income Continuous Operations": -368256000.0,
        "Tax Provision": 5849000.0,
        "Pretax Income": -362407000.0,
        "Other Income Expense": -20662000.0,
        "Other Non Operating Income Expenses": -20662000.0,
        "Net Non Operating Interest Income Expense": 38318000.0,
        "Interest Expense Non Operating": 5521000.0,
        "Interest Income Non Operating": 43839000.0,
        "Operating Income": -380063000.0,
        "Operating Expense": 1012861000.0,
        "Research And Development": 494559000.0,
        "Selling General And Administration": 518302000.0,
        "Selling And Marketing Expense": 297251000.0,
        "General And Administrative Expense": 221051000.0,
        "Other Gand A": 221051000.0,
        "Gross Profit": 632798000.0,
        "Cost Of Revenue": 555753000.0,
        "Total Revenue": 1188551000.0,
        "Operating Revenue": 1188551000.0
    }
}