{
    "2023-03-31": {
        "Tax Effect Of Unusual Items": 0.0,
        "Tax Rate For Calcs": 0.0,
        "Normalized EBITDA": -9585000.0,
        "Total Unusual Items": -7920000.0,
        "Total Unusual Items Excluding Goodwill": -7920000.0,
        "Net Income From Continuing Operation Net Minority Interest": -24628000.0,
        "Reconciled Depreciation": 213000.0,
        "Reconciled Cost Of Revenue": 11110000.0,
        "EBIT": -17718000.0,
        "Net Interest Income": 930000.0,
        "Interest Income": 930000.0,
        "Normalized Income": -16708000.0,
        "Net Income From Continuing And Discontinued Operation": -24628000.0,
        "Total Expenses": 31804000.0,
        "Total Operating Income As Reported": -25748000.0,
        "Diluted Average Shares": 116451000.0,
        "Basic Average Shares": 116451000.0,
        "Diluted EPS": -0.21,
        "Basic EPS": -0.21,
        "Diluted NI Availto Com Stockholders": -24628000.0,
        "Net Income Common Stockholders": -24628000.0,
        "Net Income": -24628000.0,
        "Net Income Including Noncontrolling Interests": -24628000.0,
        "Net Income Continuous Operations": -24628000.0,
        "Tax Provision": 0.0,
        "Pretax Income": -24628000.0,
        "Other Income Expense": -7840000.0,
        "Other Non Operating Income Expenses": 80000.0,
        "Special Income Charges": -7920000.0,
        "Write Off": NaN,
        "Impairment Of Capital Assets": 7801000.0,
        "Restructuring And Mergern Acquisition": 119000.0,
        "Net Non Operating Interest Income Expense": 930000.0,
        "Interest Income Non Operating": 930000.0,
        "Operating Income": -17718000.0,
        "Operating Expense": 20694000.0,
        "Depreciation Amortization Depletion Income Statement": 213000.0,
        "Depreciation And Amortization In Income Statement": 213000.0,
        "Selling General And Administration": 20481000.0,
        "Gross Profit": 2976000.0,
        "Cost Of Revenue": 11110000.0,
        "Total Revenue": 14086000.0,
        "Operating Revenue": 14086000.0
    },
    "2022-12-31": {
        "Tax Effect Of Unusual Items": -60213.724872,
        "Tax Rate For Calcs": 0.001321,
        "Normalized EBITDA": 28788000.0,
        "Total Unusual Items": -45577000.0,
        "Total Unusual Items Excluding Goodwill": -45577000.0,
        "Net Income From Continuing Operation Net Minority Interest": -66521000.0,
        "Reconciled Depreciation": 5373000.0,
        "Reconciled Cost Of Revenue": 12293000.0,
        "EBIT": -22162000.0,
        "Net Interest Income": 948000.0,
        "Interest Income": 948000.0,
        "Normalized Income": -21004213.724872,
        "Net Income From Continuing And Discontinued Operation": -66521000.0,
        "Total Expenses": 38098000.0,
        "Total Operating Income As Reported": -68869000.0,
        "Diluted Average Shares": 116432029.0,
        "Basic Average Shares": 116432029.0,
        "Diluted EPS": -0.57,
        "Basic EPS": -0.57,
        "Diluted NI Availto Com Stockholders": -66521000.0,
        "Net Income Common Stockholders": -66521000.0,
        "Net Income": -66521000.0,
        "Net Income Including Noncontrolling Interests": -66521000.0,
        "Net Income Continuous Operations": -66521000.0,
        "Tax Provision": -88000.0,
        "Pretax Income": -66609000.0,
        "Other Income Expense": -45395000.0,
        "Other Non Operating Income Expenses": 182000.0,
        "Special Income Charges": -45577000.0,
        "Write Off": 44079000.0,
        "Impairment Of Capital Assets": 44079000.0,
        "Restructuring And Mergern Acquisition": 1498000.0,
        "Net Non Operating Interest Income Expense": 948000.0,
        "Interest Income Non Operating": 948000.0,
        "Operating Income": -22162000.0,
        "Operating Expense": 25805000.0,
        "Depreciation Amortization Depletion Income Statement": 5373000.0,
        "Depreciation And Amortization In Income Statement": 5373000.0,
        "Selling General And Administration": 20432000.0,
        "Gross Profit": 3643000.0,
        "Cost Of Revenue": 12293000.0,
        "Total Revenue": 15936000.0,
        "Operating Revenue": 15936000.0
    },
    "2022-09-30": {
        "Tax Effect Of Unusual Items": 0.0,
        "Tax Rate For Calcs": 0.0,
        "Normalized EBITDA": -21593000.0,
        "Total Unusual Items": 1200000.0,
        "Total Unusual Items Excluding Goodwill": 1200000.0,
        "Net Income From Continuing Operation Net Minority Interest": -23528000.0,
        "Reconciled Depreciation": 4870000.0,
        "Reconciled Cost Of Revenue": 12157000.0,
        "EBIT": -25263000.0,
        "Net Interest Income": 559000.0,
        "Interest Income": 559000.0,
        "Normalized Income": -24728000.0,
        "Net Income From Continuing And Discontinued Operation": -23528000.0,
        "Total Expenses": 41512000.0,
        "Total Operating Income As Reported": -25263000.0,
        "Diluted Average Shares": 116412000.0,
        "Basic Average Shares": 116412000.0,
        "Diluted EPS": -0.2,
        "Basic EPS": -0.2,
        "Diluted NI Availto Com Stockholders": -23528000.0,
        "Net Income Common Stockholders": -23528000.0,
        "Net Income": -23528000.0,
        "Net Income Including Noncontrolling Interests": -23528000.0,
        "Net Income Continuous Operations": -23528000.0,
        "Tax Provision": 0.0,
        "Pretax Income": -23528000.0,
        "Other Income Expense": 1176000.0,
        "Other Non Operating Income Expenses": -24000.0,
        "Special Income Charges": 1200000.0,
        "Write Off": NaN,
        "Impairment Of Capital Assets": NaN,
        "Restructuring And Mergern Acquisition": -1200000.0,
        "Net Non Operating Interest Income Expense": 559000.0,
        "Interest Income Non Operating": 559000.0,
        "Operating Income": -25263000.0,
        "Operating Expense": 29355000.0,
        "Depreciation Amortization Depletion Income Statement": 4870000.0,
        "Depreciation And Amortization In Income Statement": 4870000.0,
        "Selling General And Administration": 24485000.0,
        "Gross Profit": 4092000.0,
        "Cost Of Revenue": 12157000.0,
        "Total Revenue": 16249000.0,
        "Operating Revenue": 16249000.0
    },
    "2022-06-30": {
        "Tax Effect Of Unusual Items": 0.0,
        "Tax Rate For Calcs": 0.0,
        "Normalized EBITDA": -43650000.0,
        "Total Unusual Items": 20900000.0,
        "Total Unusual Items Excluding Goodwill": 20900000.0,
        "Net Income From Continuing Operation Net Minority Interest": -5833000.0,
        "Reconciled Depreciation": 4230000.0,
        "Reconciled Cost Of Revenue": 13842000.0,
        "EBIT": -26980000.0,
        "Net Interest Income": 95000.0,
        "Interest Income": 95000.0,
        "Normalized Income": -26733000.0,
        "Net Income From Continuing And Discontinued Operation": -5833000.0,
        "Total Expenses": 46255000.0,
        "Total Operating Income As Reported": -26980000.0,
        "Diluted Average Shares": 115995000.0,
        "Basic Average Shares": 115995000.0,
        "Diluted EPS": -0.05,
        "Basic EPS": -0.05,
        "Diluted NI Availto Com Stockholders": -5833000.0,
        "Net Income Common Stockholders": -5833000.0,
        "Net Income": -5833000.0,
        "Net Income Including Noncontrolling Interests": -5833000.0,
        "Net Income Continuous Operations": -5833000.0,
        "Tax Provision": 0.0,
        "Pretax Income": -5833000.0,
        "Other Income Expense": 21052000.0,
        "Other Non Operating Income Expenses": 152000.0,
        "Special Income Charges": 20900000.0,
        "Write Off": NaN,
        "Impairment Of Capital Assets": NaN,
        "Restructuring And Mergern Acquisition": -20900000.0,
        "Net Non Operating Interest Income Expense": 95000.0,
        "Interest Income Non Operating": 95000.0,
        "Operating Income": -26980000.0,
        "Operating Expense": 32413000.0,
        "Depreciation Amortization Depletion Income Statement": 4230000.0,
        "Depreciation And Amortization In Income Statement": 4230000.0,
        "Selling General And Administration": 28183000.0,
        "Gross Profit": 5433000.0,
        "Cost Of Revenue": 13842000.0,
        "Total Revenue": 19275000.0,
        "Operating Revenue": 19275000.0
    },
    "2022-03-31": {
        "Diluted EPS": 0.35,
        "Total Revenue": 19,
        "Gross Profit": 3,
        "Operating Income": -31,
        "EBIT": -27,
        "Net Income": 45
    },
    "2021-12-31": {
        "Diluted EPS": 1.24,
        "Total Revenue": 20,
        "Gross Profit": 4,
        "Operating Income": -34,
        "EBIT": -31,
        "Net Income": -65
    },
    "2021-09-30": {
        "Diluted EPS": -1.78,
        "Total Revenue": 14,
        "Gross Profit": 4,
        "Operating Income": -15,
        "EBIT": -13,
        "Net Income": -15
    },
    "2021-06-30": {
        "Diluted EPS": -1.07,
        "Total Revenue": 13,
        "Gross Profit": 5,
        "Operating Income": -8,
        "EBIT": -6,
        "Net Income": -8
    },
    "2021-03-31": {
        "Diluted EPS": -1.28,
        "Total Revenue": 12,
        "Gross Profit": 4,
        "Operating Income": -7,
        "EBIT": -5,
        "Net Income": -7
    },
    "2020-12-31": {
        "Diluted EPS": -0.04,
        "Total Revenue": NaN,
        "Gross Profit": NaN,
        "Operating Income": 0,
        "EBIT": 0,
        "Net Income": 0
    },
    "2020-09-30": {
        "Diluted EPS": 0.0,
        "Total Revenue": NaN,
        "Gross Profit": NaN,
        "Operating Income": 0,
        "EBIT": 0,
        "Net Income": 0
    },
    "2020-06-30": {
        "Diluted EPS": 0.0,
        "Total Revenue": NaN,
        "Gross Profit": NaN,
        "Operating Income": NaN,
        "EBIT": NaN,
        "Net Income": NaN
    },
    "2020-03-31": {
        "Diluted EPS": -0.1,
        "Total Revenue": NaN,
        "Gross Profit": NaN,
        "Operating Income": 0,
        "EBIT": 0,
        "Net Income": 0
    },
    "2023-06-30": {
        "Tax Effect Of Unusual Items": 0.0,
        "Tax Rate For Calcs": 0.0,
        "Normalized EBITDA": -2153000.0,
        "Total Unusual Items": -9052000.0,
        "Total Unusual Items Excluding Goodwill": -9052000.0,
        "Net Income From Continuing Operation Net Minority Interest": -19579000.0,
        "Reconciled Depreciation": 144000.0,
        "Reconciled Cost Of Revenue": 9963000.0,
        "EBIT": -11349000.0,
        "Net Interest Income": 813000.0,
        "Interest Income": 813000.0,
        "Normalized Income": -10527000.0,
        "Net Income From Continuing And Discontinued Operation": -19579000.0,
        "Total Expenses": 26700000.0,
        "Total Operating Income As Reported": -20401000.0,
        "Diluted Average Shares": 116919000.0,
        "Basic Average Shares": 116919000.0,
        "Diluted EPS": -0.17,
        "Basic EPS": -0.17,
        "Diluted NI Availto Com Stockholders": -19579000.0,
        "Net Income Common Stockholders": -19579000.0,
        "Net Income": -19579000.0,
        "Net Income Including Noncontrolling Interests": -19579000.0,
        "Net Income Continuous Operations": -19579000.0,
        "Tax Provision": 0.0,
        "Pretax Income": -19579000.0,
        "Other Income Expense": -9043000.0,
        "Other Non Operating Income Expenses": 9000.0,
        "Special Income Charges": -9052000.0,
        "Write Off": NaN,
        "Impairment Of Capital Assets": 5679000.0,
        "Restructuring And Mergern Acquisition": 3373000.0,
        "Net Non Operating Interest Income Expense": 813000.0,
        "Interest Income Non Operating": 813000.0,
        "Operating Income": -11349000.0,
        "Operating Expense": 16736000.0,
        "Depreciation Amortization Depletion Income Statement": 143000.0,
        "Depreciation And Amortization In Income Statement": 143000.0,
        "Selling General And Administration": 16593000.0,
        "Gross Profit": 5387000.0,
        "Cost Of Revenue": 9964000.0,
        "Total Revenue": 15351000.0,
        "Operating Revenue": 15351000.0
    }
}