{
    "2023-03-31": {
        "Tax Effect Of Unusual Items": NaN,
        "Tax Rate For Calcs": NaN,
        "Normalized EBITDA": NaN,
        "Total Unusual Items": NaN,
        "Total Unusual Items Excluding Goodwill": NaN,
        "Net Income From Continuing Operation Net Minority Interest": NaN,
        "Reconciled Depreciation": NaN,
        "Reconciled Cost Of Revenue": NaN,
        "EBITDA": NaN,
        "EBIT": NaN,
        "Net Interest Income": NaN,
        "Interest Expense": NaN,
        "Interest Income": NaN,
        "Normalized Income": NaN,
        "Net Income From Continuing And Discontinued Operation": NaN,
        "Total Expenses": NaN,
        "Total Operating Income As Reported": NaN,
        "Diluted Average Shares": NaN,
        "Basic Average Shares": NaN,
        "Diluted EPS": NaN,
        "Basic EPS": NaN,
        "Diluted NI Availto Com Stockholders": NaN,
        "Net Income Common Stockholders": NaN,
        "Preferred Stock Dividends": NaN,
        "Net Income": NaN,
        "Minority Interests": NaN,
        "Net Income Including Noncontrolling Interests": NaN,
        "Net Income Discontinuous Operations": -2342000.0,
        "Net Income Continuous Operations": NaN,
        "Tax Provision": NaN,
        "Pretax Income": NaN,
        "Other Income Expense": NaN,
        "Other Non Operating Income Expenses": -22000.0,
        "Special Income Charges": NaN,
        "Gain On Sale Of Ppe": NaN,
        "Gain On Sale Of Business": NaN,
        "Restructuring And Mergern Acquisition": NaN,
        "Gain On Sale Of Security": NaN,
        "Net Non Operating Interest Income Expense": NaN,
        "Total Other Finance Cost": NaN,
        "Interest Expense Non Operating": NaN,
        "Interest Income Non Operating": NaN,
        "Operating Income": NaN,
        "Operating Expense": NaN,
        "Depreciation Amortization Depletion Income Statement": NaN,
        "Depreciation And Amortization In Income Statement": NaN,
        "Research And Development": NaN,
        "Selling General And Administration": NaN,
        "Gross Profit": NaN,
        "Cost Of Revenue": NaN,
        "Total Revenue": NaN,
        "Operating Revenue": NaN
    },
    "2022-12-31": {
        "Tax Effect Of Unusual Items": NaN,
        "Tax Rate For Calcs": NaN,
        "Normalized EBITDA": NaN,
        "Total Unusual Items": NaN,
        "Total Unusual Items Excluding Goodwill": NaN,
        "Net Income From Continuing Operation Net Minority Interest": NaN,
        "Reconciled Depreciation": NaN,
        "Reconciled Cost Of Revenue": NaN,
        "EBITDA": NaN,
        "EBIT": NaN,
        "Net Interest Income": NaN,
        "Interest Expense": NaN,
        "Interest Income": NaN,
        "Normalized Income": NaN,
        "Net Income From Continuing And Discontinued Operation": NaN,
        "Total Expenses": NaN,
        "Total Operating Income As Reported": NaN,
        "Diluted Average Shares": NaN,
        "Basic Average Shares": NaN,
        "Diluted EPS": NaN,
        "Basic EPS": NaN,
        "Diluted NI Availto Com Stockholders": NaN,
        "Net Income Common Stockholders": NaN,
        "Preferred Stock Dividends": NaN,
        "Net Income": NaN,
        "Minority Interests": NaN,
        "Net Income Including Noncontrolling Interests": NaN,
        "Net Income Discontinuous Operations": NaN,
        "Net Income Continuous Operations": NaN,
        "Tax Provision": NaN,
        "Pretax Income": NaN,
        "Other Income Expense": NaN,
        "Other Non Operating Income Expenses": NaN,
        "Special Income Charges": NaN,
        "Gain On Sale Of Ppe": 0.0,
        "Gain On Sale Of Business": 0.0,
        "Restructuring And Mergern Acquisition": NaN,
        "Gain On Sale Of Security": NaN,
        "Net Non Operating Interest Income Expense": NaN,
        "Total Other Finance Cost": NaN,
        "Interest Expense Non Operating": NaN,
        "Interest Income Non Operating": NaN,
        "Operating Income": NaN,
        "Operating Expense": NaN,
        "Other Operating Expenses": -700000.0,
        "Depreciation Amortization Depletion Income Statement": NaN,
        "Depreciation And Amortization In Income Statement": NaN,
        "Research And Development": NaN,
        "Selling General And Administration": NaN,
        "Gross Profit": NaN,
        "Cost Of Revenue": NaN,
        "Total Revenue": NaN,
        "Operating Revenue": NaN
    },
    "2022-09-30": {
        "Tax Effect Of Unusual Items": NaN,
        "Tax Rate For Calcs": NaN,
        "Normalized EBITDA": NaN,
        "Total Unusual Items": NaN,
        "Total Unusual Items Excluding Goodwill": NaN,
        "Net Income From Continuing Operation Net Minority Interest": NaN,
        "Reconciled Depreciation": NaN,
        "Reconciled Cost Of Revenue": NaN,
        "EBITDA": NaN,
        "EBIT": NaN,
        "Net Interest Income": NaN,
        "Interest Expense": NaN,
        "Interest Income": NaN,
        "Normalized Income": NaN,
        "Net Income From Continuing And Discontinued Operation": NaN,
        "Total Expenses": NaN,
        "Total Operating Income As Reported": NaN,
        "Diluted Average Shares": NaN,
        "Basic Average Shares": NaN,
        "Diluted EPS": NaN,
        "Basic EPS": NaN,
        "Diluted NI Availto Com Stockholders": NaN,
        "Net Income Common Stockholders": NaN,
        "Preferred Stock Dividends": NaN,
        "Net Income": NaN,
        "Minority Interests": NaN,
        "Net Income Including Noncontrolling Interests": NaN,
        "Net Income Discontinuous Operations": NaN,
        "Net Income Continuous Operations": NaN,
        "Tax Provision": NaN,
        "Pretax Income": NaN,
        "Other Income Expense": NaN,
        "Other Non Operating Income Expenses": NaN,
        "Special Income Charges": NaN,
        "Gain On Sale Of Ppe": 0.0,
        "Gain On Sale Of Business": -73000.0,
        "Restructuring And Mergern Acquisition": NaN,
        "Gain On Sale Of Security": NaN,
        "Net Non Operating Interest Income Expense": NaN,
        "Total Other Finance Cost": NaN,
        "Interest Expense Non Operating": NaN,
        "Interest Income Non Operating": NaN,
        "Operating Income": NaN,
        "Operating Expense": NaN,
        "Other Operating Expenses": -35000.0,
        "Depreciation Amortization Depletion Income Statement": NaN,
        "Depreciation And Amortization In Income Statement": NaN,
        "Research And Development": NaN,
        "Selling General And Administration": NaN,
        "Gross Profit": NaN,
        "Cost Of Revenue": NaN,
        "Total Revenue": NaN,
        "Operating Revenue": NaN
    },
    "2022-06-30": {
        "Tax Effect Of Unusual Items": 286269.147918,
        "Tax Rate For Calcs": 0.052058,
        "Normalized EBITDA": 14116000.0,
        "Total Unusual Items": 5499000.0,
        "Total Unusual Items Excluding Goodwill": 5499000.0,
        "Net Income From Continuing Operation Net Minority Interest": 7846000.0,
        "Reconciled Depreciation": 8259000.0,
        "Reconciled Cost Of Revenue": 22316000.0,
        "EBITDA": 19615000.0,
        "EBIT": 11356000.0,
        "Net Interest Income": -3225000.0,
        "Interest Expense": 3000000.0,
        "Interest Income": 118000.0,
        "Normalized Income": 2633269.147918,
        "Net Income From Continuing And Discontinued Operation": 7846000.0,
        "Total Expenses": 59230000.0,
        "Total Operating Income As Reported": 4894000.0,
        "Diluted Average Shares": 89249000.0,
        "Basic Average Shares": 87124000.0,
        "Diluted EPS": 0.06,
        "Basic EPS": 0.06,
        "Diluted NI Availto Com Stockholders": 5327000.0,
        "Net Income Common Stockholders": 5327000.0,
        "Preferred Stock Dividends": 2519000.0,
        "Net Income": 7846000.0,
        "Minority Interests": -75000.0,
        "Net Income Including Noncontrolling Interests": 7921000.0,
        "Net Income Continuous Operations": 7921000.0,
        "Tax Provision": 435000.0,
        "Pretax Income": 8356000.0,
        "Other Income Expense": 5575000.0,
        "Other Non Operating Income Expenses": 76000.0,
        "Special Income Charges": 1603000.0,
        "Gain On Sale Of Ppe": 0.0,
        "Gain On Sale Of Business": 2622000.0,
        "Restructuring And Mergern Acquisition": 1019000.0,
        "Gain On Sale Of Security": 3896000.0,
        "Net Non Operating Interest Income Expense": -3225000.0,
        "Total Other Finance Cost": 343000.0,
        "Interest Expense Non Operating": 3000000.0,
        "Interest Income Non Operating": 118000.0,
        "Operating Income": 6006000.0,
        "Operating Expense": 36914000.0,
        "Other Operating Expenses": -93000.0,
        "Depreciation Amortization Depletion Income Statement": 8259000.0,
        "Depreciation And Amortization In Income Statement": 8259000.0,
        "Research And Development": 13460000.0,
        "Selling General And Administration": 15288000.0,
        "Gross Profit": 42920000.0,
        "Cost Of Revenue": 22316000.0,
        "Total Revenue": 65236000.0,
        "Operating Revenue": 65236000.0
    },
    "2022-03-31": {
        "Diluted EPS": -0.07,
        "Total Revenue": 66,
        "Gross Profit": 41,
        "Operating Income": -1,
        "EBIT": 7,
        "Net Income": -6
    },
    "2021-12-31": {
        "Diluted EPS": 0.28,
        "Total Revenue": 74,
        "Gross Profit": 48,
        "Operating Income": 5,
        "EBIT": 13,
        "Net Income": -2
    },
    "2021-09-30": {
        "Diluted EPS": -0.11,
        "Total Revenue": 70,
        "Gross Profit": 43,
        "Operating Income": -11,
        "EBIT": -2,
        "Net Income": -10
    },
    "2021-06-30": {
        "Diluted EPS": -0.54,
        "Total Revenue": 72,
        "Gross Profit": 44,
        "Operating Income": -4,
        "EBIT": 4,
        "Net Income": -24
    },
    "2021-03-31": {
        "Diluted EPS": -0.53,
        "Total Revenue": 65,
        "Gross Profit": 37,
        "Operating Income": -9,
        "EBIT": 1,
        "Net Income": -23
    },
    "2020-12-31": {
        "Diluted EPS": -0.26,
        "Total Revenue": 69,
        "Gross Profit": 41,
        "Operating Income": -2,
        "EBIT": 6,
        "Net Income": -11
    },
    "2020-09-30": {
        "Diluted EPS": -0.36,
        "Total Revenue": 69,
        "Gross Profit": 40,
        "Operating Income": -17,
        "EBIT": -5,
        "Net Income": -15
    },
    "2020-06-30": {
        "Diluted EPS": -0.24,
        "Total Revenue": 77,
        "Gross Profit": 47,
        "Operating Income": -11,
        "EBIT": -1,
        "Net Income": -10
    },
    "2020-03-31": {
        "Diluted EPS": -0.3,
        "Total Revenue": 77,
        "Gross Profit": 42,
        "Operating Income": -17,
        "EBIT": -6,
        "Net Income": -12
    },
    "2019-12-31": {
        "Diluted EPS": -0.37,
        "Total Revenue": 91,
        "Gross Profit": 48,
        "Operating Income": -18,
        "EBIT": 0,
        "Net Income": -15
    },
    "2019-09-30": {
        "Diluted EPS": -1.7,
        "Total Revenue": 52,
        "Gross Profit": 17,
        "Operating Income": -51,
        "EBIT": -32,
        "Net Income": -69
    },
    "2019-06-30": {
        "Diluted EPS": -0.61,
        "Total Revenue": 78,
        "Gross Profit": 44,
        "Operating Income": -18,
        "EBIT": 2,
        "Net Income": -25
    },
    "2019-03-31": {
        "Diluted EPS": -0.68,
        "Total Revenue": 88,
        "Gross Profit": 49,
        "Operating Income": -20,
        "EBIT": 0,
        "Net Income": -28
    },
    "2018-12-31": {
        "Diluted EPS": -2.52,
        "Total Revenue": 82,
        "Gross Profit": 51,
        "Operating Income": -42,
        "EBIT": -6,
        "Net Income": -102
    },
    "2018-09-30": {
        "Diluted EPS": -1.38,
        "Total Revenue": 83,
        "Gross Profit": 40,
        "Operating Income": -35,
        "EBIT": -11,
        "Net Income": -55
    },
    "2018-06-30": {
        "Diluted EPS": -1.2,
        "Total Revenue": 77,
        "Gross Profit": 37,
        "Operating Income": -43,
        "EBIT": -19,
        "Net Income": -47
    },
    "2018-03-31": {
        "Diluted EPS": -0.95,
        "Total Revenue": 84,
        "Gross Profit": 39,
        "Operating Income": -44,
        "EBIT": -21,
        "Net Income": -40
    },
    "2017-12-31": {
        "Diluted EPS": 0.26,
        "Total Revenue": 106,
        "Gross Profit": 64,
        "Operating Income": -33,
        "EBIT": -10,
        "Net Income": 11
    },
    "2017-09-30": {
        "Diluted EPS": -0.78,
        "Total Revenue": 91,
        "Gross Profit": 45,
        "Operating Income": -36,
        "EBIT": -3,
        "Net Income": -35
    },
    "2017-06-30": {
        "Diluted EPS": -0.6,
        "Total Revenue": 119,
        "Gross Profit": 71,
        "Operating Income": -9,
        "EBIT": 16,
        "Net Income": -27
    },
    "2017-03-31": {
        "Diluted EPS": -1.33,
        "Total Revenue": 86,
        "Gross Profit": 40,
        "Operating Income": -51,
        "EBIT": -25,
        "Net Income": -59
    },
    "2016-12-31": {
        "Diluted EPS": 0.71,
        "Total Revenue": 107,
        "Gross Profit": 56,
        "Operating Income": -52,
        "EBIT": -27,
        "Net Income": 31
    },
    "2016-09-30": {
        "Diluted EPS": 0.06,
        "Total Revenue": 120,
        "Gross Profit": 71,
        "Operating Income": -12,
        "EBIT": 12,
        "Net Income": 3
    },
    "2016-06-30": {
        "Diluted EPS": 0.18,
        "Total Revenue": 121,
        "Gross Profit": 73,
        "Operating Income": -13,
        "EBIT": 12,
        "Net Income": 8
    },
    "2016-03-31": {
        "Diluted EPS": -0.68,
        "Total Revenue": 78,
        "Gross Profit": 32,
        "Operating Income": -45,
        "EBIT": -22,
        "Net Income": -29
    },
    "2015-12-31": {
        "Diluted EPS": -0.7,
        "Total Revenue": -49,
        "Gross Profit": -32,
        "Operating Income": -101,
        "EBIT": -81,
        "Net Income": -32
    },
    "2015-09-30": {
        "Diluted EPS": 0.21,
        "Total Revenue": 151,
        "Gross Profit": 87,
        "Operating Income": 22,
        "EBIT": 43,
        "Net Income": 10
    },
    "2015-06-30": {
        "Diluted EPS": 0.33,
        "Total Revenue": 138,
        "Gross Profit": 83,
        "Operating Income": 24,
        "EBIT": 41,
        "Net Income": 15
    },
    "2015-03-31": {
        "Diluted EPS": 0.23,
        "Total Revenue": 133,
        "Gross Profit": 79,
        "Operating Income": 18,
        "EBIT": 34,
        "Net Income": 11
    },
    "2014-12-31": {
        "Diluted EPS": 0.35,
        "Total Revenue": -20,
        "Gross Profit": 10,
        "Operating Income": -45,
        "EBIT": -31,
        "Net Income": 14
    },
    "2014-09-30": {
        "Diluted EPS": 0.22,
        "Total Revenue": 125,
        "Gross Profit": 75,
        "Operating Income": 16,
        "EBIT": 32,
        "Net Income": 9
    },
    "2014-06-30": {
        "Diluted EPS": 0.2,
        "Total Revenue": 103,
        "Gross Profit": 62,
        "Operating Income": 14,
        "EBIT": 28,
        "Net Income": 8
    },
    "2014-03-31": {
        "Diluted EPS": 0.19,
        "Total Revenue": 98,
        "Gross Profit": 58,
        "Operating Income": 12,
        "EBIT": 25,
        "Net Income": 8
    },
    "2013-12-31": {
        "Diluted EPS": 0.39,
        "Total Revenue": 97,
        "Gross Profit": 57,
        "Operating Income": 20,
        "EBIT": 33,
        "Net Income": 16
    },
    "2013-09-30": {
        "Diluted EPS": 0.09,
        "Total Revenue": 90,
        "Gross Profit": 52,
        "Operating Income": 9,
        "EBIT": 19,
        "Net Income": 4
    },
    "2013-06-30": {
        "Diluted EPS": 0.09,
        "Total Revenue": 84,
        "Gross Profit": 48,
        "Operating Income": 6,
        "EBIT": 15,
        "Net Income": 3
    },
    "2013-03-31": {
        "Diluted EPS": 0.01,
        "Total Revenue": 78,
        "Gross Profit": 46,
        "Operating Income": 0,
        "EBIT": 9,
        "Net Income": 0
    },
    "2012-12-31": {
        "Diluted EPS": 0.08,
        "Total Revenue": 73,
        "Gross Profit": 42,
        "Operating Income": 7,
        "EBIT": 13,
        "Net Income": 3
    },
    "2012-09-30": {
        "Diluted EPS": 0.16,
        "Total Revenue": 69,
        "Gross Profit": 40,
        "Operating Income": 11,
        "EBIT": 18,
        "Net Income": 6
    },
    "2012-06-30": {
        "Diluted EPS": 0.31,
        "Total Revenue": 67,
        "Gross Profit": 40,
        "Operating Income": 15,
        "EBIT": 22,
        "Net Income": 12
    },
    "2012-03-31": {
        "Diluted EPS": 0.14,
        "Total Revenue": 65,
        "Gross Profit": 36,
        "Operating Income": 8,
        "EBIT": 14,
        "Net Income": 5
    },
    "2011-12-31": {
        "Diluted EPS": 0.24,
        "Total Revenue": 62,
        "Gross Profit": 34,
        "Operating Income": 7,
        "EBIT": 11,
        "Net Income": 9
    },
    "2011-09-30": {
        "Diluted EPS": 0.09,
        "Total Revenue": 59,
        "Gross Profit": 31,
        "Operating Income": 5,
        "EBIT": 9,
        "Net Income": 4
    },
    "2011-06-30": {
        "Diluted EPS": 0.06,
        "Total Revenue": 55,
        "Gross Profit": 29,
        "Operating Income": 5,
        "EBIT": 8,
        "Net Income": 3
    },
    "2011-03-31": {
        "Diluted EPS": 0.04,
        "Total Revenue": 53,
        "Gross Profit": 28,
        "Operating Income": 2,
        "EBIT": 5,
        "Net Income": 1
    },
    "2010-12-31": {
        "Diluted EPS": -0.11,
        "Total Revenue": 49,
        "Gross Profit": 26,
        "Operating Income": -3,
        "EBIT": 0,
        "Net Income": -4
    },
    "2010-09-30": {
        "Diluted EPS": 0.05,
        "Total Revenue": 44,
        "Gross Profit": 21,
        "Operating Income": 3,
        "EBIT": 5,
        "Net Income": 2
    },
    "2010-06-30": {
        "Diluted EPS": 0.09,
        "Total Revenue": 37,
        "Gross Profit": 18,
        "Operating Income": 5,
        "EBIT": 7,
        "Net Income": 3
    },
    "2010-03-31": {
        "Diluted EPS": 0.09,
        "Total Revenue": 35,
        "Gross Profit": 17,
        "Operating Income": 5,
        "EBIT": 7,
        "Net Income": 3
    },
    "2009-12-31": {
        "Diluted EPS": 0.14,
        "Total Revenue": 36,
        "Gross Profit": 18,
        "Operating Income": 6,
        "EBIT": 8,
        "Net Income": 5
    },
    "2009-09-30": {
        "Diluted EPS": 0.1,
        "Total Revenue": 33,
        "Gross Profit": 16,
        "Operating Income": 5,
        "EBIT": 8,
        "Net Income": 3
    },
    "2009-06-30": {
        "Diluted EPS": 0.08,
        "Total Revenue": 31,
        "Gross Profit": 15,
        "Operating Income": 5,
        "EBIT": 7,
        "Net Income": 3
    },
    "2009-03-31": {
        "Diluted EPS": 0.07,
        "Total Revenue": 30,
        "Gross Profit": 14,
        "Operating Income": 3,
        "EBIT": 5,
        "Net Income": 2
    },
    "2023-06-30": {
        "Tax Effect Of Unusual Items": -60690.0,
        "Tax Rate For Calcs": 0.21,
        "Normalized EBITDA": 1625000.0,
        "Total Unusual Items": -289000.0,
        "Total Unusual Items Excluding Goodwill": -289000.0,
        "Net Income From Continuing Operation Net Minority Interest": -9204000.0,
        "Reconciled Depreciation": 6939000.0,
        "Reconciled Cost Of Revenue": 8613000.0,
        "EBITDA": 1336000.0,
        "EBIT": -5603000.0,
        "Net Interest Income": -3334000.0,
        "Interest Expense": 3083000.0,
        "Interest Income": 127000.0,
        "Normalized Income": -8975690.0,
        "Net Income From Continuing And Discontinued Operation": -8504000.0,
        "Total Expenses": 46082000.0,
        "Total Operating Income As Reported": -5084000.0,
        "Diluted Average Shares": 9685000.0,
        "Basic Average Shares": 9685000.0,
        "Diluted EPS": -1.13,
        "Basic EPS": -1.13,
        "Diluted NI Availto Com Stockholders": -10979000.0,
        "Net Income Common Stockholders": -10979000.0,
        "Preferred Stock Dividends": 2475000.0,
        "Net Income": -8504000.0,
        "Minority Interests": 14000.0,
        "Net Income Including Noncontrolling Interests": -8518000.0,
        "Net Income Discontinuous Operations": 700000.0,
        "Net Income Continuous Operations": -9218000.0,
        "Tax Provision": 532000.0,
        "Pretax Income": -8686000.0,
        "Other Income Expense": -289000.0,
        "Other Non Operating Income Expenses": 1000.0,
        "Special Income Charges": -21000.0,
        "Gain On Sale Of Ppe": NaN,
        "Gain On Sale Of Business": 0.0,
        "Restructuring And Mergern Acquisition": 21000.0,
        "Gain On Sale Of Security": -268000.0,
        "Net Non Operating Interest Income Expense": -3334000.0,
        "Total Other Finance Cost": 378000.0,
        "Interest Expense Non Operating": 3083000.0,
        "Interest Income Non Operating": 127000.0,
        "Operating Income": -5063000.0,
        "Operating Expense": 34594000.0,
        "Depreciation Amortization Depletion Income Statement": 4064000.0,
        "Depreciation And Amortization In Income Statement": 4064000.0,
        "Research And Development": 13274000.0,
        "Selling General And Administration": 17256000.0,
        "Gross Profit": 29531000.0,
        "Cost Of Revenue": 11488000.0,
        "Total Revenue": 41019000.0,
        "Operating Revenue": 41019000.0
    },
    "2023-09-30": {
        "Tax Effect Of Unusual Items": 929460.0,
        "Tax Rate For Calcs": 0.21,
        "Normalized EBITDA": 4393000.0,
        "Total Unusual Items": 4426000.0,
        "Total Unusual Items Excluding Goodwill": 4426000.0,
        "Net Income From Continuing Operation Net Minority Interest": -2697000.0,
        "Reconciled Depreciation": 7538000.0,
        "Reconciled Cost Of Revenue": 17897000.0,
        "EBITDA": 8819000.0,
        "EBIT": 1281000.0,
        "Net Interest Income": -3333000.0,
        "Interest Expense": 3094000.0,
        "Interest Income": 149000.0,
        "Normalized Income": -6193540.0,
        "Net Income From Continuing And Discontinued Operation": -2697000.0,
        "Total Expenses": 58555000.0,
        "Total Operating Income As Reported": -2935000.0,
        "Diluted Average Shares": 9767111.0,
        "Basic Average Shares": 9767111.0,
        "Diluted EPS": -0.54,
        "Basic EPS": -0.54,
        "Diluted NI Availto Com Stockholders": -5171000.0,
        "Net Income Common Stockholders": -5171000.0,
        "Preferred Stock Dividends": 2474000.0,
        "Net Income": -2697000.0,
        "Minority Interests": -18000.0,
        "Net Income Including Noncontrolling Interests": -2679000.0,
        "Net Income Discontinuous Operations": NaN,
        "Net Income Continuous Operations": -2679000.0,
        "Tax Provision": 866000.0,
        "Pretax Income": -1813000.0,
        "Other Income Expense": 4427000.0,
        "Other Non Operating Income Expenses": 1000.0,
        "Special Income Charges": -28000.0,
        "Gain On Sale Of Ppe": 0.0,
        "Gain On Sale Of Business": 0.0,
        "Restructuring And Mergern Acquisition": 28000.0,
        "Gain On Sale Of Security": 4454000.0,
        "Net Non Operating Interest Income Expense": -3333000.0,
        "Total Other Finance Cost": 388000.0,
        "Interest Expense Non Operating": 3094000.0,
        "Interest Income Non Operating": 149000.0,
        "Operating Income": -2907000.0,
        "Operating Expense": 40658000.0,
        "Depreciation Amortization Depletion Income Statement": 7538000.0,
        "Depreciation And Amortization In Income Statement": 7538000.0,
        "Research And Development": 10856000.0,
        "Selling General And Administration": 22264000.0,
        "Gross Profit": 37751000.0,
        "Cost Of Revenue": 17897000.0,
        "Total Revenue": 55648000.0,
        "Operating Revenue": 55648000.0
    },
    "2023-12-31": {
        "Tax Effect Of Unusual Items": -2061360.0,
        "Tax Rate For Calcs": 0.21,
        "Normalized EBITDA": 8443000.0,
        "Total Unusual Items": -9816000.0,
        "Total Unusual Items Excluding Goodwill": -9816000.0,
        "Net Income From Continuing Operation Net Minority Interest": -11900000.0,
        "Reconciled Depreciation": 5350000.0,
        "Reconciled Cost Of Revenue": -17842000.0,
        "EBITDA": -1373000.0,
        "EBIT": -6723000.0,
        "Net Interest Income": -3511000.0,
        "Interest Expense": 3168000.0,
        "Interest Income": 55000.0,
        "Normalized Income": -4145360.0,
        "Net Income From Continuing And Discontinued Operation": -32417000.0,
        "Total Expenses": -12310000.0,
        "Total Operating Income As Reported": -182000.0,
        "Diluted Average Shares": 9822000.0,
        "Basic Average Shares": 9822000.0,
        "Diluted EPS": -3.56,
        "Basic EPS": -3.56,
        "Diluted NI Availto Com Stockholders": -35001000.0,
        "Net Income Common Stockholders": -35001000.0,
        "Preferred Stock Dividends": 2584000.0,
        "Net Income": -32417000.0,
        "Minority Interests": 26000.0,
        "Net Income Including Noncontrolling Interests": -32443000.0,
        "Net Income Discontinuous Operations": NaN,
        "Net Income Continuous Operations": -11926000.0,
        "Tax Provision": 2035000.0,
        "Pretax Income": -9891000.0,
        "Other Income Expense": -9817000.0,
        "Other Non Operating Income Expenses": -1000.0,
        "Special Income Charges": -3594000.0,
        "Gain On Sale Of Ppe": 25000.0,
        "Gain On Sale Of Business": 0.0,
        "Restructuring And Mergern Acquisition": 3619000.0,
        "Gain On Sale Of Security": -6222000.0,
        "Net Non Operating Interest Income Expense": -3511000.0,
        "Total Other Finance Cost": 398000.0,
        "Interest Expense Non Operating": 3168000.0,
        "Interest Income Non Operating": 55000.0,
        "Operating Income": 3437000.0,
        "Operating Expense": 5532000.0,
        "Depreciation Amortization Depletion Income Statement": -5167000.0,
        "Depreciation And Amortization In Income Statement": -5167000.0,
        "Research And Development": 5931000.0,
        "Selling General And Administration": 4768000.0,
        "Gross Profit": 8969000.0,
        "Cost Of Revenue": -17842000.0,
        "Total Revenue": -8873000.0,
        "Operating Revenue": -8873000.0
    },
    "2024-03-31": {
        "Tax Effect Of Unusual Items": 425353.682552,
        "Tax Rate For Calcs": 0.118748,
        "Normalized EBITDA": 8964000.0,
        "Total Unusual Items": 3582000.0,
        "Total Unusual Items Excluding Goodwill": 3582000.0,
        "Net Income From Continuing Operation Net Minority Interest": 4470000.0,
        "Reconciled Depreciation": 4359000.0,
        "Reconciled Cost Of Revenue": 10223000.0,
        "EBITDA": 12546000.0,
        "EBIT": 8187000.0,
        "Net Interest Income": -3309000.0,
        "Interest Expense": 3109000.0,
        "Interest Income": 208000.0,
        "Normalized Income": 1313353.682552,
        "Net Income From Continuing And Discontinued Operation": 4470000.0,
        "Total Expenses": 38170000.0,
        "Total Operating Income As Reported": 4576000.0,
        "Diluted Average Shares": 10277000.0,
        "Basic Average Shares": 9842000.0,
        "Diluted EPS": 0.23,
        "Basic EPS": 0.24,
        "Diluted NI Availto Com Stockholders": 2341000.0,
        "Net Income Common Stockholders": 2341000.0,
        "Preferred Stock Dividends": 2129000.0,
        "Net Income": 4470000.0,
        "Minority Interests": -5000.0,
        "Net Income Including Noncontrolling Interests": 4475000.0,
        "Net Income Discontinuous Operations": 0.0,
        "Net Income Continuous Operations": 4475000.0,
        "Tax Provision": 603000.0,
        "Pretax Income": 5078000.0,
        "Other Income Expense": 3592000.0,
        "Other Non Operating Income Expenses": 10000.0,
        "Special Income Charges": -219000.0,
        "Gain On Sale Of Ppe": NaN,
        "Gain On Sale Of Business": NaN,
        "Restructuring And Mergern Acquisition": 219000.0,
        "Gain On Sale Of Security": 3801000.0,
        "Net Non Operating Interest Income Expense": -3309000.0,
        "Total Other Finance Cost": 408000.0,
        "Interest Expense Non Operating": 3109000.0,
        "Interest Income Non Operating": 208000.0,
        "Operating Income": 4795000.0,
        "Operating Expense": 27947000.0,
        "Depreciation Amortization Depletion Income Statement": 4359000.0,
        "Depreciation And Amortization In Income Statement": 4359000.0,
        "Research And Development": 10331000.0,
        "Selling General And Administration": 13257000.0,
        "Gross Profit": 32742000.0,
        "Cost Of Revenue": 10223000.0,
        "Total Revenue": 42965000.0,
        "Operating Revenue": 42965000.0
    },
    "2024-06-30": {
        "Tax Effect Of Unusual Items": 246120.0,
        "Tax Rate For Calcs": 0.21,
        "Normalized EBITDA": 8128000.0,
        "Total Unusual Items": 1172000.0,
        "Total Unusual Items Excluding Goodwill": 1172000.0,
        "Net Income From Continuing Operation Net Minority Interest": -489000.0,
        "Reconciled Depreciation": 4028000.0,
        "Reconciled Cost Of Revenue": 10401000.0,
        "EBITDA": 9300000.0,
        "EBIT": 5272000.0,
        "Net Interest Income": -3303000.0,
        "Interest Expense": 3058000.0,
        "Interest Income": 183000.0,
        "Normalized Income": -1414880.0,
        "Net Income From Continuing And Discontinued Operation": -489000.0,
        "Total Expenses": 39113000.0,
        "Total Operating Income As Reported": 4297000.0,
        "Diluted Average Shares": 10424000.0,
        "Basic Average Shares": 10042000.0,
        "Diluted EPS": 0.01,
        "Basic EPS": 0.01,
        "Diluted NI Availto Com Stockholders": 78000.0,
        "Net Income Common Stockholders": 78000.0,
        "Preferred Stock Dividends": -567000.0,
        "Net Income": -489000.0,
        "Minority Interests": 5000.0,
        "Net Income Including Noncontrolling Interests": -494000.0,
        "Net Income Discontinuous Operations": 0.0,
        "Net Income Continuous Operations": -494000.0,
        "Tax Provision": 2708000.0,
        "Pretax Income": 2214000.0,
        "Other Income Expense": 1172000.0,
        "Other Non Operating Income Expenses": NaN,
        "Special Income Charges": -48000.0,
        "Gain On Sale Of Ppe": NaN,
        "Gain On Sale Of Business": NaN,
        "Restructuring And Mergern Acquisition": 48000.0,
        "Gain On Sale Of Security": 1220000.0,
        "Net Non Operating Interest Income Expense": -3303000.0,
        "Total Other Finance Cost": 428000.0,
        "Interest Expense Non Operating": 3058000.0,
        "Interest Income Non Operating": 183000.0,
        "Operating Income": 4345000.0,
        "Operating Expense": 28712000.0,
        "Depreciation Amortization Depletion Income Statement": 4028000.0,
        "Depreciation And Amortization In Income Statement": 4028000.0,
        "Research And Development": 11896000.0,
        "Selling General And Administration": 12788000.0,
        "Gross Profit": 33057000.0,
        "Cost Of Revenue": 10401000.0,
        "Total Revenue": 43458000.0,
        "Operating Revenue": 43458000.0
    }
}