{
    "2023-03-31": {
        "Tax Effect Of Unusual Items": 0.0,
        "Tax Rate For Calcs": 0.229,
        "Normalized EBITDA": 77772000.0,
        "Net Income From Continuing Operation Net Minority Interest": 38328000.0,
        "Reconciled Depreciation": 19460000.0,
        "Reconciled Cost Of Revenue": 204788000.0,
        "EBITDA": 77772000.0,
        "EBIT": 58312000.0,
        "Net Interest Income": -5889000.0,
        "Interest Expense": 8630000.0,
        "Interest Income": 2741000.0,
        "Normalized Income": 38328000.0,
        "Net Income From Continuing And Discontinued Operation": 38328000.0,
        "Total Expenses": 238332000.0,
        "Rent Expense Supplemental": 13531000.0,
        "Total Operating Income As Reported": 55783000.0,
        "Diluted Average Shares": 59535045.0,
        "Basic Average Shares": 56630656.0,
        "Diluted EPS": 0.64,
        "Basic EPS": 0.68,
        "Diluted NI Availto Com Stockholders": 38328000.0,
        "Net Income Common Stockholders": 38328000.0,
        "Net Income": 38328000.0,
        "Net Income Including Noncontrolling Interests": 38328000.0,
        "Net Income Continuous Operations": 38328000.0,
        "Tax Provision": 11354000.0,
        "Pretax Income": 49682000.0,
        "Other Income Expense": -212000.0,
        "Other Non Operating Income Expenses": -212000.0,
        "Net Non Operating Interest Income Expense": -5889000.0,
        "Interest Expense Non Operating": 8630000.0,
        "Interest Income Non Operating": 2741000.0,
        "Operating Income": 55783000.0,
        "Operating Expense": 33544000.0,
        "Other Operating Expenses": 23615000.0,
        "Selling General And Administration": 9929000.0,
        "Selling And Marketing Expense": 9929000.0,
        "Gross Profit": 89327000.0,
        "Cost Of Revenue": 204788000.0,
        "Total Revenue": 294115000.0,
        "Operating Revenue": 290630000.0
    },
    "2022-12-31": {
        "Tax Effect Of Unusual Items": 0.0,
        "Tax Rate For Calcs": 0.231402,
        "Normalized EBITDA": 35675000.0,
        "Total Unusual Items": 0.0,
        "Total Unusual Items Excluding Goodwill": 0.0,
        "Net Income From Continuing Operation Net Minority Interest": 7284000.0,
        "Reconciled Depreciation": 18277000.0,
        "Reconciled Cost Of Revenue": 181744000.0,
        "EBITDA": 35675000.0,
        "EBIT": 17398000.0,
        "Net Interest Income": -5560000.0,
        "Interest Expense": 7921000.0,
        "Interest Income": 2361000.0,
        "Normalized Income": 7284000.0,
        "Net Income From Continuing And Discontinued Operation": 7284000.0,
        "Total Expenses": 212038000.0,
        "Rent Expense Supplemental": 14371000.0,
        "Total Operating Income As Reported": 15116000.0,
        "Diluted Average Shares": NaN,
        "Basic Average Shares": NaN,
        "Diluted EPS": NaN,
        "Basic EPS": NaN,
        "Diluted NI Availto Com Stockholders": 7284000.0,
        "Net Income Common Stockholders": 7284000.0,
        "Net Income": 7284000.0,
        "Net Income Including Noncontrolling Interests": 7284000.0,
        "Net Income Continuous Operations": 7284000.0,
        "Tax Provision": 2193000.0,
        "Pretax Income": 9477000.0,
        "Other Income Expense": -79000.0,
        "Other Non Operating Income Expenses": -79000.0,
        "Special Income Charges": 0.0,
        "Net Non Operating Interest Income Expense": -5560000.0,
        "Interest Expense Non Operating": 7921000.0,
        "Interest Income Non Operating": 2361000.0,
        "Operating Income": 15116000.0,
        "Operating Expense": 30294000.0,
        "Other Operating Expenses": 22577000.0,
        "Other Taxes": 0.0,
        "Selling General And Administration": 7717000.0,
        "Selling And Marketing Expense": 7717000.0,
        "Gross Profit": 45410000.0,
        "Cost Of Revenue": 181744000.0,
        "Total Revenue": 227154000.0,
        "Operating Revenue": 224100000.0
    },
    "2022-09-30": {
        "Tax Effect Of Unusual Items": 0.0,
        "Tax Rate For Calcs": 0.174246,
        "Normalized EBITDA": 20423000.0,
        "Total Unusual Items": 0.0,
        "Total Unusual Items Excluding Goodwill": 0.0,
        "Net Income From Continuing Operation Net Minority Interest": 10677000.0,
        "Reconciled Depreciation": 17182000.0,
        "Reconciled Cost Of Revenue": 175247000.0,
        "EBITDA": 20423000.0,
        "EBIT": 20423000.0,
        "Net Interest Income": -5883000.0,
        "Interest Expense": 7493000.0,
        "Interest Income": 1610000.0,
        "Normalized Income": 10677000.0,
        "Net Income From Continuing And Discontinued Operation": 10677000.0,
        "Total Expenses": 206309000.0,
        "Rent Expense Supplemental": 14875000.0,
        "Total Operating Income As Reported": 15391000.0,
        "Diluted Average Shares": 60793516.0,
        "Basic Average Shares": 58146606.0,
        "Diluted EPS": 0.18,
        "Basic EPS": 0.18,
        "Diluted NI Availto Com Stockholders": 10677000.0,
        "Net Income Common Stockholders": 10677000.0,
        "Net Income": 10677000.0,
        "Net Income Including Noncontrolling Interests": 10677000.0,
        "Net Income Continuous Operations": 10677000.0,
        "Tax Provision": 2253000.0,
        "Pretax Income": 12930000.0,
        "Other Income Expense": 3422000.0,
        "Other Non Operating Income Expenses": 3422000.0,
        "Special Income Charges": 0.0,
        "Net Non Operating Interest Income Expense": -5883000.0,
        "Interest Expense Non Operating": 7493000.0,
        "Interest Income Non Operating": 1610000.0,
        "Operating Income": 15391000.0,
        "Operating Expense": 31062000.0,
        "Other Operating Expenses": 24235000.0,
        "Other Taxes": 0.0,
        "Selling General And Administration": 6827000.0,
        "Selling And Marketing Expense": 6827000.0,
        "Gross Profit": 46453000.0,
        "Cost Of Revenue": 175247000.0,
        "Total Revenue": 221700000.0,
        "Operating Revenue": 219047000.0
    },
    "2022-06-30": {
        "Tax Effect Of Unusual Items": 0.0,
        "Tax Rate For Calcs": 0.190171,
        "Normalized EBITDA": 2199000.0,
        "Total Unusual Items": 0.0,
        "Total Unusual Items Excluding Goodwill": 0.0,
        "Net Income From Continuing Operation Net Minority Interest": -3922000.0,
        "Reconciled Depreciation": 16854000.0,
        "Reconciled Cost Of Revenue": 186800000.0,
        "EBITDA": 2199000.0,
        "EBIT": 2199000.0,
        "Net Interest Income": -6510000.0,
        "Interest Expense": 7042000.0,
        "Interest Income": 532000.0,
        "Normalized Income": -3922000.0,
        "Net Income From Continuing And Discontinued Operation": -3922000.0,
        "Total Expenses": 215698000.0,
        "Rent Expense Supplemental": 11707000.0,
        "Total Operating Income As Reported": 3369000.0,
        "Diluted Average Shares": 58060716.0,
        "Basic Average Shares": 58060716.0,
        "Diluted EPS": -0.07,
        "Basic EPS": -0.07,
        "Diluted NI Availto Com Stockholders": -3922000.0,
        "Net Income Common Stockholders": -3922000.0,
        "Net Income": -3922000.0,
        "Net Income Including Noncontrolling Interests": -3922000.0,
        "Net Income Continuous Operations": -3922000.0,
        "Tax Provision": -921000.0,
        "Pretax Income": -4843000.0,
        "Other Income Expense": -1702000.0,
        "Other Non Operating Income Expenses": -1702000.0,
        "Special Income Charges": 0.0,
        "Net Non Operating Interest Income Expense": -6510000.0,
        "Interest Expense Non Operating": 7042000.0,
        "Interest Income Non Operating": 532000.0,
        "Operating Income": 3369000.0,
        "Operating Expense": 28898000.0,
        "Other Operating Expenses": 21017000.0,
        "Other Taxes": 0.0,
        "Selling General And Administration": 7881000.0,
        "Selling And Marketing Expense": 7881000.0,
        "Gross Profit": 32267000.0,
        "Cost Of Revenue": 186800000.0,
        "Total Revenue": 219067000.0,
        "Operating Revenue": 216552000.0
    },
    "2023-06-30": {
        "Tax Effect Of Unusual Items": 0.0,
        "Tax Rate For Calcs": 0.229,
        "Normalized EBITDA": 60344000.0,
        "Net Income From Continuing Operation Net Minority Interest": 20618000.0,
        "Reconciled Depreciation": 22355000.0,
        "Reconciled Cost Of Revenue": 191628000.0,
        "EBITDA": 60344000.0,
        "EBIT": 37989000.0,
        "Net Interest Income": -8694000.0,
        "Interest Expense": 11239000.0,
        "Interest Income": 2545000.0,
        "Normalized Income": 20618000.0,
        "Net Income From Continuing And Discontinued Operation": 20618000.0,
        "Total Expenses": 225499000.0,
        "Rent Expense Supplemental": 13741000.0,
        "Total Operating Income As Reported": 35587000.0,
        "Diluted Average Shares": 59712048.0,
        "Basic Average Shares": 56084759.0,
        "Diluted EPS": 0.35,
        "Basic EPS": 0.37,
        "Diluted NI Availto Com Stockholders": 20618000.0,
        "Net Income Common Stockholders": 20618000.0,
        "Net Income": 20618000.0,
        "Net Income Including Noncontrolling Interests": 20618000.0,
        "Net Income Continuous Operations": 20618000.0,
        "Tax Provision": 6132000.0,
        "Pretax Income": 26750000.0,
        "Other Income Expense": -143000.0,
        "Other Non Operating Income Expenses": -143000.0,
        "Net Non Operating Interest Income Expense": -8694000.0,
        "Interest Expense Non Operating": 11239000.0,
        "Interest Income Non Operating": 2545000.0,
        "Operating Income": 35587000.0,
        "Operating Expense": 33871000.0,
        "Other Operating Expenses": 25364000.0,
        "Selling General And Administration": 8507000.0,
        "Selling And Marketing Expense": 8507000.0,
        "Gross Profit": 69458000.0,
        "Cost Of Revenue": 191628000.0,
        "Total Revenue": 261086000.0,
        "Operating Revenue": 252883000.0
    },
    "2022-03-31": {
        "Diluted EPS": 0.06,
        "Total Revenue": 227,
        "Gross Profit": 227,
        "Operating Income": 22,
        "EBIT": 37,
        "Net Income": 4
    },
    "2021-12-31": {
        "Diluted EPS": 0.07,
        "Total Revenue": 173,
        "Gross Profit": 173,
        "Operating Income": 16,
        "EBIT": 31,
        "Net Income": 3
    },
    "2021-09-30": {
        "Diluted EPS": 0.22,
        "Total Revenue": 174,
        "Gross Profit": 174,
        "Operating Income": 21,
        "EBIT": 35,
        "Net Income": 13
    },
    "2021-06-30": {
        "Diluted EPS": 0.84,
        "Total Revenue": 149,
        "Gross Profit": 149,
        "Operating Income": 50,
        "EBIT": 63,
        "Net Income": 52
    },
    "2021-03-31": {
        "Diluted EPS": 0.24,
        "Total Revenue": 128,
        "Gross Profit": 128,
        "Operating Income": 25,
        "EBIT": 36,
        "Net Income": 12
    },
    "2020-12-31": {
        "Diluted EPS": -0.16,
        "Total Revenue": 108,
        "Gross Profit": 108,
        "Operating Income": -4,
        "EBIT": 6,
        "Net Income": -8
    },
    "2020-09-30": {
        "Diluted EPS": 0.06,
        "Total Revenue": 78,
        "Gross Profit": 78,
        "Operating Income": 9,
        "EBIT": 20,
        "Net Income": 3
    },
    "2020-06-30": {
        "Diluted EPS": -0.13,
        "Total Revenue": 35,
        "Gross Profit": 35,
        "Operating Income": -2,
        "EBIT": 7,
        "Net Income": -6
    },
    "2020-03-31": {
        "Diluted EPS": 0.15,
        "Total Revenue": 180,
        "Gross Profit": 180,
        "Operating Income": 15,
        "EBIT": 24,
        "Net Income": 7
    },
    "2019-12-31": {
        "Diluted EPS": 0.0,
        "Total Revenue": NaN,
        "Gross Profit": NaN,
        "Operating Income": NaN,
        "EBIT": NaN,
        "Net Income": NaN
    },
    "2018-12-31": {
        "Diluted EPS": 0.0,
        "Total Revenue": NaN,
        "Gross Profit": NaN,
        "Operating Income": NaN,
        "EBIT": NaN,
        "Net Income": NaN
    },
    "2023-09-30": {
        "Tax Effect Of Unusual Items": 0.0,
        "Tax Rate For Calcs": 0.246,
        "Normalized EBITDA": 44233000.0,
        "Net Income From Continuing Operation Net Minority Interest": 7591000.0,
        "Reconciled Depreciation": 22762000.0,
        "Reconciled Cost Of Revenue": 195174000.0,
        "EBITDA": 44233000.0,
        "EBIT": 21471000.0,
        "Net Interest Income": -8923000.0,
        "Interest Expense": 11403000.0,
        "Interest Income": 2480000.0,
        "Normalized Income": 7591000.0,
        "Net Income From Continuing And Discontinued Operation": 7591000.0,
        "Total Expenses": 229870000.0,
        "Rent Expense Supplemental": 13980000.0,
        "Total Operating Income As Reported": 19006000.0,
        "Diluted Average Shares": 58595646.0,
        "Basic Average Shares": 55435386.0,
        "Diluted EPS": 0.13,
        "Basic EPS": 0.14,
        "Diluted NI Availto Com Stockholders": 7591000.0,
        "Net Income Common Stockholders": 7591000.0,
        "Net Income": 7591000.0,
        "Net Income Including Noncontrolling Interests": 7591000.0,
        "Net Income Continuous Operations": 7591000.0,
        "Tax Provision": 2477000.0,
        "Pretax Income": 10068000.0,
        "Other Income Expense": -15000.0,
        "Other Non Operating Income Expenses": -15000.0,
        "Net Non Operating Interest Income Expense": -8923000.0,
        "Interest Expense Non Operating": 11403000.0,
        "Interest Income Non Operating": 2480000.0,
        "Operating Income": 19006000.0,
        "Operating Expense": 34696000.0,
        "Other Operating Expenses": 27127000.0,
        "Selling General And Administration": 7569000.0,
        "Selling And Marketing Expense": 7569000.0,
        "Gross Profit": 53702000.0,
        "Cost Of Revenue": 195174000.0,
        "Total Revenue": 248876000.0,
        "Operating Revenue": 240414000.0
    },
    "2023-12-31": {
        "Tax Effect Of Unusual Items": 0.0,
        "Tax Rate For Calcs": 0.263055,
        "Normalized EBITDA": 43896000.0,
        "Net Income From Continuing Operation Net Minority Interest": 5645000.0,
        "Reconciled Depreciation": 24874000.0,
        "Reconciled Cost Of Revenue": 194416000.0,
        "EBITDA": 43896000.0,
        "EBIT": 19022000.0,
        "Net Interest Income": -8948000.0,
        "Interest Expense": 11362000.0,
        "Interest Income": 2414000.0,
        "Normalized Income": 5645000.0,
        "Net Income From Continuing And Discontinued Operation": 5645000.0,
        "Total Expenses": 228418000.0,
        "Rent Expense Supplemental": 12768000.0,
        "Total Operating Income As Reported": 17125000.0,
        "Diluted Average Shares": NaN,
        "Basic Average Shares": NaN,
        "Diluted EPS": NaN,
        "Basic EPS": NaN,
        "Diluted NI Availto Com Stockholders": 5645000.0,
        "Net Income Common Stockholders": 5645000.0,
        "Net Income": 5645000.0,
        "Net Income Including Noncontrolling Interests": 5645000.0,
        "Net Income Continuous Operations": 5645000.0,
        "Tax Provision": 2015000.0,
        "Pretax Income": 7660000.0,
        "Other Income Expense": -517000.0,
        "Other Non Operating Income Expenses": -517000.0,
        "Net Non Operating Interest Income Expense": -8948000.0,
        "Interest Expense Non Operating": 11362000.0,
        "Interest Income Non Operating": 2414000.0,
        "Operating Income": 17125000.0,
        "Operating Expense": 34002000.0,
        "Other Operating Expenses": 25902000.0,
        "Selling General And Administration": 8100000.0,
        "Selling And Marketing Expense": 8100000.0,
        "Gross Profit": 51127000.0,
        "Cost Of Revenue": 194416000.0,
        "Total Revenue": 245543000.0,
        "Operating Revenue": 235931000.0
    }
}