{
    "2023-03-31": {
        "Tax Effect Of Unusual Items": NaN,
        "Tax Rate For Calcs": NaN,
        "Normalized EBITDA": NaN,
        "Total Unusual Items": NaN,
        "Total Unusual Items Excluding Goodwill": NaN,
        "Net Income From Continuing Operation Net Minority Interest": NaN,
        "Reconciled Depreciation": NaN,
        "Reconciled Cost Of Revenue": NaN,
        "EBITDA": NaN,
        "EBIT": NaN,
        "Net Interest Income": NaN,
        "Interest Expense": NaN,
        "Normalized Income": NaN,
        "Net Income From Continuing And Discontinued Operation": NaN,
        "Total Expenses": NaN,
        "Total Operating Income As Reported": NaN,
        "Diluted Average Shares": 41272000.0,
        "Basic Average Shares": 41272000.0,
        "Diluted EPS": -0.09,
        "Basic EPS": -0.09,
        "Diluted NI Availto Com Stockholders": NaN,
        "Net Income Common Stockholders": NaN,
        "Net Income": NaN,
        "Net Income Including Noncontrolling Interests": NaN,
        "Net Income Continuous Operations": NaN,
        "Tax Provision": NaN,
        "Pretax Income": NaN,
        "Other Income Expense": NaN,
        "Other Non Operating Income Expenses": NaN,
        "Special Income Charges": NaN,
        "Gain On Sale Of Ppe": NaN,
        "Other Special Charges": NaN,
        "Net Non Operating Interest Income Expense": NaN,
        "Interest Expense Non Operating": NaN,
        "Operating Income": NaN,
        "Operating Expense": NaN,
        "Depreciation Amortization Depletion Income Statement": NaN,
        "Depreciation And Amortization In Income Statement": NaN,
        "Selling General And Administration": NaN,
        "General And Administrative Expense": 10764000.0,
        "Other Gand A": 10764000.0,
        "Salaries And Wages": 5145000.0,
        "Gross Profit": NaN,
        "Cost Of Revenue": NaN,
        "Total Revenue": NaN,
        "Operating Revenue": NaN
    },
    "2022-12-31": {
        "Tax Effect Of Unusual Items": NaN,
        "Tax Rate For Calcs": NaN,
        "Normalized EBITDA": NaN,
        "Total Unusual Items": NaN,
        "Total Unusual Items Excluding Goodwill": NaN,
        "Net Income From Continuing Operation Net Minority Interest": NaN,
        "Reconciled Depreciation": NaN,
        "Reconciled Cost Of Revenue": NaN,
        "EBITDA": NaN,
        "EBIT": NaN,
        "Net Interest Income": NaN,
        "Interest Expense": NaN,
        "Normalized Income": NaN,
        "Net Income From Continuing And Discontinued Operation": NaN,
        "Total Expenses": NaN,
        "Total Operating Income As Reported": NaN,
        "Diluted Average Shares": NaN,
        "Basic Average Shares": NaN,
        "Diluted EPS": NaN,
        "Basic EPS": NaN,
        "Diluted NI Availto Com Stockholders": NaN,
        "Net Income Common Stockholders": NaN,
        "Net Income": NaN,
        "Net Income Including Noncontrolling Interests": NaN,
        "Net Income Continuous Operations": NaN,
        "Tax Provision": NaN,
        "Pretax Income": NaN,
        "Other Income Expense": NaN,
        "Other Non Operating Income Expenses": NaN,
        "Special Income Charges": NaN,
        "Gain On Sale Of Ppe": NaN,
        "Other Special Charges": NaN,
        "Write Off": 0.0,
        "Net Non Operating Interest Income Expense": NaN,
        "Interest Expense Non Operating": NaN,
        "Operating Income": NaN,
        "Operating Expense": NaN,
        "Depreciation Amortization Depletion Income Statement": NaN,
        "Depreciation And Amortization In Income Statement": NaN,
        "Selling General And Administration": NaN,
        "General And Administrative Expense": NaN,
        "Other Gand A": NaN,
        "Salaries And Wages": 4771000.0,
        "Gross Profit": NaN,
        "Cost Of Revenue": NaN,
        "Total Revenue": NaN,
        "Operating Revenue": NaN
    },
    "2022-09-30": {
        "Tax Effect Of Unusual Items": NaN,
        "Tax Rate For Calcs": NaN,
        "Normalized EBITDA": NaN,
        "Total Unusual Items": NaN,
        "Total Unusual Items Excluding Goodwill": NaN,
        "Net Income From Continuing Operation Net Minority Interest": NaN,
        "Reconciled Depreciation": NaN,
        "Reconciled Cost Of Revenue": NaN,
        "EBITDA": NaN,
        "EBIT": NaN,
        "Net Interest Income": NaN,
        "Interest Expense": NaN,
        "Normalized Income": NaN,
        "Net Income From Continuing And Discontinued Operation": NaN,
        "Total Expenses": NaN,
        "Total Operating Income As Reported": NaN,
        "Diluted Average Shares": NaN,
        "Basic Average Shares": NaN,
        "Diluted EPS": NaN,
        "Basic EPS": NaN,
        "Diluted NI Availto Com Stockholders": NaN,
        "Net Income Common Stockholders": NaN,
        "Net Income": NaN,
        "Net Income Including Noncontrolling Interests": NaN,
        "Net Income Continuous Operations": NaN,
        "Tax Provision": NaN,
        "Pretax Income": NaN,
        "Other Income Expense": NaN,
        "Other Non Operating Income Expenses": NaN,
        "Special Income Charges": NaN,
        "Gain On Sale Of Ppe": NaN,
        "Write Off": 0.0,
        "Net Non Operating Interest Income Expense": NaN,
        "Interest Expense Non Operating": NaN,
        "Operating Income": NaN,
        "Operating Expense": NaN,
        "Depreciation Amortization Depletion Income Statement": NaN,
        "Depreciation And Amortization In Income Statement": NaN,
        "Selling General And Administration": NaN,
        "General And Administrative Expense": NaN,
        "Other Gand A": NaN,
        "Salaries And Wages": NaN,
        "Gross Profit": NaN,
        "Cost Of Revenue": NaN,
        "Total Revenue": NaN,
        "Operating Revenue": NaN
    },
    "2022-06-30": {
        "Tax Effect Of Unusual Items": -400.0,
        "Tax Rate For Calcs": 0.4,
        "Normalized EBITDA": 8281000.0,
        "Total Unusual Items": -1000.0,
        "Total Unusual Items Excluding Goodwill": -1000.0,
        "Net Income From Continuing Operation Net Minority Interest": -90000.0,
        "Reconciled Depreciation": 6837000.0,
        "Reconciled Cost Of Revenue": 53469000.0,
        "EBITDA": 8280000.0,
        "EBIT": 1443000.0,
        "Net Interest Income": -406000.0,
        "Interest Expense": 406000.0,
        "Normalized Income": -89400.0,
        "Net Income From Continuing And Discontinued Operation": -90000.0,
        "Total Expenses": 67326000.0,
        "Total Operating Income As Reported": 1387000.0,
        "Diluted Average Shares": 42181000.0,
        "Basic Average Shares": 42181000.0,
        "Diluted EPS": -0.002134,
        "Basic EPS": -0.002134,
        "Diluted NI Availto Com Stockholders": -90000.0,
        "Net Income Common Stockholders": -90000.0,
        "Net Income": -90000.0,
        "Net Income Including Noncontrolling Interests": -90000.0,
        "Net Income Continuous Operations": -90000.0,
        "Tax Provision": 1127000.0,
        "Pretax Income": 1037000.0,
        "Other Income Expense": 55000.0,
        "Other Non Operating Income Expenses": 56000.0,
        "Special Income Charges": -1000.0,
        "Gain On Sale Of Ppe": NaN,
        "Write Off": 1000.0,
        "Net Non Operating Interest Income Expense": -406000.0,
        "Interest Expense Non Operating": 406000.0,
        "Operating Income": 1388000.0,
        "Operating Expense": 7583000.0,
        "Depreciation Amortization Depletion Income Statement": 563000.0,
        "Depreciation And Amortization In Income Statement": 563000.0,
        "Selling General And Administration": 7020000.0,
        "General And Administrative Expense": 7020000.0,
        "Other Gand A": 3795000.0,
        "Salaries And Wages": 3225000.0,
        "Gross Profit": 8971000.0,
        "Cost Of Revenue": 59743000.0,
        "Total Revenue": 68714000.0,
        "Operating Revenue": 68714000.0
    },
    "2022-03-31": {
        "Diluted EPS": -0.14,
        "Total Revenue": 42,
        "Gross Profit": -2,
        "Operating Income": -10,
        "EBIT": -3,
        "Net Income": -6
    },
    "2021-12-31": {
        "Diluted EPS": -0.3,
        "Total Revenue": 35,
        "Gross Profit": -7,
        "Operating Income": -15,
        "EBIT": -6,
        "Net Income": -12
    },
    "2021-09-30": {
        "Diluted EPS": -0.17,
        "Total Revenue": 34,
        "Gross Profit": -2,
        "Operating Income": -9,
        "EBIT": -2,
        "Net Income": -7
    },
    "2021-06-30": {
        "Diluted EPS": -0.65,
        "Total Revenue": 30,
        "Gross Profit": -2,
        "Operating Income": -29,
        "EBIT": -22,
        "Net Income": -27
    },
    "2021-03-31": {
        "Diluted EPS": -0.09,
        "Total Revenue": 27,
        "Gross Profit": -5,
        "Operating Income": -11,
        "EBIT": -4,
        "Net Income": -4
    },
    "2020-12-31": {
        "Diluted EPS": -0.09,
        "Total Revenue": 25,
        "Gross Profit": -8,
        "Operating Income": -21,
        "EBIT": -10,
        "Net Income": -3
    },
    "2020-09-30": {
        "Diluted EPS": 0.91,
        "Total Revenue": 23,
        "Gross Profit": 5,
        "Operating Income": -1,
        "EBIT": 4,
        "Net Income": 36
    },
    "2020-06-30": {
        "Diluted EPS": 0.12,
        "Total Revenue": 26,
        "Gross Profit": 14,
        "Operating Income": 9,
        "EBIT": 14,
        "Net Income": 5
    },
    "2020-03-31": {
        "Diluted EPS": -0.0,
        "Total Revenue": 47,
        "Gross Profit": 6,
        "Operating Income": 1,
        "EBIT": 6,
        "Net Income": 0
    },
    "2019-12-31": {
        "Diluted EPS": 0.05,
        "Total Revenue": 48,
        "Gross Profit": 18,
        "Operating Income": 4,
        "EBIT": 19,
        "Net Income": 2
    },
    "2019-09-30": {
        "Diluted EPS": 0.27,
        "Total Revenue": 66,
        "Gross Profit": 27,
        "Operating Income": 14,
        "EBIT": 29,
        "Net Income": 11
    },
    "2019-06-30": {
        "Diluted EPS": 0.36,
        "Total Revenue": 68,
        "Gross Profit": 25,
        "Operating Income": 19,
        "EBIT": 26,
        "Net Income": 14
    },
    "2019-03-31": {
        "Diluted EPS": 0.1,
        "Total Revenue": 52,
        "Gross Profit": 11,
        "Operating Income": 6,
        "EBIT": 13,
        "Net Income": 4
    },
    "2018-12-31": {
        "Diluted EPS": -0.07,
        "Total Revenue": 52,
        "Gross Profit": 20,
        "Operating Income": -4,
        "EBIT": 19,
        "Net Income": -3
    },
    "2018-09-30": {
        "Diluted EPS": 0.3,
        "Total Revenue": 63,
        "Gross Profit": 23,
        "Operating Income": 17,
        "EBIT": 23,
        "Net Income": 12
    },
    "2018-06-30": {
        "Diluted EPS": 0.25,
        "Total Revenue": 54,
        "Gross Profit": 20,
        "Operating Income": 13,
        "EBIT": 17,
        "Net Income": 10
    },
    "2018-03-31": {
        "Diluted EPS": 0.02,
        "Total Revenue": 43,
        "Gross Profit": 7,
        "Operating Income": 1,
        "EBIT": 5,
        "Net Income": 1
    },
    "2017-12-31": {
        "Diluted EPS": 0.28,
        "Total Revenue": 43,
        "Gross Profit": 10,
        "Operating Income": 5,
        "EBIT": 7,
        "Net Income": 11
    },
    "2017-09-30": {
        "Diluted EPS": 0.17,
        "Total Revenue": 39,
        "Gross Profit": 13,
        "Operating Income": 9,
        "EBIT": 11,
        "Net Income": 7
    },
    "2017-06-30": {
        "Diluted EPS": 0.06,
        "Total Revenue": 30,
        "Gross Profit": 8,
        "Operating Income": 4,
        "EBIT": 6,
        "Net Income": 3
    },
    "2017-03-31": {
        "Diluted EPS": 0.02,
        "Total Revenue": 25,
        "Gross Profit": 5,
        "Operating Income": 2,
        "EBIT": 3,
        "Net Income": 1
    },
    "2016-12-31": {
        "Diluted EPS": 0.52,
        "Total Revenue": 29,
        "Gross Profit": 21,
        "Operating Income": 15,
        "EBIT": 17,
        "Net Income": 12
    },
    "2016-09-30": {
        "Diluted EPS": 0.0,
        "Total Revenue": 11,
        "Gross Profit": 5,
        "Operating Income": 3,
        "EBIT": 4,
        "Net Income": 0
    },
    "2016-06-30": {
        "Diluted EPS": -0.11,
        "Total Revenue": 8,
        "Gross Profit": 2,
        "Operating Income": 0,
        "EBIT": 1,
        "Net Income": -2
    },
    "2016-03-31": {
        "Diluted EPS": 0.01,
        "Total Revenue": 10,
        "Gross Profit": 5,
        "Operating Income": 3,
        "EBIT": 5,
        "Net Income": 0
    },
    "2015-12-31": {
        "Diluted EPS": 0.0,
        "Total Revenue": NaN,
        "Gross Profit": NaN,
        "Operating Income": NaN,
        "EBIT": NaN,
        "Net Income": NaN
    },
    "2015-09-30": {
        "Diluted EPS": 0.07,
        "Total Revenue": 9,
        "Gross Profit": 4,
        "Operating Income": 2,
        "EBIT": 2,
        "Net Income": 2
    },
    "2014-12-31": {
        "Diluted EPS": 0.0,
        "Total Revenue": NaN,
        "Gross Profit": NaN,
        "Operating Income": NaN,
        "EBIT": NaN,
        "Net Income": NaN
    },
    "2023-06-30": {
        "Tax Effect Of Unusual Items": -5040.0,
        "Tax Rate For Calcs": 0.21,
        "Normalized EBITDA": 10250000.0,
        "Total Unusual Items": -24000.0,
        "Total Unusual Items Excluding Goodwill": -24000.0,
        "Net Income From Continuing Operation Net Minority Interest": 6307000.0,
        "Reconciled Depreciation": 6984000.0,
        "Reconciled Cost Of Revenue": 55732000.0,
        "EBITDA": 10226000.0,
        "EBIT": 3242000.0,
        "Net Interest Income": -223000.0,
        "Interest Expense": 223000.0,
        "Normalized Income": 6325960.0,
        "Net Income From Continuing And Discontinued Operation": 6307000.0,
        "Total Expenses": 71669000.0,
        "Total Operating Income As Reported": 3083000.0,
        "Diluted Average Shares": 37968000.0,
        "Basic Average Shares": 37968000.0,
        "Diluted EPS": 0.17,
        "Basic EPS": 0.17,
        "Diluted NI Availto Com Stockholders": 6307000.0,
        "Net Income Common Stockholders": 6307000.0,
        "Net Income": 6307000.0,
        "Net Income Including Noncontrolling Interests": 6307000.0,
        "Net Income Continuous Operations": 6307000.0,
        "Tax Provision": -3288000.0,
        "Pretax Income": 3019000.0,
        "Other Income Expense": 135000.0,
        "Other Non Operating Income Expenses": 159000.0,
        "Special Income Charges": -24000.0,
        "Gain On Sale Of Ppe": -24000.0,
        "Other Special Charges": NaN,
        "Net Non Operating Interest Income Expense": -223000.0,
        "Interest Expense Non Operating": 223000.0,
        "Operating Income": 3107000.0,
        "Operating Expense": 9582000.0,
        "Depreciation Amortization Depletion Income Statement": 629000.0,
        "Depreciation And Amortization In Income Statement": 629000.0,
        "Selling General And Administration": 8953000.0,
        "General And Administrative Expense": 8953000.0,
        "Other Gand A": 4590000.0,
        "Salaries And Wages": 4363000.0,
        "Gross Profit": 12689000.0,
        "Cost Of Revenue": 62087000.0,
        "Total Revenue": 74776000.0,
        "Operating Revenue": 74776000.0
    },
    "2023-09-30": {
        "Tax Effect Of Unusual Items": 19320.0,
        "Tax Rate For Calcs": 0.21,
        "Normalized EBITDA": 12251000.0,
        "Total Unusual Items": 92000.0,
        "Total Unusual Items Excluding Goodwill": 92000.0,
        "Net Income From Continuing Operation Net Minority Interest": 6727000.0,
        "Reconciled Depreciation": 7219000.0,
        "Reconciled Cost Of Revenue": 55930000.0,
        "EBITDA": 12343000.0,
        "EBIT": 5124000.0,
        "Net Interest Income": -276000.0,
        "Interest Expense": 276000.0,
        "Normalized Income": 6654320.0,
        "Net Income From Continuing And Discontinued Operation": 6727000.0,
        "Total Expenses": 72066000.0,
        "Total Operating Income As Reported": 4926000.0,
        "Diluted Average Shares": 38412000.0,
        "Basic Average Shares": 38253000.0,
        "Diluted EPS": 0.18,
        "Basic EPS": 0.18,
        "Diluted NI Availto Com Stockholders": 6727000.0,
        "Net Income Common Stockholders": 6727000.0,
        "Net Income": 6727000.0,
        "Net Income Including Noncontrolling Interests": 6727000.0,
        "Net Income Continuous Operations": 6727000.0,
        "Tax Provision": -1879000.0,
        "Pretax Income": 4848000.0,
        "Other Income Expense": 290000.0,
        "Other Non Operating Income Expenses": 198000.0,
        "Special Income Charges": 92000.0,
        "Gain On Sale Of Ppe": 92000.0,
        "Other Special Charges": NaN,
        "Net Non Operating Interest Income Expense": -276000.0,
        "Interest Expense Non Operating": 276000.0,
        "Operating Income": 4834000.0,
        "Operating Expense": 9564000.0,
        "Depreciation Amortization Depletion Income Statement": 647000.0,
        "Depreciation And Amortization In Income Statement": 647000.0,
        "Selling General And Administration": 8917000.0,
        "General And Administrative Expense": 8917000.0,
        "Other Gand A": 4625000.0,
        "Salaries And Wages": 4292000.0,
        "Gross Profit": 14398000.0,
        "Cost Of Revenue": 62502000.0,
        "Total Revenue": 76900000.0,
        "Operating Revenue": 76900000.0
    },
    "2023-12-31": {
        "Tax Effect Of Unusual Items": 3990.0,
        "Tax Rate For Calcs": 0.21,
        "Normalized EBITDA": -495000.0,
        "Total Unusual Items": 19000.0,
        "Total Unusual Items Excluding Goodwill": 19000.0,
        "Net Income From Continuing Operation Net Minority Interest": -4786000.0,
        "Reconciled Depreciation": 7310000.0,
        "Reconciled Cost Of Revenue": 52473000.0,
        "EBITDA": -476000.0,
        "EBIT": -7786000.0,
        "Net Interest Income": -332000.0,
        "Interest Expense": 332000.0,
        "Normalized Income": -4801010.0,
        "Net Income From Continuing And Discontinued Operation": -4786000.0,
        "Total Expenses": 69871000.0,
        "Total Operating Income As Reported": -7905000.0,
        "Diluted Average Shares": NaN,
        "Basic Average Shares": NaN,
        "Diluted EPS": NaN,
        "Basic EPS": NaN,
        "Diluted NI Availto Com Stockholders": -4786000.0,
        "Net Income Common Stockholders": -4786000.0,
        "Net Income": -4786000.0,
        "Net Income Including Noncontrolling Interests": -4786000.0,
        "Net Income Continuous Operations": -4786000.0,
        "Tax Provision": -3332000.0,
        "Pretax Income": -8118000.0,
        "Other Income Expense": 138000.0,
        "Other Non Operating Income Expenses": 119000.0,
        "Special Income Charges": 19000.0,
        "Gain On Sale Of Ppe": 19000.0,
        "Other Special Charges": NaN,
        "Net Non Operating Interest Income Expense": -332000.0,
        "Interest Expense Non Operating": 332000.0,
        "Operating Income": -7924000.0,
        "Operating Expense": 10755000.0,
        "Depreciation Amortization Depletion Income Statement": 667000.0,
        "Depreciation And Amortization In Income Statement": 667000.0,
        "Selling General And Administration": 10088000.0,
        "General And Administrative Expense": 10088000.0,
        "Other Gand A": 5579000.0,
        "Salaries And Wages": 4509000.0,
        "Gross Profit": 2831000.0,
        "Cost Of Revenue": 59116000.0,
        "Total Revenue": 61947000.0,
        "Operating Revenue": 61947000.0
    },
    "2024-03-31": {
        "Tax Effect Of Unusual Items": -630.0,
        "Tax Rate For Calcs": 0.21,
        "Normalized EBITDA": 8323000.0,
        "Total Unusual Items": -3000.0,
        "Total Unusual Items Excluding Goodwill": -3000.0,
        "Net Income From Continuing Operation Net Minority Interest": -216000.0,
        "Reconciled Depreciation": 7440000.0,
        "Reconciled Cost Of Revenue": 64475000.0,
        "EBITDA": 8320000.0,
        "EBIT": 880000.0,
        "Net Interest Income": -489000.0,
        "Interest Expense": 489000.0,
        "Normalized Income": -213630.0,
        "Net Income From Continuing And Discontinued Operation": -216000.0,
        "Total Expenses": 82265000.0,
        "Total Operating Income As Reported": 784000.0,
        "Diluted Average Shares": 38555000.0,
        "Basic Average Shares": 38555000.0,
        "Diluted EPS": -0.01,
        "Basic EPS": -0.01,
        "Diluted NI Availto Com Stockholders": -216000.0,
        "Net Income Common Stockholders": -216000.0,
        "Net Income": -216000.0,
        "Net Income Including Noncontrolling Interests": -216000.0,
        "Net Income Continuous Operations": -216000.0,
        "Tax Provision": 607000.0,
        "Pretax Income": 391000.0,
        "Other Income Expense": 93000.0,
        "Other Non Operating Income Expenses": 96000.0,
        "Special Income Charges": -3000.0,
        "Gain On Sale Of Ppe": -3000.0,
        "Other Special Charges": NaN,
        "Net Non Operating Interest Income Expense": -489000.0,
        "Interest Expense Non Operating": 489000.0,
        "Operating Income": 787000.0,
        "Operating Expense": 11024000.0,
        "Depreciation Amortization Depletion Income Statement": 674000.0,
        "Depreciation And Amortization In Income Statement": 674000.0,
        "Selling General And Administration": 10350000.0,
        "General And Administrative Expense": 10350000.0,
        "Other Gand A": 10350000.0,
        "Salaries And Wages": NaN,
        "Gross Profit": 11811000.0,
        "Cost Of Revenue": 71241000.0,
        "Total Revenue": 83052000.0,
        "Operating Revenue": 83052000.0
    },
    "2024-06-30": {
        "Tax Effect Of Unusual Items": -275730.0,
        "Tax Rate For Calcs": 0.21,
        "Normalized EBITDA": 11060000.0,
        "Total Unusual Items": -1313000.0,
        "Total Unusual Items Excluding Goodwill": -1313000.0,
        "Net Income From Continuing Operation Net Minority Interest": -430000.0,
        "Reconciled Depreciation": 7454000.0,
        "Reconciled Cost Of Revenue": 53944000.0,
        "EBITDA": 9747000.0,
        "EBIT": 2293000.0,
        "Net Interest Income": -393000.0,
        "Interest Expense": 393000.0,
        "Normalized Income": 607270.0,
        "Net Income From Continuing And Discontinued Operation": -430000.0,
        "Total Expenses": 70269000.0,
        "Total Operating Income As Reported": 3528000.0,
        "Diluted Average Shares": 38724000.0,
        "Basic Average Shares": 38724000.0,
        "Diluted EPS": -0.01,
        "Basic EPS": -0.01,
        "Diluted NI Availto Com Stockholders": -430000.0,
        "Net Income Common Stockholders": -430000.0,
        "Net Income": -430000.0,
        "Net Income Including Noncontrolling Interests": -430000.0,
        "Net Income Continuous Operations": -430000.0,
        "Tax Provision": 2330000.0,
        "Pretax Income": 1900000.0,
        "Other Income Expense": -1238000.0,
        "Other Non Operating Income Expenses": 75000.0,
        "Special Income Charges": -1313000.0,
        "Gain On Sale Of Ppe": -3000.0,
        "Other Special Charges": 1310000.0,
        "Net Non Operating Interest Income Expense": -393000.0,
        "Interest Expense Non Operating": 393000.0,
        "Operating Income": 3531000.0,
        "Operating Expense": 9542000.0,
        "Depreciation Amortization Depletion Income Statement": 671000.0,
        "Depreciation And Amortization In Income Statement": 671000.0,
        "Selling General And Administration": 8871000.0,
        "General And Administrative Expense": NaN,
        "Other Gand A": NaN,
        "Salaries And Wages": NaN,
        "Gross Profit": 13073000.0,
        "Cost Of Revenue": 60727000.0,
        "Total Revenue": 73800000.0,
        "Operating Revenue": 73800000.0
    }
}