{
    "2023-03-31": {
        "Tax Effect Of Unusual Items": NaN,
        "Tax Rate For Calcs": NaN,
        "Normalized EBITDA": NaN,
        "Total Unusual Items": NaN,
        "Total Unusual Items Excluding Goodwill": NaN,
        "Net Income From Continuing Operation Net Minority Interest": NaN,
        "Reconciled Depreciation": NaN,
        "Reconciled Cost Of Revenue": NaN,
        "EBITDA": NaN,
        "EBIT": NaN,
        "Net Interest Income": NaN,
        "Interest Expense": NaN,
        "Interest Income": NaN,
        "Normalized Income": NaN,
        "Net Income From Continuing And Discontinued Operation": NaN,
        "Total Expenses": NaN,
        "Diluted Average Shares": NaN,
        "Basic Average Shares": NaN,
        "Diluted EPS": NaN,
        "Basic EPS": NaN,
        "Diluted NI Availto Com Stockholders": NaN,
        "Net Income Common Stockholders": NaN,
        "Otherunder Preferred Stock Dividend": 3182000.0,
        "Preferred Stock Dividends": NaN,
        "Net Income": NaN,
        "Minority Interests": NaN,
        "Net Income Including Noncontrolling Interests": NaN,
        "Net Income Continuous Operations": NaN,
        "Tax Provision": NaN,
        "Pretax Income": NaN,
        "Other Income Expense": NaN,
        "Other Non Operating Income Expenses": NaN,
        "Special Income Charges": NaN,
        "Gain On Sale Of Ppe": 251000.0,
        "Other Special Charges": -36339000.0,
        "Impairment Of Capital Assets": NaN,
        "Earnings From Equity Interest": NaN,
        "Net Non Operating Interest Income Expense": NaN,
        "Interest Expense Non Operating": NaN,
        "Interest Income Non Operating": NaN,
        "Operating Income": NaN,
        "Operating Expense": NaN,
        "Other Operating Expenses": 43808000.0,
        "Depreciation Amortization Depletion Income Statement": NaN,
        "Depreciation And Amortization In Income Statement": NaN,
        "Selling General And Administration": NaN,
        "General And Administrative Expense": NaN,
        "Other Gand A": NaN,
        "Gross Profit": NaN,
        "Cost Of Revenue": NaN,
        "Total Revenue": NaN,
        "Operating Revenue": NaN
    },
    "2022-12-31": {
        "Tax Effect Of Unusual Items": NaN,
        "Tax Rate For Calcs": NaN,
        "Normalized EBITDA": NaN,
        "Total Unusual Items": NaN,
        "Total Unusual Items Excluding Goodwill": NaN,
        "Net Income From Continuing Operation Net Minority Interest": NaN,
        "Reconciled Depreciation": NaN,
        "Reconciled Cost Of Revenue": NaN,
        "EBITDA": NaN,
        "EBIT": NaN,
        "Net Interest Income": NaN,
        "Interest Expense": NaN,
        "Interest Income": NaN,
        "Normalized Income": NaN,
        "Net Income From Continuing And Discontinued Operation": NaN,
        "Total Expenses": NaN,
        "Diluted Average Shares": NaN,
        "Basic Average Shares": NaN,
        "Diluted EPS": NaN,
        "Basic EPS": NaN,
        "Diluted NI Availto Com Stockholders": NaN,
        "Net Income Common Stockholders": NaN,
        "Otherunder Preferred Stock Dividend": NaN,
        "Preferred Stock Dividends": NaN,
        "Net Income": NaN,
        "Net Income Including Noncontrolling Interests": NaN,
        "Net Income Continuous Operations": NaN,
        "Tax Provision": NaN,
        "Pretax Income": NaN,
        "Other Income Expense": NaN,
        "Other Non Operating Income Expenses": NaN,
        "Special Income Charges": NaN,
        "Gain On Sale Of Ppe": NaN,
        "Other Special Charges": 0.0,
        "Impairment Of Capital Assets": NaN,
        "Earnings From Equity Interest": NaN,
        "Net Non Operating Interest Income Expense": NaN,
        "Interest Expense Non Operating": NaN,
        "Interest Income Non Operating": NaN,
        "Operating Income": NaN,
        "Operating Expense": NaN,
        "Other Operating Expenses": NaN,
        "Depreciation Amortization Depletion Income Statement": NaN,
        "Depreciation And Amortization In Income Statement": NaN,
        "Selling General And Administration": NaN,
        "General And Administrative Expense": NaN,
        "Other Gand A": NaN,
        "Gross Profit": NaN,
        "Cost Of Revenue": NaN,
        "Total Revenue": NaN,
        "Operating Revenue": NaN
    },
    "2022-09-30": {
        "Tax Effect Of Unusual Items": NaN,
        "Tax Rate For Calcs": NaN,
        "Normalized EBITDA": NaN,
        "Total Unusual Items": NaN,
        "Total Unusual Items Excluding Goodwill": NaN,
        "Net Income From Continuing Operation Net Minority Interest": NaN,
        "Reconciled Depreciation": NaN,
        "Reconciled Cost Of Revenue": NaN,
        "EBITDA": NaN,
        "EBIT": NaN,
        "Net Interest Income": NaN,
        "Interest Expense": NaN,
        "Interest Income": NaN,
        "Normalized Income": NaN,
        "Net Income From Continuing And Discontinued Operation": NaN,
        "Total Expenses": NaN,
        "Diluted Average Shares": NaN,
        "Basic Average Shares": NaN,
        "Diluted EPS": NaN,
        "Basic EPS": NaN,
        "Diluted NI Availto Com Stockholders": NaN,
        "Net Income Common Stockholders": NaN,
        "Otherunder Preferred Stock Dividend": NaN,
        "Preferred Stock Dividends": NaN,
        "Net Income": NaN,
        "Net Income Including Noncontrolling Interests": NaN,
        "Net Income Continuous Operations": NaN,
        "Tax Provision": NaN,
        "Pretax Income": NaN,
        "Other Income Expense": NaN,
        "Other Non Operating Income Expenses": NaN,
        "Special Income Charges": NaN,
        "Gain On Sale Of Ppe": 0.0,
        "Other Special Charges": NaN,
        "Impairment Of Capital Assets": 0.0,
        "Net Non Operating Interest Income Expense": NaN,
        "Interest Expense Non Operating": NaN,
        "Interest Income Non Operating": NaN,
        "Operating Income": NaN,
        "Operating Expense": NaN,
        "Other Operating Expenses": 43123000.0,
        "Depreciation Amortization Depletion Income Statement": NaN,
        "Depreciation And Amortization In Income Statement": NaN,
        "Selling General And Administration": NaN,
        "General And Administrative Expense": NaN,
        "Other Gand A": NaN,
        "Gross Profit": NaN,
        "Cost Of Revenue": NaN,
        "Total Revenue": NaN,
        "Operating Revenue": NaN
    },
    "2022-06-30": {
        "Tax Effect Of Unusual Items": 0.0,
        "Tax Rate For Calcs": 0.0,
        "Normalized EBITDA": 10181000.0,
        "Total Unusual Items": 0.0,
        "Total Unusual Items Excluding Goodwill": 0.0,
        "Net Income From Continuing Operation Net Minority Interest": -7410000.0,
        "Reconciled Depreciation": 9671000.0,
        "Reconciled Cost Of Revenue": 48551000.0,
        "EBITDA": 10181000.0,
        "EBIT": 510000.0,
        "Net Interest Income": -7918000.0,
        "Interest Expense": 7920000.0,
        "Interest Income": 2000.0,
        "Normalized Income": -7410000.0,
        "Net Income From Continuing And Discontinued Operation": -7410000.0,
        "Total Expenses": 67661000.0,
        "Diluted Average Shares": 6358000.0,
        "Basic Average Shares": 6358000.0,
        "Diluted EPS": -1.34,
        "Basic EPS": -1.34,
        "Diluted NI Availto Com Stockholders": -8544000.0,
        "Net Income Common Stockholders": -8544000.0,
        "Otherunder Preferred Stock Dividend": NaN,
        "Preferred Stock Dividends": 1134000.0,
        "Net Income": -7410000.0,
        "Net Income Including Noncontrolling Interests": -7410000.0,
        "Net Income Continuous Operations": -7410000.0,
        "Tax Provision": 0.0,
        "Pretax Income": -7410000.0,
        "Other Income Expense": 8532000.0,
        "Other Non Operating Income Expenses": 8532000.0,
        "Special Income Charges": 0.0,
        "Gain On Sale Of Ppe": 0.0,
        "Other Special Charges": NaN,
        "Impairment Of Capital Assets": NaN,
        "Net Non Operating Interest Income Expense": -7918000.0,
        "Interest Expense Non Operating": 7920000.0,
        "Interest Income Non Operating": 2000.0,
        "Operating Income": -8024000.0,
        "Operating Expense": 19110000.0,
        "Other Operating Expenses": NaN,
        "Depreciation Amortization Depletion Income Statement": 9671000.0,
        "Depreciation And Amortization In Income Statement": 9671000.0,
        "Selling General And Administration": 9439000.0,
        "General And Administrative Expense": 9439000.0,
        "Other Gand A": 9439000.0,
        "Gross Profit": 11086000.0,
        "Cost Of Revenue": 48551000.0,
        "Total Revenue": 59637000.0,
        "Operating Revenue": 52596000.0
    },
    "2022-03-31": {
        "Diluted EPS": -2.81,
        "Total Revenue": 58,
        "Gross Profit": 17,
        "Operating Income": -8,
        "EBIT": 2,
        "Net Income": -18
    },
    "2021-12-31": {
        "Diluted EPS": -21.85,
        "Total Revenue": 58,
        "Gross Profit": 15,
        "Operating Income": -17,
        "EBIT": -7,
        "Net Income": -13
    },
    "2021-09-30": {
        "Diluted EPS": 17.48,
        "Total Revenue": 58,
        "Gross Profit": 17,
        "Operating Income": -8,
        "EBIT": 2,
        "Net Income": 37
    },
    "2021-06-30": {
        "Diluted EPS": 23.49,
        "Total Revenue": 58,
        "Gross Profit": 20,
        "Operating Income": -9,
        "EBIT": 1,
        "Net Income": 49
    },
    "2021-03-31": {
        "Diluted EPS": 18.8,
        "Total Revenue": 62,
        "Gross Profit": 25,
        "Operating Income": -7,
        "EBIT": 3,
        "Net Income": 39
    },
    "2020-12-31": {
        "Diluted EPS": -9.64,
        "Total Revenue": 80,
        "Gross Profit": 37,
        "Operating Income": -3,
        "EBIT": 10,
        "Net Income": -20
    },
    "2020-09-30": {
        "Diluted EPS": -104.91,
        "Total Revenue": 96,
        "Gross Profit": 31,
        "Operating Income": -12,
        "EBIT": 4,
        "Net Income": -215
    },
    "2020-06-30": {
        "Diluted EPS": -6.25,
        "Total Revenue": 101,
        "Gross Profit": 30,
        "Operating Income": -1,
        "EBIT": 15,
        "Net Income": -13
    },
    "2020-03-31": {
        "Diluted EPS": -23.28,
        "Total Revenue": 106,
        "Gross Profit": 31,
        "Operating Income": -39,
        "EBIT": -23,
        "Net Income": -47
    },
    "2019-12-31": {
        "Diluted EPS": 4.92,
        "Total Revenue": 109,
        "Gross Profit": 28,
        "Operating Income": -12,
        "EBIT": 5,
        "Net Income": 10
    },
    "2019-09-30": {
        "Diluted EPS": -10.2,
        "Total Revenue": 111,
        "Gross Profit": 31,
        "Operating Income": -8,
        "EBIT": 8,
        "Net Income": -21
    },
    "2019-06-30": {
        "Diluted EPS": -6.15,
        "Total Revenue": 113,
        "Gross Profit": 39,
        "Operating Income": 0,
        "EBIT": 17,
        "Net Income": -13
    },
    "2019-03-31": {
        "Diluted EPS": -6.45,
        "Total Revenue": 114,
        "Gross Profit": 39,
        "Operating Income": 2,
        "EBIT": 18,
        "Net Income": -13
    },
    "2018-12-31": {
        "Diluted EPS": -13.33,
        "Total Revenue": 115,
        "Gross Profit": 38,
        "Operating Income": -3,
        "EBIT": 13,
        "Net Income": -26
    },
    "2018-09-30": {
        "Diluted EPS": -5.55,
        "Total Revenue": 116,
        "Gross Profit": 39,
        "Operating Income": 2,
        "EBIT": 18,
        "Net Income": -11
    },
    "2018-06-30": {
        "Diluted EPS": -4.5,
        "Total Revenue": 115,
        "Gross Profit": 42,
        "Operating Income": 4,
        "EBIT": 19,
        "Net Income": -9
    },
    "2018-03-31": {
        "Diluted EPS": -3.6,
        "Total Revenue": 115,
        "Gross Profit": 43,
        "Operating Income": 5,
        "EBIT": 21,
        "Net Income": -7
    },
    "2017-12-31": {
        "Diluted EPS": -3.0,
        "Total Revenue": 117,
        "Gross Profit": 47,
        "Operating Income": 8,
        "EBIT": 24,
        "Net Income": -6
    },
    "2017-09-30": {
        "Diluted EPS": -4.2,
        "Total Revenue": 117,
        "Gross Profit": 43,
        "Operating Income": 5,
        "EBIT": 22,
        "Net Income": -8
    },
    "2017-06-30": {
        "Diluted EPS": -4.05,
        "Total Revenue": 117,
        "Gross Profit": 43,
        "Operating Income": 5,
        "EBIT": 22,
        "Net Income": -8
    },
    "2017-03-31": {
        "Diluted EPS": -11.24,
        "Total Revenue": 116,
        "Gross Profit": 43,
        "Operating Income": -10,
        "EBIT": 8,
        "Net Income": -22
    },
    "2016-12-31": {
        "Diluted EPS": -5.55,
        "Total Revenue": 116,
        "Gross Profit": 45,
        "Operating Income": 1,
        "EBIT": 17,
        "Net Income": -11
    },
    "2016-09-30": {
        "Diluted EPS": -3.6,
        "Total Revenue": 111,
        "Gross Profit": 42,
        "Operating Income": 4,
        "EBIT": 18,
        "Net Income": -7
    },
    "2016-06-30": {
        "Diluted EPS": -2.25,
        "Total Revenue": 111,
        "Gross Profit": 44,
        "Operating Income": 6,
        "EBIT": 21,
        "Net Income": -4
    },
    "2016-03-31": {
        "Diluted EPS": -3.15,
        "Total Revenue": 109,
        "Gross Profit": 43,
        "Operating Income": 4,
        "EBIT": 19,
        "Net Income": -6
    },
    "2015-12-31": {
        "Diluted EPS": -3.15,
        "Total Revenue": 108,
        "Gross Profit": 43,
        "Operating Income": 6,
        "EBIT": 20,
        "Net Income": -6
    },
    "2015-09-30": {
        "Diluted EPS": 1.5,
        "Total Revenue": 104,
        "Gross Profit": 41,
        "Operating Income": 6,
        "EBIT": 19,
        "Net Income": 3
    },
    "2015-06-30": {
        "Diluted EPS": -2.7,
        "Total Revenue": 102,
        "Gross Profit": 41,
        "Operating Income": 4,
        "EBIT": 18,
        "Net Income": -5
    },
    "2015-03-31": {
        "Diluted EPS": -3.15,
        "Total Revenue": 99,
        "Gross Profit": 39,
        "Operating Income": 4,
        "EBIT": 17,
        "Net Income": -6
    },
    "2014-12-31": {
        "Diluted EPS": -1.95,
        "Total Revenue": 100,
        "Gross Profit": 41,
        "Operating Income": 5,
        "EBIT": 20,
        "Net Income": -4
    },
    "2014-09-30": {
        "Diluted EPS": -3.0,
        "Total Revenue": 98,
        "Gross Profit": 38,
        "Operating Income": 3,
        "EBIT": 17,
        "Net Income": -6
    },
    "2014-06-30": {
        "Diluted EPS": -5.1,
        "Total Revenue": 93,
        "Gross Profit": 38,
        "Operating Income": 3,
        "EBIT": 15,
        "Net Income": -10
    },
    "2014-03-31": {
        "Diluted EPS": -2.4,
        "Total Revenue": 92,
        "Gross Profit": 36,
        "Operating Income": 3,
        "EBIT": 14,
        "Net Income": -5
    },
    "2013-12-31": {
        "Diluted EPS": -1.35,
        "Total Revenue": 89,
        "Gross Profit": 35,
        "Operating Income": 3,
        "EBIT": 13,
        "Net Income": -2
    },
    "2013-09-30": {
        "Diluted EPS": -5.25,
        "Total Revenue": 88,
        "Gross Profit": 35,
        "Operating Income": 3,
        "EBIT": 14,
        "Net Income": -10
    },
    "2013-06-30": {
        "Diluted EPS": -1.05,
        "Total Revenue": 87,
        "Gross Profit": 36,
        "Operating Income": 3,
        "EBIT": 14,
        "Net Income": -2
    },
    "2013-03-31": {
        "Diluted EPS": -1.05,
        "Total Revenue": 86,
        "Gross Profit": 36,
        "Operating Income": 3,
        "EBIT": 15,
        "Net Income": -2
    },
    "2012-12-31": {
        "Diluted EPS": -1.05,
        "Total Revenue": 83,
        "Gross Profit": 35,
        "Operating Income": 3,
        "EBIT": 14,
        "Net Income": -2
    },
    "2012-09-30": {
        "Diluted EPS": -0.45,
        "Total Revenue": 78,
        "Gross Profit": 31,
        "Operating Income": 3,
        "EBIT": 13,
        "Net Income": -1
    },
    "2012-06-30": {
        "Diluted EPS": -0.3,
        "Total Revenue": 77,
        "Gross Profit": 32,
        "Operating Income": 3,
        "EBIT": 13,
        "Net Income": -1
    },
    "2012-03-31": {
        "Diluted EPS": 0.15,
        "Total Revenue": 72,
        "Gross Profit": 30,
        "Operating Income": 4,
        "EBIT": 11,
        "Net Income": 0
    },
    "2011-12-31": {
        "Diluted EPS": 0.15,
        "Total Revenue": 71,
        "Gross Profit": 30,
        "Operating Income": 4,
        "EBIT": 11,
        "Net Income": 0
    },
    "2011-09-30": {
        "Diluted EPS": 0.3,
        "Total Revenue": 68,
        "Gross Profit": 27,
        "Operating Income": 4,
        "EBIT": 9,
        "Net Income": 1
    },
    "2011-06-30": {
        "Diluted EPS": 0.45,
        "Total Revenue": 64,
        "Gross Profit": 27,
        "Operating Income": 4,
        "EBIT": 9,
        "Net Income": 1
    },
    "2011-03-31": {
        "Diluted EPS": 0.75,
        "Total Revenue": 60,
        "Gross Profit": 26,
        "Operating Income": 5,
        "EBIT": 9,
        "Net Income": 1
    },
    "2010-12-31": {
        "Diluted EPS": 0.9,
        "Total Revenue": 60,
        "Gross Profit": 26,
        "Operating Income": 6,
        "EBIT": 10,
        "Net Income": 2
    },
    "2010-09-30": {
        "Diluted EPS": 0.3,
        "Total Revenue": 54,
        "Gross Profit": 22,
        "Operating Income": 4,
        "EBIT": 8,
        "Net Income": 0
    },
    "2010-06-30": {
        "Diluted EPS": 0.75,
        "Total Revenue": 51,
        "Gross Profit": 22,
        "Operating Income": 5,
        "EBIT": 8,
        "Net Income": 1
    },
    "2010-03-31": {
        "Diluted EPS": 0.45,
        "Total Revenue": 48,
        "Gross Profit": 22,
        "Operating Income": 4,
        "EBIT": 8,
        "Net Income": 1
    },
    "2009-12-31": {
        "Diluted EPS": 0.3,
        "Total Revenue": 49,
        "Gross Profit": 23,
        "Operating Income": 4,
        "EBIT": 8,
        "Net Income": 1
    },
    "2009-09-30": {
        "Diluted EPS": 0.45,
        "Total Revenue": 48,
        "Gross Profit": 21,
        "Operating Income": 4,
        "EBIT": 8,
        "Net Income": 1
    },
    "2009-06-30": {
        "Diluted EPS": 0.3,
        "Total Revenue": 47,
        "Gross Profit": 21,
        "Operating Income": 4,
        "EBIT": 7,
        "Net Income": 0
    },
    "2009-03-31": {
        "Diluted EPS": 0.45,
        "Total Revenue": 48,
        "Gross Profit": 22,
        "Operating Income": 4,
        "EBIT": 8,
        "Net Income": 1
    },
    "2023-06-30": {
        "Tax Effect Of Unusual Items": NaN,
        "Tax Rate For Calcs": NaN,
        "Normalized EBITDA": NaN,
        "Total Unusual Items": NaN,
        "Total Unusual Items Excluding Goodwill": NaN,
        "Net Income From Continuing Operation Net Minority Interest": NaN,
        "Reconciled Depreciation": NaN,
        "Reconciled Cost Of Revenue": NaN,
        "EBITDA": NaN,
        "EBIT": NaN,
        "Net Interest Income": NaN,
        "Interest Expense": NaN,
        "Interest Income": NaN,
        "Normalized Income": NaN,
        "Net Income From Continuing And Discontinued Operation": NaN,
        "Total Expenses": NaN,
        "Diluted Average Shares": NaN,
        "Basic Average Shares": NaN,
        "Diluted EPS": NaN,
        "Basic EPS": NaN,
        "Diluted NI Availto Com Stockholders": NaN,
        "Net Income Common Stockholders": NaN,
        "Otherunder Preferred Stock Dividend": 0.0,
        "Preferred Stock Dividends": NaN,
        "Net Income": NaN,
        "Minority Interests": NaN,
        "Net Income Including Noncontrolling Interests": NaN,
        "Net Income Continuous Operations": NaN,
        "Tax Provision": NaN,
        "Pretax Income": NaN,
        "Other Income Expense": NaN,
        "Other Non Operating Income Expenses": NaN,
        "Special Income Charges": NaN,
        "Gain On Sale Of Ppe": 0.0,
        "Other Special Charges": NaN,
        "Impairment Of Capital Assets": NaN,
        "Earnings From Equity Interest": 0.0,
        "Net Non Operating Interest Income Expense": NaN,
        "Interest Expense Non Operating": NaN,
        "Interest Income Non Operating": NaN,
        "Operating Income": NaN,
        "Operating Expense": NaN,
        "Other Operating Expenses": NaN,
        "Depreciation Amortization Depletion Income Statement": NaN,
        "Depreciation And Amortization In Income Statement": NaN,
        "Selling General And Administration": NaN,
        "General And Administrative Expense": NaN,
        "Other Gand A": NaN,
        "Gross Profit": NaN,
        "Cost Of Revenue": NaN,
        "Total Revenue": NaN,
        "Operating Revenue": NaN
    },
    "2023-09-30": {
        "Tax Effect Of Unusual Items": -1252650.0,
        "Tax Rate For Calcs": 0.21,
        "Normalized EBITDA": 6600000.0,
        "Total Unusual Items": -5965000.0,
        "Total Unusual Items Excluding Goodwill": -5965000.0,
        "Net Income From Continuing Operation Net Minority Interest": -18411000.0,
        "Reconciled Depreciation": 9943000.0,
        "Reconciled Cost Of Revenue": 49475000.0,
        "EBITDA": 635000.0,
        "EBIT": -9308000.0,
        "Net Interest Income": -8881000.0,
        "Interest Expense": 9020000.0,
        "Interest Income": 139000.0,
        "Normalized Income": -13698650.0,
        "Net Income From Continuing And Discontinued Operation": -18411000.0,
        "Total Expenses": 68033000.0,
        "Diluted Average Shares": 7050000.0,
        "Basic Average Shares": 7050000.0,
        "Diluted EPS": -2.79,
        "Basic EPS": -2.79,
        "Diluted NI Availto Com Stockholders": -19676000.0,
        "Net Income Common Stockholders": -19676000.0,
        "Otherunder Preferred Stock Dividend": NaN,
        "Preferred Stock Dividends": 1265000.0,
        "Net Income": -18411000.0,
        "Minority Interests": 0.0,
        "Net Income Including Noncontrolling Interests": -18411000.0,
        "Net Income Continuous Operations": -18411000.0,
        "Tax Provision": 83000.0,
        "Pretax Income": -18328000.0,
        "Other Income Expense": -6089000.0,
        "Other Non Operating Income Expenses": -124000.0,
        "Special Income Charges": -5965000.0,
        "Gain On Sale Of Ppe": -34000.0,
        "Other Special Charges": NaN,
        "Impairment Of Capital Assets": 5965000.0,
        "Earnings From Equity Interest": 0.0,
        "Net Non Operating Interest Income Expense": -8881000.0,
        "Interest Expense Non Operating": 9020000.0,
        "Interest Income Non Operating": 139000.0,
        "Operating Income": -3358000.0,
        "Operating Expense": 18558000.0,
        "Other Operating Expenses": 44486000.0,
        "Depreciation Amortization Depletion Income Statement": 9943000.0,
        "Depreciation And Amortization In Income Statement": 9943000.0,
        "Selling General And Administration": 8615000.0,
        "General And Administrative Expense": 8615000.0,
        "Other Gand A": 8615000.0,
        "Gross Profit": 15200000.0,
        "Cost Of Revenue": 49475000.0,
        "Total Revenue": 64675000.0,
        "Operating Revenue": 64161000.0
    },
    "2023-12-31": {
        "Tax Effect Of Unusual Items": -45570.0,
        "Tax Rate For Calcs": 0.21,
        "Normalized EBITDA": 5446000.0,
        "Total Unusual Items": -217000.0,
        "Total Unusual Items Excluding Goodwill": -217000.0,
        "Net Income From Continuing Operation Net Minority Interest": -14629000.0,
        "Reconciled Depreciation": 10137000.0,
        "Reconciled Cost Of Revenue": 5785000.0,
        "EBITDA": 5229000.0,
        "EBIT": -4908000.0,
        "Net Interest Income": -9586000.0,
        "Interest Expense": 9673000.0,
        "Interest Income": 87000.0,
        "Normalized Income": -14457570.0,
        "Net Income From Continuing And Discontinued Operation": -14629000.0,
        "Total Expenses": 70235000.0,
        "Diluted Average Shares": 7331000.0,
        "Basic Average Shares": 7331000.0,
        "Diluted EPS": -2.17,
        "Basic EPS": -2.17,
        "Diluted NI Availto Com Stockholders": -15928000.0,
        "Net Income Common Stockholders": -15928000.0,
        "Otherunder Preferred Stock Dividend": NaN,
        "Preferred Stock Dividends": 1299000.0,
        "Net Income": -14629000.0,
        "Minority Interests": NaN,
        "Net Income Including Noncontrolling Interests": -14629000.0,
        "Net Income Continuous Operations": -14629000.0,
        "Tax Provision": 48000.0,
        "Pretax Income": -14581000.0,
        "Other Income Expense": -480000.0,
        "Other Non Operating Income Expenses": -263000.0,
        "Special Income Charges": -217000.0,
        "Gain On Sale Of Ppe": NaN,
        "Other Special Charges": 0.0,
        "Impairment Of Capital Assets": 0.0,
        "Earnings From Equity Interest": NaN,
        "Net Non Operating Interest Income Expense": -9586000.0,
        "Interest Expense Non Operating": 9673000.0,
        "Interest Income Non Operating": 87000.0,
        "Operating Income": -4515000.0,
        "Operating Expense": 64450000.0,
        "Other Operating Expenses": 44367000.0,
        "Depreciation Amortization Depletion Income Statement": 10137000.0,
        "Depreciation And Amortization In Income Statement": 10137000.0,
        "Selling General And Administration": 9946000.0,
        "General And Administrative Expense": 9946000.0,
        "Other Gand A": 9946000.0,
        "Gross Profit": 59935000.0,
        "Cost Of Revenue": 5785000.0,
        "Total Revenue": 65720000.0,
        "Operating Revenue": 65720000.0
    },
    "2024-03-31": {
        "Tax Effect Of Unusual Items": 92958.021045,
        "Tax Rate For Calcs": 0.002437,
        "Normalized EBITDA": 7463000.0,
        "Total Unusual Items": 38148000.0,
        "Total Unusual Items Excluding Goodwill": 38148000.0,
        "Net Income From Continuing Operation Net Minority Interest": 27019000.0,
        "Reconciled Depreciation": 9935000.0,
        "Reconciled Cost Of Revenue": 6107000.0,
        "EBITDA": 45611000.0,
        "EBIT": 35676000.0,
        "Net Interest Income": -8452000.0,
        "Interest Expense": 8591000.0,
        "Interest Income": 139000.0,
        "Normalized Income": -11036041.978955,
        "Net Income From Continuing And Discontinued Operation": 27019000.0,
        "Total Expenses": 69570000.0,
        "Diluted Average Shares": 10562000.0,
        "Basic Average Shares": 9861000.0,
        "Diluted EPS": 2.16,
        "Basic EPS": 2.32,
        "Diluted NI Availto Com Stockholders": 22835000.0,
        "Net Income Common Stockholders": 22835000.0,
        "Otherunder Preferred Stock Dividend": 2849000.0,
        "Preferred Stock Dividends": 1335000.0,
        "Net Income": 27019000.0,
        "Minority Interests": NaN,
        "Net Income Including Noncontrolling Interests": 27019000.0,
        "Net Income Continuous Operations": 27019000.0,
        "Tax Provision": 66000.0,
        "Pretax Income": 27085000.0,
        "Other Income Expense": 37669000.0,
        "Other Non Operating Income Expenses": -479000.0,
        "Special Income Charges": 38148000.0,
        "Gain On Sale Of Ppe": NaN,
        "Other Special Charges": -38148000.0,
        "Impairment Of Capital Assets": NaN,
        "Earnings From Equity Interest": NaN,
        "Net Non Operating Interest Income Expense": -8452000.0,
        "Interest Expense Non Operating": 8591000.0,
        "Interest Income Non Operating": 139000.0,
        "Operating Income": -2132000.0,
        "Operating Expense": 63463000.0,
        "Other Operating Expenses": 46317000.0,
        "Depreciation Amortization Depletion Income Statement": 9935000.0,
        "Depreciation And Amortization In Income Statement": 9935000.0,
        "Selling General And Administration": 7211000.0,
        "General And Administrative Expense": 7211000.0,
        "Other Gand A": 7211000.0,
        "Gross Profit": 61331000.0,
        "Cost Of Revenue": 6107000.0,
        "Total Revenue": 67438000.0,
        "Operating Revenue": 67438000.0
    },
    "2024-06-30": {
        "Tax Effect Of Unusual Items": 0.0,
        "Tax Rate For Calcs": 0.21,
        "Normalized EBITDA": 9274000.0,
        "Total Unusual Items": 0.0,
        "Total Unusual Items Excluding Goodwill": 0.0,
        "Net Income From Continuing Operation Net Minority Interest": -9816000.0,
        "Reconciled Depreciation": 10067000.0,
        "Reconciled Cost Of Revenue": 52360000.0,
        "EBITDA": 9274000.0,
        "EBIT": -793000.0,
        "Net Interest Income": -8577000.0,
        "Interest Expense": 8964000.0,
        "Interest Income": 387000.0,
        "Normalized Income": -9816000.0,
        "Net Income From Continuing And Discontinued Operation": -9816000.0,
        "Total Expenses": 71605000.0,
        "Diluted Average Shares": 13014000.0,
        "Basic Average Shares": 13014000.0,
        "Diluted EPS": -0.86,
        "Basic EPS": -0.86,
        "Diluted NI Availto Com Stockholders": -11188000.0,
        "Net Income Common Stockholders": -11188000.0,
        "Otherunder Preferred Stock Dividend": 0.0,
        "Preferred Stock Dividends": 1372000.0,
        "Net Income": -9816000.0,
        "Minority Interests": NaN,
        "Net Income Including Noncontrolling Interests": -9816000.0,
        "Net Income Continuous Operations": -9816000.0,
        "Tax Provision": 59000.0,
        "Pretax Income": -9757000.0,
        "Other Income Expense": 218000.0,
        "Other Non Operating Income Expenses": 253000.0,
        "Special Income Charges": 0.0,
        "Gain On Sale Of Ppe": NaN,
        "Other Special Charges": NaN,
        "Impairment Of Capital Assets": NaN,
        "Earnings From Equity Interest": -35000.0,
        "Net Non Operating Interest Income Expense": -8577000.0,
        "Interest Expense Non Operating": 8964000.0,
        "Interest Income Non Operating": 387000.0,
        "Operating Income": -1398000.0,
        "Operating Expense": 19245000.0,
        "Other Operating Expenses": NaN,
        "Depreciation Amortization Depletion Income Statement": 10067000.0,
        "Depreciation And Amortization In Income Statement": 10067000.0,
        "Selling General And Administration": 9178000.0,
        "General And Administrative Expense": 9178000.0,
        "Other Gand A": 9178000.0,
        "Gross Profit": 17847000.0,
        "Cost Of Revenue": 52360000.0,
        "Total Revenue": 70207000.0,
        "Operating Revenue": 70207000.0
    },
    "2024-09-30": {
        "Tax Effect Of Unusual Items": 0.0,
        "Tax Rate For Calcs": 0.21,
        "Normalized EBITDA": 6371000.0,
        "Total Unusual Items": 0.0,
        "Total Unusual Items Excluding Goodwill": 0.0,
        "Net Income From Continuing Operation Net Minority Interest": -13758000.0,
        "Reconciled Depreciation": 10729000.0,
        "Reconciled Cost Of Revenue": 57140000.0,
        "EBITDA": 6371000.0,
        "EBIT": -4358000.0,
        "Net Interest Income": -8986000.0,
        "Interest Expense": 9839000.0,
        "Interest Income": 853000.0,
        "Normalized Income": -13758000.0,
        "Net Income From Continuing And Discontinued Operation": -13758000.0,
        "Total Expenses": 79662000.0,
        "Diluted Average Shares": 15456000.0,
        "Basic Average Shares": 15456000.0,
        "Diluted EPS": -0.98,
        "Basic EPS": -0.98,
        "Diluted NI Availto Com Stockholders": -15167000.0,
        "Net Income Common Stockholders": -15167000.0,
        "Otherunder Preferred Stock Dividend": NaN,
        "Preferred Stock Dividends": 1409000.0,
        "Net Income": -13758000.0,
        "Minority Interests": 507000.0,
        "Net Income Including Noncontrolling Interests": -14265000.0,
        "Net Income Continuous Operations": -14265000.0,
        "Tax Provision": 68000.0,
        "Pretax Income": -14197000.0,
        "Other Income Expense": -299000.0,
        "Other Non Operating Income Expenses": -153000.0,
        "Special Income Charges": 0.0,
        "Gain On Sale Of Ppe": NaN,
        "Other Special Charges": NaN,
        "Impairment Of Capital Assets": 0.0,
        "Earnings From Equity Interest": -146000.0,
        "Net Non Operating Interest Income Expense": -8986000.0,
        "Interest Expense Non Operating": 9839000.0,
        "Interest Income Non Operating": 853000.0,
        "Operating Income": -4912000.0,
        "Operating Expense": 22522000.0,
        "Other Operating Expenses": NaN,
        "Depreciation Amortization Depletion Income Statement": 10729000.0,
        "Depreciation And Amortization In Income Statement": 10729000.0,
        "Selling General And Administration": 11793000.0,
        "General And Administrative Expense": 11793000.0,
        "Other Gand A": 11793000.0,
        "Gross Profit": 17610000.0,
        "Cost Of Revenue": 57140000.0,
        "Total Revenue": 74750000.0,
        "Operating Revenue": 74750000.0
    }
}