{
    "2023-03-31": {
        "Tax Effect Of Unusual Items": 0.0,
        "Tax Rate For Calcs": 0.218,
        "Total Unusual Items": 0.0,
        "Total Unusual Items Excluding Goodwill": 0.0,
        "Net Income From Continuing Operation Net Minority Interest": 1240172.0,
        "Reconciled Depreciation": 588416.0,
        "EBIT": 3038221.0,
        "Net Interest Income": -3295675.0,
        "Interest Expense": 1453333.0,
        "Interest Income": 2007058.0,
        "Normalized Income": 1240172.0,
        "Net Income From Continuing And Discontinued Operation": 1240172.0,
        "Total Expenses": 77756236.0,
        "Rent Expense Supplemental": 1776780.0,
        "Diluted Average Shares": 22692636.0,
        "Basic Average Shares": 22134576.0,
        "Diluted EPS": 0.057143,
        "Basic EPS": 0.057143,
        "Diluted NI Availto Com Stockholders": 1240172.0,
        "Net Income Common Stockholders": 1240172.0,
        "Net Income": 1240172.0,
        "Net Income Including Noncontrolling Interests": 1240172.0,
        "Net Income Continuous Operations": 1240172.0,
        "Tax Provision": 344716.0,
        "Pretax Income": 1584888.0,
        "Other Income Expense": 27092323.0,
        "Special Income Charges": 0.0,
        "Other Special Charges": NaN,
        "Net Non Operating Interest Income Expense": -3295675.0,
        "Total Other Finance Cost": 1842342.0,
        "Interest Expense Non Operating": 1453333.0,
        "Other Operating Expenses": 1026018.0,
        "Depreciation And Amortization In Income Statement": 588416.0,
        "Depreciation Income Statement": 588416.0,
        "Selling General And Administration": 32423238.0,
        "Selling And Marketing Expense": 903411.0,
        "General And Administrative Expense": 31519827.0,
        "Other Gand A": 9557315.0,
        "Salaries And Wages": 21962512.0,
        "Total Revenue": 79341124.0,
        "Operating Revenue": 79341124.0
    },
    "2022-12-31": {
        "Tax Effect Of Unusual Items": 0.0,
        "Tax Rate For Calcs": 0.254878,
        "Total Unusual Items": NaN,
        "Total Unusual Items Excluding Goodwill": NaN,
        "Net Income From Continuing Operation Net Minority Interest": 21240320.0,
        "Reconciled Depreciation": 616811.0,
        "EBIT": 30571960.0,
        "Net Interest Income": -3350742.0,
        "Interest Expense": 2066116.0,
        "Interest Income": 2140323.0,
        "Normalized Income": 21240320.0,
        "Net Income From Continuing And Discontinued Operation": 21240320.0,
        "Total Expenses": 79512533.0,
        "Rent Expense Supplemental": 1820317.0,
        "Diluted Average Shares": NaN,
        "Basic Average Shares": NaN,
        "Diluted EPS": NaN,
        "Basic EPS": NaN,
        "Diluted NI Availto Com Stockholders": 21240320.0,
        "Net Income Common Stockholders": 21240320.0,
        "Net Income": 21240320.0,
        "Net Income Including Noncontrolling Interests": 21240320.0,
        "Net Income Continuous Operations": 21240320.0,
        "Tax Provision": 7265524.0,
        "Pretax Income": 28505844.0,
        "Other Income Expense": 56870561.0,
        "Special Income Charges": NaN,
        "Other Special Charges": NaN,
        "Net Non Operating Interest Income Expense": -3350742.0,
        "Total Other Finance Cost": 1284626.0,
        "Interest Expense Non Operating": 2066116.0,
        "Other Operating Expenses": 1342329.0,
        "Depreciation And Amortization In Income Statement": 616811.0,
        "Depreciation Income Statement": 616811.0,
        "Selling General And Administration": 37530965.0,
        "Selling And Marketing Expense": 1017829.0,
        "General And Administrative Expense": 36513136.0,
        "Other Gand A": 13174030.0,
        "Salaries And Wages": 23339106.0,
        "Total Revenue": 108018377.0,
        "Operating Revenue": 108018377.0
    },
    "2022-09-30": {
        "Tax Effect Of Unusual Items": 0.0,
        "Tax Rate For Calcs": 0.287,
        "Total Unusual Items": NaN,
        "Total Unusual Items Excluding Goodwill": NaN,
        "Net Income From Continuing Operation Net Minority Interest": -2353185.0,
        "Reconciled Depreciation": 636246.0,
        "EBIT": -1165581.0,
        "Net Interest Income": -3508078.0,
        "Interest Expense": 2136763.0,
        "Interest Income": 2570511.0,
        "Normalized Income": -2353185.0,
        "Net Income From Continuing And Discontinued Operation": -2353185.0,
        "Total Expenses": 87009885.0,
        "Rent Expense Supplemental": 1701164.0,
        "Diluted Average Shares": 22692867.0,
        "Basic Average Shares": 21973164.0,
        "Diluted EPS": -0.104762,
        "Basic EPS": -0.104762,
        "Diluted NI Availto Com Stockholders": -2353185.0,
        "Net Income Common Stockholders": -2353185.0,
        "Net Income": -2353185.0,
        "Net Income Including Noncontrolling Interests": -2353185.0,
        "Net Income Continuous Operations": -2353185.0,
        "Tax Provision": -949159.0,
        "Pretax Income": -3302344.0,
        "Other Income Expense": 33746050.0,
        "Special Income Charges": NaN,
        "Other Special Charges": NaN,
        "Net Non Operating Interest Income Expense": -3508078.0,
        "Total Other Finance Cost": 1371315.0,
        "Interest Expense Non Operating": 2136763.0,
        "Other Operating Expenses": 1430802.0,
        "Depreciation And Amortization In Income Statement": 636246.0,
        "Depreciation Income Statement": 636246.0,
        "Selling General And Administration": 38644779.0,
        "Selling And Marketing Expense": 1372636.0,
        "General And Administrative Expense": 37272143.0,
        "Other Gand A": 12879440.0,
        "Salaries And Wages": 24392703.0,
        "Total Revenue": 83707541.0,
        "Operating Revenue": 83707541.0
    },
    "2022-06-30": {
        "Tax Effect Of Unusual Items": 0.0,
        "Tax Rate For Calcs": 0.244,
        "Total Unusual Items": NaN,
        "Total Unusual Items Excluding Goodwill": NaN,
        "Net Income From Continuing Operation Net Minority Interest": 3574449.0,
        "Reconciled Depreciation": 628305.0,
        "EBIT": 6630095.0,
        "Net Interest Income": -3944886.0,
        "Interest Expense": 1900249.0,
        "Interest Income": NaN,
        "Normalized Income": 3574449.0,
        "Net Income From Continuing And Discontinued Operation": 3574449.0,
        "Total Expenses": 90836808.0,
        "Rent Expense Supplemental": 1702262.0,
        "Diluted Average Shares": 24264083.0,
        "Basic Average Shares": 23345544.0,
        "Diluted EPS": 0.142857,
        "Basic EPS": 0.152381,
        "Diluted NI Availto Com Stockholders": 3574449.0,
        "Net Income Common Stockholders": 3574449.0,
        "Net Income": 3574449.0,
        "Net Income Including Noncontrolling Interests": 3574449.0,
        "Net Income Continuous Operations": 3574449.0,
        "Tax Provision": 1155397.0,
        "Pretax Income": 4729846.0,
        "Other Income Expense": 12566868.0,
        "Special Income Charges": NaN,
        "Other Special Charges": NaN,
        "Net Non Operating Interest Income Expense": -3944886.0,
        "Total Other Finance Cost": 2044637.0,
        "Interest Expense Non Operating": 1900249.0,
        "Other Operating Expenses": 1242839.0,
        "Depreciation And Amortization In Income Statement": 628305.0,
        "Depreciation Income Statement": 628305.0,
        "Selling General And Administration": 39977078.0,
        "Selling And Marketing Expense": 1595738.0,
        "General And Administrative Expense": 38381340.0,
        "Other Gand A": 12876390.0,
        "Salaries And Wages": 25504950.0,
        "Total Revenue": 95566654.0,
        "Operating Revenue": 95566654.0
    },
    "2022-03-31": {
        "Diluted EPS": 0.14,
        "Total Revenue": 102,
        "Gross Profit": 77,
        "Operating Income": 4,
        "EBIT": 6,
        "Net Income": 3
    },
    "2021-12-31": {
        "Diluted EPS": 0.24,
        "Total Revenue": 112,
        "Gross Profit": 89,
        "Operating Income": 7,
        "EBIT": 8,
        "Net Income": 5
    },
    "2021-09-30": {
        "Diluted EPS": 0.47,
        "Total Revenue": 120,
        "Gross Profit": 96,
        "Operating Income": 14,
        "EBIT": 16,
        "Net Income": 11
    },
    "2021-06-30": {
        "Diluted EPS": 0.49,
        "Total Revenue": 117,
        "Gross Profit": 94,
        "Operating Income": 15,
        "EBIT": 16,
        "Net Income": 11
    },
    "2021-03-31": {
        "Diluted EPS": 0.53,
        "Total Revenue": 123,
        "Gross Profit": 99,
        "Operating Income": 16,
        "EBIT": 18,
        "Net Income": 12
    },
    "2020-12-31": {
        "Diluted EPS": 0.19,
        "Total Revenue": 137,
        "Gross Profit": 115,
        "Operating Income": 4,
        "EBIT": 7,
        "Net Income": 4
    },
    "2020-09-30": {
        "Diluted EPS": 1.31,
        "Total Revenue": 146,
        "Gross Profit": 124,
        "Operating Income": 39,
        "EBIT": 41,
        "Net Income": 29
    },
    "2020-06-30": {
        "Diluted EPS": 0.93,
        "Total Revenue": 119,
        "Gross Profit": 98,
        "Operating Income": 27,
        "EBIT": 29,
        "Net Income": 21
    },
    "2020-03-31": {
        "Diluted EPS": 0.07,
        "Total Revenue": 80,
        "Gross Profit": 58,
        "Operating Income": 1,
        "EBIT": 3,
        "Net Income": 1
    },
    "2019-12-31": {
        "Diluted EPS": 0.08,
        "Total Revenue": 78,
        "Gross Profit": 58,
        "Operating Income": 2,
        "EBIT": 4,
        "Net Income": 2
    },
    "2019-09-30": {
        "Diluted EPS": 0.16,
        "Total Revenue": 75,
        "Gross Profit": 59,
        "Operating Income": 5,
        "EBIT": 7,
        "Net Income": 4
    },
    "2019-06-30": {
        "Diluted EPS": 0.16,
        "Total Revenue": 68,
        "Gross Profit": 53,
        "Operating Income": 5,
        "EBIT": 6,
        "Net Income": 3
    },
    "2019-03-31": {
        "Diluted EPS": 0.09,
        "Total Revenue": 61,
        "Gross Profit": 45,
        "Operating Income": 2,
        "EBIT": 4,
        "Net Income": 2
    },
    "2018-12-31": {
        "Diluted EPS": -0.04,
        "Total Revenue": 61,
        "Gross Profit": 46,
        "Operating Income": -1,
        "EBIT": 0,
        "Net Income": 0
    },
    "2018-09-30": {
        "Diluted EPS": 0.1,
        "Total Revenue": 67,
        "Gross Profit": 51,
        "Operating Income": 2,
        "EBIT": 4,
        "Net Income": 2
    },
    "2018-06-30": {
        "Diluted EPS": 0.15,
        "Total Revenue": 69,
        "Gross Profit": 53,
        "Operating Income": 4,
        "EBIT": 6,
        "Net Income": 3
    },
    "2018-03-31": {
        "Diluted EPS": 0.8,
        "Total Revenue": 82,
        "Gross Profit": 66,
        "Operating Income": 21,
        "EBIT": 23,
        "Net Income": 17
    },
    "2017-12-31": {
        "Diluted EPS": 0.41,
        "Total Revenue": 61,
        "Gross Profit": 47,
        "Operating Income": 0,
        "EBIT": 1,
        "Net Income": 9
    },
    "2017-09-30": {
        "Diluted EPS": 0.05,
        "Total Revenue": 72,
        "Gross Profit": 56,
        "Operating Income": 1,
        "EBIT": 3,
        "Net Income": 1
    },
    "2017-06-30": {
        "Diluted EPS": 0.12,
        "Total Revenue": 73,
        "Gross Profit": 59,
        "Operating Income": 4,
        "EBIT": 5,
        "Net Income": 2
    },
    "2017-03-31": {
        "Diluted EPS": 0.08,
        "Total Revenue": 71,
        "Gross Profit": 56,
        "Operating Income": 3,
        "EBIT": 4,
        "Net Income": 2
    },
    "2016-12-31": {
        "Diluted EPS": 0.03,
        "Total Revenue": 72,
        "Gross Profit": 57,
        "Operating Income": 1,
        "EBIT": 2,
        "Net Income": 0
    },
    "2016-09-30": {
        "Diluted EPS": 0.2,
        "Total Revenue": 83,
        "Gross Profit": 69,
        "Operating Income": 7,
        "EBIT": 8,
        "Net Income": 4
    },
    "2016-06-30": {
        "Diluted EPS": 0.24,
        "Total Revenue": 80,
        "Gross Profit": 67,
        "Operating Income": 8,
        "EBIT": 9,
        "Net Income": 5
    },
    "2016-03-31": {
        "Diluted EPS": 0.12,
        "Total Revenue": 69,
        "Gross Profit": 57,
        "Operating Income": 4,
        "EBIT": 5,
        "Net Income": 3
    },
    "2015-12-31": {
        "Diluted EPS": 0.14,
        "Total Revenue": 65,
        "Gross Profit": 53,
        "Operating Income": 4,
        "EBIT": 5,
        "Net Income": 3
    },
    "2015-09-30": {
        "Diluted EPS": 0.24,
        "Total Revenue": 75,
        "Gross Profit": 63,
        "Operating Income": 8,
        "EBIT": 9,
        "Net Income": 5
    },
    "2015-06-30": {
        "Diluted EPS": 0.19,
        "Total Revenue": 76,
        "Gross Profit": 63,
        "Operating Income": 6,
        "EBIT": 8,
        "Net Income": 4
    },
    "2015-03-31": {
        "Diluted EPS": 0.09,
        "Total Revenue": 64,
        "Gross Profit": 51,
        "Operating Income": 3,
        "EBIT": 4,
        "Net Income": 2
    },
    "2014-12-31": {
        "Diluted EPS": 0.16,
        "Total Revenue": 59,
        "Gross Profit": 48,
        "Operating Income": 6,
        "EBIT": 7,
        "Net Income": 3
    },
    "2014-09-30": {
        "Diluted EPS": 0.11,
        "Total Revenue": 62,
        "Gross Profit": 49,
        "Operating Income": 3,
        "EBIT": 4,
        "Net Income": 2
    },
    "2014-06-30": {
        "Diluted EPS": 0.13,
        "Total Revenue": 59,
        "Gross Profit": 47,
        "Operating Income": 4,
        "EBIT": 5,
        "Net Income": 3
    },
    "2014-03-31": {
        "Diluted EPS": 0.01,
        "Total Revenue": 45,
        "Gross Profit": 33,
        "Operating Income": 0,
        "EBIT": 1,
        "Net Income": 0
    },
    "2013-12-31": {
        "Diluted EPS": 0.08,
        "Total Revenue": 49,
        "Gross Profit": 36,
        "Operating Income": 0,
        "EBIT": 1,
        "Net Income": 1
    },
    "2013-09-30": {
        "Diluted EPS": 0.06,
        "Total Revenue": 51,
        "Gross Profit": 39,
        "Operating Income": 2,
        "EBIT": 3,
        "Net Income": 1
    },
    "2013-06-30": {
        "Diluted EPS": 0.14,
        "Total Revenue": 61,
        "Gross Profit": 49,
        "Operating Income": 4,
        "EBIT": 5,
        "Net Income": 3
    },
    "2013-03-31": {
        "Diluted EPS": 0.1,
        "Total Revenue": 55,
        "Gross Profit": 43,
        "Operating Income": 3,
        "EBIT": 4,
        "Net Income": 2
    },
    "2012-12-31": {
        "Diluted EPS": 0.4,
        "Total Revenue": 67,
        "Gross Profit": 56,
        "Operating Income": 8,
        "EBIT": 9,
        "Net Income": 7
    },
    "2012-09-30": {
        "Diluted EPS": 0.22,
        "Total Revenue": 64,
        "Gross Profit": 52,
        "Operating Income": 6,
        "EBIT": 7,
        "Net Income": 4
    },
    "2012-06-30": {
        "Diluted EPS": 0.2,
        "Total Revenue": 57,
        "Gross Profit": 45,
        "Operating Income": 5,
        "EBIT": 6,
        "Net Income": 4
    },
    "2012-03-31": {
        "Diluted EPS": 0.1,
        "Total Revenue": 47,
        "Gross Profit": 35,
        "Operating Income": 2,
        "EBIT": 3,
        "Net Income": 2
    },
    "2011-12-31": {
        "Diluted EPS": 0.05,
        "Total Revenue": 48,
        "Gross Profit": 34,
        "Operating Income": 2,
        "EBIT": 3,
        "Net Income": 1
    },
    "2011-09-30": {
        "Diluted EPS": 0.05,
        "Total Revenue": 41,
        "Gross Profit": 30,
        "Operating Income": 1,
        "EBIT": 1,
        "Net Income": 1
    },
    "2011-06-30": {
        "Diluted EPS": 0.01,
        "Total Revenue": 36,
        "Gross Profit": 26,
        "Operating Income": 0,
        "EBIT": 1,
        "Net Income": 0
    },
    "2011-03-31": {
        "Diluted EPS": -0.03,
        "Total Revenue": 34,
        "Gross Profit": 23,
        "Operating Income": -1,
        "EBIT": -1,
        "Net Income": -1
    },
    "2010-12-31": {
        "Diluted EPS": -0.03,
        "Total Revenue": 42,
        "Gross Profit": 33,
        "Operating Income": 2,
        "EBIT": 5,
        "Net Income": 0
    },
    "2010-09-30": {
        "Diluted EPS": 0.03,
        "Total Revenue": 47,
        "Gross Profit": 37,
        "Operating Income": 2,
        "EBIT": 2,
        "Net Income": 1
    },
    "2010-06-30": {
        "Diluted EPS": 0.03,
        "Total Revenue": 43,
        "Gross Profit": 34,
        "Operating Income": 1,
        "EBIT": 1,
        "Net Income": 0
    },
    "2010-03-31": {
        "Diluted EPS": -0.06,
        "Total Revenue": 39,
        "Gross Profit": 29,
        "Operating Income": -1,
        "EBIT": -1,
        "Net Income": -1
    },
    "2009-12-31": {
        "Diluted EPS": -0.17,
        "Total Revenue": 52,
        "Gross Profit": 42,
        "Operating Income": 1,
        "EBIT": 3,
        "Net Income": -3
    },
    "2009-09-30": {
        "Diluted EPS": 0.01,
        "Total Revenue": 49,
        "Gross Profit": 39,
        "Operating Income": 10,
        "EBIT": 10,
        "Net Income": 0
    },
    "2009-06-30": {
        "Diluted EPS": 0.2,
        "Total Revenue": 58,
        "Gross Profit": 49,
        "Operating Income": 15,
        "EBIT": 15,
        "Net Income": 3
    },
    "2009-03-31": {
        "Diluted EPS": 0.21,
        "Total Revenue": 59,
        "Gross Profit": 50,
        "Operating Income": 21,
        "EBIT": 21,
        "Net Income": 5
    },
    "2023-06-30": {
        "Tax Effect Of Unusual Items": 35500.727796,
        "Tax Rate For Calcs": 0.220463,
        "Total Unusual Items": 161028.0,
        "Total Unusual Items Excluding Goodwill": 161028.0,
        "Net Income From Continuing Operation Net Minority Interest": 6352706.0,
        "Reconciled Depreciation": 587213.0,
        "EBIT": 9564135.0,
        "Net Interest Income": -3256169.0,
        "Interest Expense": 1414802.0,
        "Interest Income": 2620489.0,
        "Normalized Income": 6227178.727796,
        "Net Income From Continuing And Discontinued Operation": 6352706.0,
        "Total Expenses": 75809429.0,
        "Rent Expense Supplemental": 1831011.0,
        "Diluted Average Shares": 23697064.0,
        "Basic Average Shares": 23105598.0,
        "Diluted EPS": 0.266667,
        "Basic EPS": 0.27619,
        "Diluted NI Availto Com Stockholders": 6352706.0,
        "Net Income Common Stockholders": 6352706.0,
        "Net Income": 6352706.0,
        "Net Income Including Noncontrolling Interests": 6352706.0,
        "Net Income Continuous Operations": 6352706.0,
        "Tax Provision": 1796627.0,
        "Pretax Income": 8149333.0,
        "Other Income Expense": 25710642.0,
        "Special Income Charges": 161028.0,
        "Other Special Charges": -161028.0,
        "Net Non Operating Interest Income Expense": -3256169.0,
        "Total Other Finance Cost": 1841367.0,
        "Interest Expense Non Operating": 1414802.0,
        "Other Operating Expenses": 1525274.0,
        "Depreciation And Amortization In Income Statement": 587213.0,
        "Depreciation Income Statement": 587213.0,
        "Selling General And Administration": 30708588.0,
        "Selling And Marketing Expense": 965753.0,
        "General And Administrative Expense": 29742835.0,
        "Other Gand A": 9234420.0,
        "Salaries And Wages": 20508415.0,
        "Total Revenue": 83958762.0,
        "Operating Revenue": 83958762.0
    }
}