{
    "2023-04-30": {
        "Tax Effect Of Unusual Items": -67592.0,
        "Tax Rate For Calcs": 0.028,
        "Normalized EBITDA": -247661000.0,
        "Total Unusual Items": -2414000.0,
        "Total Unusual Items Excluding Goodwill": -2414000.0,
        "Net Income From Continuing Operation Net Minority Interest": -225627000.0,
        "Reconciled Depreciation": 23163000.0,
        "Reconciled Cost Of Revenue": 209414000.0,
        "EBITDA": -250075000.0,
        "EBIT": -273238000.0,
        "Net Interest Income": 43131000.0,
        "Interest Income": 43131000.0,
        "Normalized Income": -223280592.0,
        "Net Income From Continuing And Discontinued Operation": -225627000.0,
        "Total Expenses": 896837000.0,
        "Total Operating Income As Reported": -273238000.0,
        "Diluted Average Shares": 324157000.0,
        "Basic Average Shares": 324157000.0,
        "Diluted EPS": -0.7,
        "Basic EPS": -0.7,
        "Diluted NI Availto Com Stockholders": -225627000.0,
        "Net Income Common Stockholders": -225627000.0,
        "Net Income": -225627000.0,
        "Minority Interests": 437000.0,
        "Net Income Including Noncontrolling Interests": -226064000.0,
        "Net Income Continuous Operations": -226064000.0,
        "Tax Provision": -6605000.0,
        "Pretax Income": -232669000.0,
        "Other Income Expense": -2562000.0,
        "Other Non Operating Income Expenses": -148000.0,
        "Special Income Charges": NaN,
        "Write Off": NaN,
        "Gain On Sale Of Security": -2414000.0,
        "Net Non Operating Interest Income Expense": 43131000.0,
        "Interest Income Non Operating": 43131000.0,
        "Operating Income": -273238000.0,
        "Operating Expense": 687423000.0,
        "Research And Development": 277412000.0,
        "Selling General And Administration": 410011000.0,
        "Selling And Marketing Expense": 331558000.0,
        "General And Administrative Expense": 78453000.0,
        "Other Gand A": 78453000.0,
        "Gross Profit": 414185000.0,
        "Cost Of Revenue": 209414000.0,
        "Total Revenue": 623599000.0,
        "Operating Revenue": 623599000.0
    },
    "2023-01-31": {
        "Tax Effect Of Unusual Items": -281190.0,
        "Tax Rate For Calcs": 0.21,
        "Normalized EBITDA": -218685000.0,
        "Total Unusual Items": -1339000.0,
        "Total Unusual Items Excluding Goodwill": -1339000.0,
        "Net Income From Continuing Operation Net Minority Interest": -207169000.0,
        "Reconciled Depreciation": 19726000.0,
        "Reconciled Cost Of Revenue": 205657000.0,
        "EBITDA": -220024000.0,
        "EBIT": -239750000.0,
        "Net Interest Income": 35531000.0,
        "Interest Income": 35531000.0,
        "Normalized Income": -206111190.0,
        "Net Income From Continuing And Discontinued Operation": -207169000.0,
        "Total Expenses": 828762000.0,
        "Total Operating Income As Reported": -239750000.0,
        "Diluted Average Shares": 321924000.0,
        "Basic Average Shares": 321924000.0,
        "Diluted EPS": -0.64,
        "Basic EPS": -0.64,
        "Diluted NI Availto Com Stockholders": -207169000.0,
        "Net Income Common Stockholders": -207169000.0,
        "Net Income": -207169000.0,
        "Minority Interests": 315000.0,
        "Net Income Including Noncontrolling Interests": -207484000.0,
        "Net Income Continuous Operations": -207484000.0,
        "Tax Provision": 372000.0,
        "Pretax Income": -207112000.0,
        "Other Income Expense": -2893000.0,
        "Other Non Operating Income Expenses": -1554000.0,
        "Special Income Charges": -3999000.0,
        "Write Off": 3999000.0,
        "Gain On Sale Of Security": 2660000.0,
        "Net Non Operating Interest Income Expense": 35531000.0,
        "Interest Income Non Operating": 35531000.0,
        "Operating Income": -239750000.0,
        "Operating Expense": 623105000.0,
        "Research And Development": 242125000.0,
        "Selling General And Administration": 380980000.0,
        "Selling And Marketing Expense": 303473000.0,
        "General And Administrative Expense": 77507000.0,
        "Other Gand A": 77507000.0,
        "Gross Profit": 383355000.0,
        "Cost Of Revenue": 205657000.0,
        "Total Revenue": 589012000.0,
        "Operating Revenue": 589012000.0
    },
    "2022-10-31": {
        "Tax Effect Of Unusual Items": -2743440.0,
        "Tax Rate For Calcs": 0.21,
        "Normalized EBITDA": -175259000.0,
        "Total Unusual Items": -13064000.0,
        "Total Unusual Items Excluding Goodwill": -13064000.0,
        "Net Income From Continuing Operation Net Minority Interest": -200936000.0,
        "Reconciled Depreciation": 17696000.0,
        "Reconciled Cost Of Revenue": 190721000.0,
        "EBITDA": -188323000.0,
        "EBIT": -206019000.0,
        "Net Interest Income": 21857000.0,
        "Interest Income": 21857000.0,
        "Normalized Income": -190615440.0,
        "Net Income From Continuing And Discontinued Operation": -200936000.0,
        "Total Expenses": 763047000.0,
        "Total Operating Income As Reported": -206019000.0,
        "Diluted Average Shares": 320135000.0,
        "Basic Average Shares": 320135000.0,
        "Diluted EPS": -0.63,
        "Basic EPS": -0.63,
        "Diluted NI Availto Com Stockholders": -200936000.0,
        "Net Income Common Stockholders": -200936000.0,
        "Net Income": -200936000.0,
        "Minority Interests": 506000.0,
        "Net Income Including Noncontrolling Interests": -201442000.0,
        "Net Income Continuous Operations": -201442000.0,
        "Tax Provision": 4009000.0,
        "Pretax Income": -197433000.0,
        "Other Income Expense": -13271000.0,
        "Other Non Operating Income Expenses": -207000.0,
        "Special Income Charges": -7482000.0,
        "Write Off": 7482000.0,
        "Gain On Sale Of Security": -5582000.0,
        "Net Non Operating Interest Income Expense": 21857000.0,
        "Interest Income Non Operating": 21857000.0,
        "Operating Income": -206019000.0,
        "Operating Expense": 572326000.0,
        "Research And Development": 211387000.0,
        "Selling General And Administration": 360939000.0,
        "Selling And Marketing Expense": 284477000.0,
        "General And Administrative Expense": 76462000.0,
        "Other Gand A": 76462000.0,
        "Gross Profit": 366307000.0,
        "Cost Of Revenue": 190721000.0,
        "Total Revenue": 557028000.0,
        "Operating Revenue": 557028000.0
    },
    "2022-07-31": {
        "Tax Effect Of Unusual Items": 0.0,
        "Tax Rate For Calcs": 0.4,
        "Normalized EBITDA": -191560000.0,
        "Total Unusual Items": -23173000.0,
        "Total Unusual Items Excluding Goodwill": -23173000.0,
        "Net Income From Continuing Operation Net Minority Interest": -222806000.0,
        "Reconciled Depreciation": 16172000.0,
        "Reconciled Cost Of Revenue": 173232000.0,
        "EBITDA": -191560000.0,
        "EBIT": -207732000.0,
        "Net Interest Income": 11692000.0,
        "Interest Income": 11692000.0,
        "Normalized Income": -222806000.0,
        "Net Income From Continuing And Discontinued Operation": -222806000.0,
        "Total Expenses": 704980000.0,
        "Total Operating Income As Reported": -207732000.0,
        "Diluted Average Shares": 318356000.0,
        "Basic Average Shares": 318356000.0,
        "Diluted EPS": -0.7,
        "Basic EPS": -0.7,
        "Diluted NI Availto Com Stockholders": -222806000.0,
        "Net Income Common Stockholders": -222806000.0,
        "Net Income": -222806000.0,
        "Minority Interests": NaN,
        "Net Income Including Noncontrolling Interests": -222806000.0,
        "Net Income Continuous Operations": -222806000.0,
        "Tax Provision": 3846000.0,
        "Pretax Income": -218960000.0,
        "Other Income Expense": -22920000.0,
        "Other Non Operating Income Expenses": -22920000.0,
        "Special Income Charges": NaN,
        "Write Off": NaN,
        "Gain On Sale Of Security": -23173000.0,
        "Net Non Operating Interest Income Expense": 11692000.0,
        "Interest Income Non Operating": 11692000.0,
        "Operating Income": -207732000.0,
        "Operating Expense": 531748000.0,
        "Research And Development": 183748000.0,
        "Selling General And Administration": 348000000.0,
        "Selling And Marketing Expense": 274645000.0,
        "General And Administrative Expense": 73355000.0,
        "Other Gand A": 73355000.0,
        "Gross Profit": 324016000.0,
        "Cost Of Revenue": 173232000.0,
        "Total Revenue": 497248000.0,
        "Operating Revenue": 497248000.0
    },
    "2022-04-30": {
        "Diluted EPS": -0.53,
        "Total Revenue": 422,
        "Gross Profit": 274,
        "Operating Income": -189,
        "EBIT": -157,
        "Net Income": -166
    },
    "2022-01-31": {
        "Diluted EPS": -0.41,
        "Total Revenue": 384,
        "Gross Profit": 250,
        "Operating Income": -152,
        "EBIT": -124,
        "Net Income": -132
    },
    "2021-10-31": {
        "Diluted EPS": -0.51,
        "Total Revenue": 334,
        "Gross Profit": 214,
        "Operating Income": -157,
        "EBIT": -130,
        "Net Income": -155
    },
    "2021-07-31": {
        "Diluted EPS": -0.64,
        "Total Revenue": 272,
        "Gross Profit": 166,
        "Operating Income": -200,
        "EBIT": -174,
        "Net Income": -190
    },
    "2021-04-30": {
        "Diluted EPS": -0.7,
        "Total Revenue": 229,
        "Gross Profit": 132,
        "Operating Income": -206,
        "EBIT": -180,
        "Net Income": -203
    },
    "2021-01-31": {
        "Diluted EPS": -0.7,
        "Total Revenue": 190,
        "Gross Profit": 108,
        "Operating Income": -200,
        "EBIT": -182,
        "Net Income": -199
    },
    "2020-10-31": {
        "Diluted EPS": -1.01,
        "Total Revenue": 160,
        "Gross Profit": 93,
        "Operating Income": -169,
        "EBIT": -159,
        "Net Income": -169
    },
    "2020-07-31": {
        "Diluted EPS": -1.31,
        "Total Revenue": 133,
        "Gross Profit": 83,
        "Operating Income": -78,
        "EBIT": -68,
        "Net Income": -78
    },
    "2020-04-30": {
        "Diluted EPS": -1.72,
        "Total Revenue": 109,
        "Gross Profit": 66,
        "Operating Income": -96,
        "EBIT": -88,
        "Net Income": -94
    },
    "2020-01-31": {
        "Diluted EPS": 0.0,
        "Total Revenue": NaN,
        "Gross Profit": NaN,
        "Operating Income": NaN,
        "EBIT": NaN,
        "Net Income": NaN
    },
    "2019-01-31": {
        "Diluted EPS": 0.0,
        "Total Revenue": NaN,
        "Gross Profit": NaN,
        "Operating Income": NaN,
        "EBIT": NaN,
        "Net Income": NaN
    },
    "2023-07-31": {
        "Tax Effect Of Unusual Items": 84944.0,
        "Tax Rate For Calcs": 0.016,
        "Normalized EBITDA": -261432000.0,
        "Total Unusual Items": 5309000.0,
        "Total Unusual Items Excluding Goodwill": 5309000.0,
        "Net Income From Continuing Operation Net Minority Interest": -226867000.0,
        "Reconciled Depreciation": 29284000.0,
        "Reconciled Cost Of Revenue": 218392000.0,
        "EBITDA": -256123000.0,
        "EBIT": -285407000.0,
        "Net Interest Income": 50280000.0,
        "Interest Income": 50280000.0,
        "Normalized Income": -232091056.0,
        "Net Income From Continuing And Discontinued Operation": -226867000.0,
        "Total Expenses": 959425000.0,
        "Total Operating Income As Reported": -285407000.0,
        "Diluted Average Shares": 327335000.0,
        "Basic Average Shares": 327335000.0,
        "Diluted EPS": -0.69,
        "Basic EPS": -0.69,
        "Diluted NI Availto Com Stockholders": -226867000.0,
        "Net Income Common Stockholders": -226867000.0,
        "Net Income": -226867000.0,
        "Minority Interests": 453000.0,
        "Net Income Including Noncontrolling Interests": -227320000.0,
        "Net Income Continuous Operations": -227320000.0,
        "Tax Provision": -3721000.0,
        "Pretax Income": -231041000.0,
        "Other Income Expense": 4086000.0,
        "Other Non Operating Income Expenses": -1223000.0,
        "Special Income Charges": -2101000.0,
        "Write Off": 2101000.0,
        "Gain On Sale Of Security": 7410000.0,
        "Net Non Operating Interest Income Expense": 50280000.0,
        "Interest Income Non Operating": 50280000.0,
        "Operating Income": -285407000.0,
        "Operating Expense": 741033000.0,
        "Research And Development": 313996000.0,
        "Selling General And Administration": 427037000.0,
        "Selling And Marketing Expense": 343288000.0,
        "General And Administrative Expense": 83749000.0,
        "Other Gand A": 83749000.0,
        "Gross Profit": 455626000.0,
        "Cost Of Revenue": 218392000.0,
        "Total Revenue": 674018000.0,
        "Operating Revenue": 674018000.0
    },
    "2023-10-31": {
        "Tax Effect Of Unusual Items": -375900.0,
        "Tax Rate For Calcs": 0.21,
        "Normalized EBITDA": -226363000.0,
        "Total Unusual Items": -1790000.0,
        "Total Unusual Items Excluding Goodwill": -1790000.0,
        "Net Income From Continuing Operation Net Minority Interest": -214251000.0,
        "Reconciled Depreciation": 32470000.0,
        "Reconciled Cost Of Revenue": 228948000.0,
        "EBITDA": -228153000.0,
        "EBIT": -260623000.0,
        "Net Interest Income": 53491000.0,
        "Interest Income": 53491000.0,
        "Normalized Income": -212836900.0,
        "Net Income From Continuing And Discontinued Operation": -214251000.0,
        "Total Expenses": 994796000.0,
        "Total Operating Income As Reported": -260623000.0,
        "Diluted Average Shares": 329310000.0,
        "Basic Average Shares": 329310000.0,
        "Diluted EPS": -0.65,
        "Basic EPS": -0.65,
        "Diluted NI Availto Com Stockholders": -214251000.0,
        "Net Income Common Stockholders": -214251000.0,
        "Net Income": -214251000.0,
        "Minority Interests": 443000.0,
        "Net Income Including Noncontrolling Interests": -214694000.0,
        "Net Income Continuous Operations": -214694000.0,
        "Tax Provision": 3392000.0,
        "Pretax Income": -211302000.0,
        "Other Income Expense": -4170000.0,
        "Other Non Operating Income Expenses": -2380000.0,
        "Special Income Charges": -1000000.0,
        "Write Off": 1000000.0,
        "Gain On Sale Of Security": -790000.0,
        "Net Non Operating Interest Income Expense": 53491000.0,
        "Interest Income Non Operating": 53491000.0,
        "Operating Income": -260623000.0,
        "Operating Expense": 765848000.0,
        "Research And Development": 332065000.0,
        "Selling General And Administration": 433783000.0,
        "Selling And Marketing Expense": 355079000.0,
        "General And Administrative Expense": 78704000.0,
        "Other Gand A": 78704000.0,
        "Gross Profit": 505225000.0,
        "Cost Of Revenue": 228948000.0,
        "Total Revenue": 734173000.0,
        "Operating Revenue": 734173000.0
    },
    "2024-01-31": {
        "Tax Effect Of Unusual Items": 1127836.336397,
        "Tax Rate For Calcs": 0.024677,
        "Normalized EBITDA": -286223000.0,
        "Total Unusual Items": 45704000.0,
        "Total Unusual Items Excluding Goodwill": 45704000.0,
        "Net Income From Continuing Operation Net Minority Interest": -169352000.0,
        "Reconciled Depreciation": 34986000.0,
        "Reconciled Cost Of Revenue": 241804000.0,
        "EBITDA": -240519000.0,
        "EBIT": -275505000.0,
        "Net Interest Income": 53761000.0,
        "Interest Income": 53761000.0,
        "Normalized Income": -213928163.663603,
        "Net Income From Continuing And Discontinued Operation": -169352000.0,
        "Total Expenses": 1050204000.0,
        "Total Operating Income As Reported": -275505000.0,
        "Diluted Average Shares": 331079000.0,
        "Basic Average Shares": 331079000.0,
        "Diluted EPS": -0.51,
        "Basic EPS": -0.51,
        "Diluted NI Availto Com Stockholders": -169352000.0,
        "Net Income Common Stockholders": -169352000.0,
        "Net Income": -169352000.0,
        "Minority Interests": 560000.0,
        "Net Income Including Noncontrolling Interests": -169912000.0,
        "Net Income Continuous Operations": -169912000.0,
        "Tax Provision": -4299000.0,
        "Pretax Income": -174211000.0,
        "Other Income Expense": 47533000.0,
        "Other Non Operating Income Expenses": 1829000.0,
        "Special Income Charges": 0.0,
        "Write Off": 0.0,
        "Gain On Sale Of Security": 45704000.0,
        "Net Non Operating Interest Income Expense": 53761000.0,
        "Interest Income Non Operating": 53761000.0,
        "Operating Income": -275505000.0,
        "Operating Expense": 808400000.0,
        "Research And Development": 364476000.0,
        "Selling General And Administration": 443924000.0,
        "Selling And Marketing Expense": 361822000.0,
        "General And Administrative Expense": 82102000.0,
        "Other Gand A": 82102000.0,
        "Gross Profit": 532895000.0,
        "Cost Of Revenue": 241804000.0,
        "Total Revenue": 774699000.0,
        "Operating Revenue": 774699000.0
    }
}