{
    "2023-03-31": {
        "Tax Effect Of Unusual Items": 0.0,
        "Tax Rate For Calcs": 0.171,
        "Normalized EBITDA": 11603000.0,
        "Net Income From Continuing Operation Net Minority Interest": -14548000.0,
        "Reconciled Depreciation": 15202000.0,
        "Reconciled Cost Of Revenue": 145813000.0,
        "EBITDA": 11603000.0,
        "EBIT": -3599000.0,
        "Net Interest Income": -13949000.0,
        "Interest Expense": 13949000.0,
        "Normalized Income": -14548000.0,
        "Net Income From Continuing And Discontinued Operation": -14548000.0,
        "Total Expenses": 254812000.0,
        "Total Operating Income As Reported": -2772000.0,
        "Diluted Average Shares": 75291000.0,
        "Basic Average Shares": 75291000.0,
        "Diluted EPS": -0.193224,
        "Basic EPS": -0.19,
        "Diluted NI Availto Com Stockholders": -14548000.0,
        "Net Income Common Stockholders": -14548000.0,
        "Net Income": -14548000.0,
        "Minority Interests": 0.0,
        "Net Income Including Noncontrolling Interests": -14548000.0,
        "Net Income Continuous Operations": -14548000.0,
        "Tax Provision": -3000000.0,
        "Pretax Income": -17548000.0,
        "Other Income Expense": -827000.0,
        "Other Non Operating Income Expenses": -827000.0,
        "Net Non Operating Interest Income Expense": -13949000.0,
        "Interest Expense Non Operating": 13949000.0,
        "Operating Income": -2772000.0,
        "Operating Expense": 108999000.0,
        "Depreciation Amortization Depletion Income Statement": 15202000.0,
        "Depreciation And Amortization In Income Statement": 15202000.0,
        "Selling General And Administration": 93797000.0,
        "Gross Profit": 106227000.0,
        "Cost Of Revenue": 145813000.0,
        "Total Revenue": 252040000.0,
        "Operating Revenue": 252040000.0
    },
    "2022-12-31": {
        "Tax Effect Of Unusual Items": NaN,
        "Tax Rate For Calcs": NaN,
        "Normalized EBITDA": NaN,
        "Net Income From Continuing Operation Net Minority Interest": NaN,
        "Reconciled Depreciation": NaN,
        "Reconciled Cost Of Revenue": NaN,
        "EBITDA": NaN,
        "EBIT": NaN,
        "Net Interest Income": NaN,
        "Interest Expense": NaN,
        "Normalized Income": NaN,
        "Net Income From Continuing And Discontinued Operation": NaN,
        "Total Expenses": NaN,
        "Total Operating Income As Reported": NaN,
        "Diluted Average Shares": NaN,
        "Basic Average Shares": NaN,
        "Diluted EPS": NaN,
        "Basic EPS": NaN,
        "Diluted NI Availto Com Stockholders": NaN,
        "Net Income Common Stockholders": NaN,
        "Net Income": NaN,
        "Minority Interests": 4000.0,
        "Net Income Including Noncontrolling Interests": NaN,
        "Net Income Continuous Operations": NaN,
        "Tax Provision": NaN,
        "Pretax Income": NaN,
        "Other Income Expense": NaN,
        "Other Non Operating Income Expenses": NaN,
        "Net Non Operating Interest Income Expense": NaN,
        "Interest Expense Non Operating": NaN,
        "Operating Income": NaN,
        "Operating Expense": NaN,
        "Depreciation Amortization Depletion Income Statement": NaN,
        "Depreciation And Amortization In Income Statement": NaN,
        "Selling General And Administration": NaN,
        "Gross Profit": NaN,
        "Cost Of Revenue": NaN,
        "Total Revenue": NaN,
        "Operating Revenue": NaN
    },
    "2022-09-30": {
        "Tax Effect Of Unusual Items": NaN,
        "Tax Rate For Calcs": NaN,
        "Normalized EBITDA": NaN,
        "Net Income From Continuing Operation Net Minority Interest": NaN,
        "Reconciled Depreciation": NaN,
        "Reconciled Cost Of Revenue": NaN,
        "EBITDA": NaN,
        "EBIT": NaN,
        "Net Interest Income": NaN,
        "Interest Expense": NaN,
        "Normalized Income": NaN,
        "Net Income From Continuing And Discontinued Operation": NaN,
        "Total Expenses": NaN,
        "Total Operating Income As Reported": NaN,
        "Diluted Average Shares": 74650000.0,
        "Basic Average Shares": 74650000.0,
        "Diluted EPS": -0.01,
        "Basic EPS": -0.01,
        "Diluted NI Availto Com Stockholders": NaN,
        "Net Income Common Stockholders": NaN,
        "Net Income": NaN,
        "Minority Interests": NaN,
        "Net Income Including Noncontrolling Interests": NaN,
        "Net Income Continuous Operations": NaN,
        "Tax Provision": NaN,
        "Pretax Income": NaN,
        "Other Income Expense": NaN,
        "Other Non Operating Income Expenses": NaN,
        "Net Non Operating Interest Income Expense": NaN,
        "Interest Expense Non Operating": NaN,
        "Operating Income": NaN,
        "Operating Expense": NaN,
        "Depreciation Amortization Depletion Income Statement": NaN,
        "Depreciation And Amortization In Income Statement": NaN,
        "Selling General And Administration": NaN,
        "Gross Profit": NaN,
        "Cost Of Revenue": NaN,
        "Total Revenue": NaN,
        "Operating Revenue": NaN
    },
    "2022-06-30": {
        "Tax Effect Of Unusual Items": 0.0,
        "Tax Rate For Calcs": 0.108,
        "Normalized EBITDA": 21179000.0,
        "Net Income From Continuing Operation Net Minority Interest": -1327000.0,
        "Reconciled Depreciation": 14966000.0,
        "Reconciled Cost Of Revenue": 180395000.0,
        "EBITDA": 21179000.0,
        "EBIT": 6213000.0,
        "Net Interest Income": -7720000.0,
        "Interest Expense": 7720000.0,
        "Normalized Income": -1327000.0,
        "Net Income From Continuing And Discontinued Operation": -1327000.0,
        "Total Expenses": 290755000.0,
        "Total Operating Income As Reported": 6150000.0,
        "Diluted Average Shares": 74588000.0,
        "Basic Average Shares": 74588000.0,
        "Diluted EPS": -0.02,
        "Basic EPS": -0.02,
        "Diluted NI Availto Com Stockholders": -1327000.0,
        "Net Income Common Stockholders": -1327000.0,
        "Net Income": -1327000.0,
        "Minority Interests": 17000.0,
        "Net Income Including Noncontrolling Interests": -1344000.0,
        "Net Income Continuous Operations": -1344000.0,
        "Tax Provision": -163000.0,
        "Pretax Income": -1507000.0,
        "Other Income Expense": 63000.0,
        "Other Non Operating Income Expenses": 63000.0,
        "Net Non Operating Interest Income Expense": -7720000.0,
        "Interest Expense Non Operating": 7720000.0,
        "Operating Income": 6150000.0,
        "Operating Expense": 110360000.0,
        "Depreciation Amortization Depletion Income Statement": 14966000.0,
        "Depreciation And Amortization In Income Statement": 14966000.0,
        "Selling General And Administration": 95394000.0,
        "Gross Profit": 116510000.0,
        "Cost Of Revenue": 180395000.0,
        "Total Revenue": 296905000.0,
        "Operating Revenue": 296905000.0
    },
    "2022-03-31": {
        "Diluted EPS": -0.03,
        "Total Revenue": 277,
        "Gross Profit": 105,
        "Operating Income": 4,
        "EBIT": 19,
        "Net Income": -2
    },
    "2021-12-31": {
        "Diluted EPS": -0.13,
        "Total Revenue": 273,
        "Gross Profit": 106,
        "Operating Income": 0,
        "EBIT": 15,
        "Net Income": -8
    },
    "2021-09-30": {
        "Diluted EPS": -0.31,
        "Total Revenue": 261,
        "Gross Profit": 109,
        "Operating Income": -10,
        "EBIT": 6,
        "Net Income": -22
    },
    "2021-06-30": {
        "Diluted EPS": -0.02,
        "Total Revenue": 253,
        "Gross Profit": 101,
        "Operating Income": 8,
        "EBIT": 24,
        "Net Income": -1
    },
    "2021-03-31": {
        "Diluted EPS": -0.1,
        "Total Revenue": 220,
        "Gross Profit": 92,
        "Operating Income": 3,
        "EBIT": 18,
        "Net Income": -6
    },
    "2020-12-31": {
        "Diluted EPS": 0.0,
        "Total Revenue": NaN,
        "Gross Profit": NaN,
        "Operating Income": NaN,
        "EBIT": NaN,
        "Net Income": NaN
    },
    "2020-09-30": {
        "Diluted EPS": 0.02,
        "Total Revenue": 226,
        "Gross Profit": 93,
        "Operating Income": 12,
        "EBIT": 28,
        "Net Income": 1
    },
    "2020-06-30": {
        "Diluted EPS": -0.05,
        "Total Revenue": 189,
        "Gross Profit": 80,
        "Operating Income": 5,
        "EBIT": 5,
        "Net Income": -3
    },
    "2019-12-31": {
        "Diluted EPS": 0.0,
        "Total Revenue": NaN,
        "Gross Profit": NaN,
        "Operating Income": NaN,
        "EBIT": NaN,
        "Net Income": NaN
    },
    "2023-06-30": {
        "Tax Effect Of Unusual Items": 0.0,
        "Tax Rate For Calcs": 0.21,
        "Normalized EBITDA": 25387000.0,
        "Net Income From Continuing Operation Net Minority Interest": -124000.0,
        "Reconciled Depreciation": 15394000.0,
        "Reconciled Cost Of Revenue": 157217000.0,
        "EBITDA": 25387000.0,
        "EBIT": 9993000.0,
        "Net Interest Income": -14888000.0,
        "Interest Expense": 14888000.0,
        "Normalized Income": -124000.0,
        "Net Income From Continuing And Discontinued Operation": -124000.0,
        "Total Expenses": 266404000.0,
        "Total Operating Income As Reported": 8003000.0,
        "Diluted Average Shares": 74757000.0,
        "Basic Average Shares": 74757000.0,
        "Diluted EPS": -0.001659,
        "Basic EPS": -0.001659,
        "Diluted NI Availto Com Stockholders": -124000.0,
        "Net Income Common Stockholders": -124000.0,
        "Net Income": -124000.0,
        "Minority Interests": 0.0,
        "Net Income Including Noncontrolling Interests": -124000.0,
        "Net Income Continuous Operations": -124000.0,
        "Tax Provision": -4771000.0,
        "Pretax Income": -4895000.0,
        "Other Income Expense": 1990000.0,
        "Other Non Operating Income Expenses": 1990000.0,
        "Net Non Operating Interest Income Expense": -14888000.0,
        "Interest Expense Non Operating": 14888000.0,
        "Operating Income": 8003000.0,
        "Operating Expense": 109187000.0,
        "Depreciation Amortization Depletion Income Statement": 15394000.0,
        "Depreciation And Amortization In Income Statement": 15394000.0,
        "Selling General And Administration": 93793000.0,
        "Gross Profit": 117190000.0,
        "Cost Of Revenue": 157217000.0,
        "Total Revenue": 274407000.0,
        "Operating Revenue": 274407000.0
    },
    "2023-09-30": {
        "Tax Effect Of Unusual Items": 0.0,
        "Tax Rate For Calcs": 0.279,
        "Normalized EBITDA": 29016000.0,
        "Net Income From Continuing Operation Net Minority Interest": -900000.0,
        "Reconciled Depreciation": 15371000.0,
        "Reconciled Cost Of Revenue": 156580000.0,
        "EBITDA": 29016000.0,
        "EBIT": 13645000.0,
        "Net Interest Income": -14893000.0,
        "Interest Expense": 14893000.0,
        "Normalized Income": -900000.0,
        "Net Income From Continuing And Discontinued Operation": -900000.0,
        "Total Expenses": 255988000.0,
        "Total Operating Income As Reported": 14156000.0,
        "Diluted Average Shares": 75854000.0,
        "Basic Average Shares": 75854000.0,
        "Diluted EPS": -0.01,
        "Basic EPS": -0.01,
        "Diluted NI Availto Com Stockholders": -900000.0,
        "Net Income Common Stockholders": -900000.0,
        "Net Income": -900000.0,
        "Minority Interests": 0.0,
        "Net Income Including Noncontrolling Interests": -900000.0,
        "Net Income Continuous Operations": -900000.0,
        "Tax Provision": -348000.0,
        "Pretax Income": -1248000.0,
        "Other Income Expense": -511000.0,
        "Other Non Operating Income Expenses": -511000.0,
        "Net Non Operating Interest Income Expense": -14893000.0,
        "Interest Expense Non Operating": 14893000.0,
        "Operating Income": 14156000.0,
        "Operating Expense": 99408000.0,
        "Depreciation Amortization Depletion Income Statement": 15371000.0,
        "Depreciation And Amortization In Income Statement": 15371000.0,
        "Selling General And Administration": 84037000.0,
        "Gross Profit": 113564000.0,
        "Cost Of Revenue": 156580000.0,
        "Total Revenue": 270144000.0,
        "Operating Revenue": 270144000.0
    },
    "2023-12-31": {
        "Tax Effect Of Unusual Items": 0.0,
        "Tax Rate For Calcs": 0.4,
        "Normalized EBITDA": 16806000.0,
        "Net Income From Continuing Operation Net Minority Interest": -5796000.0,
        "Reconciled Depreciation": 15158000.0,
        "Reconciled Cost Of Revenue": 154051000.0,
        "EBITDA": 16806000.0,
        "EBIT": 1648000.0,
        "Net Interest Income": -14533000.0,
        "Interest Expense": 11366000.0,
        "Normalized Income": -5796000.0,
        "Net Income From Continuing And Discontinued Operation": -5796000.0,
        "Total Expenses": 257425000.0,
        "Total Operating Income As Reported": 6963000.0,
        "Diluted Average Shares": NaN,
        "Basic Average Shares": NaN,
        "Diluted EPS": NaN,
        "Basic EPS": NaN,
        "Diluted NI Availto Com Stockholders": -5796000.0,
        "Net Income Common Stockholders": -5796000.0,
        "Net Income": -5796000.0,
        "Minority Interests": 0.0,
        "Net Income Including Noncontrolling Interests": -5796000.0,
        "Net Income Continuous Operations": -5796000.0,
        "Tax Provision": -3922000.0,
        "Pretax Income": -9718000.0,
        "Other Income Expense": -2148000.0,
        "Other Non Operating Income Expenses": -2148000.0,
        "Net Non Operating Interest Income Expense": -14533000.0,
        "Interest Expense Non Operating": 11366000.0,
        "Operating Income": 6963000.0,
        "Operating Expense": 103374000.0,
        "Depreciation Amortization Depletion Income Statement": 15158000.0,
        "Depreciation And Amortization In Income Statement": 15158000.0,
        "Selling General And Administration": 88216000.0,
        "Gross Profit": 110337000.0,
        "Cost Of Revenue": 154051000.0,
        "Total Revenue": 264388000.0,
        "Operating Revenue": 264388000.0
    },
    "2024-03-31": {
        "Tax Effect Of Unusual Items": 0.0,
        "Tax Rate For Calcs": 0.4,
        "Normalized EBITDA": 17698000.0,
        "Net Income From Continuing Operation Net Minority Interest": -22933000.0,
        "Reconciled Depreciation": 15369000.0,
        "Reconciled Cost Of Revenue": 137611000.0,
        "EBITDA": 17698000.0,
        "EBIT": 2329000.0,
        "Net Interest Income": -14237000.0,
        "Interest Expense": 14237000.0,
        "Normalized Income": -22933000.0,
        "Net Income From Continuing And Discontinued Operation": -22933000.0,
        "Total Expenses": 243800000.0,
        "Total Operating Income As Reported": 2278000.0,
        "Diluted Average Shares": 76360000.0,
        "Basic Average Shares": 76360000.0,
        "Diluted EPS": -0.300327,
        "Basic EPS": -0.3,
        "Diluted NI Availto Com Stockholders": -22933000.0,
        "Net Income Common Stockholders": -22933000.0,
        "Net Income": -22933000.0,
        "Minority Interests": NaN,
        "Net Income Including Noncontrolling Interests": -22933000.0,
        "Net Income Continuous Operations": -22933000.0,
        "Tax Provision": 11025000.0,
        "Pretax Income": -11908000.0,
        "Other Income Expense": 51000.0,
        "Other Non Operating Income Expenses": 51000.0,
        "Net Non Operating Interest Income Expense": -14237000.0,
        "Interest Expense Non Operating": 14237000.0,
        "Operating Income": 2278000.0,
        "Operating Expense": 106189000.0,
        "Depreciation Amortization Depletion Income Statement": 15369000.0,
        "Depreciation And Amortization In Income Statement": 15369000.0,
        "Selling General And Administration": 90820000.0,
        "Gross Profit": 108467000.0,
        "Cost Of Revenue": 137611000.0,
        "Total Revenue": 246078000.0,
        "Operating Revenue": 246078000.0
    }
}