{
    "2023-03-31": {
        "Tax Effect Of Unusual Items": 0.0,
        "Tax Rate For Calcs": 0.23,
        "Normalized EBITDA": -1733000.0,
        "Net Income From Continuing Operation Net Minority Interest": -1875000.0,
        "Reconciled Cost Of Revenue": 2852000.0,
        "EBITDA": -1733000.0,
        "EBIT": -1733000.0,
        "Net Interest Income": 40000.0,
        "Interest Expense": NaN,
        "Interest Income": 40000.0,
        "Normalized Income": -1875000.0,
        "Net Income From Continuing And Discontinued Operation": -1875000.0,
        "Total Expenses": 8178000.0,
        "Total Operating Income As Reported": -1733000.0,
        "Diluted Average Shares": 23309987.0,
        "Basic Average Shares": 23309987.0,
        "Diluted EPS": -0.08,
        "Basic EPS": -0.08,
        "Diluted NI Availto Com Stockholders": -1875000.0,
        "Net Income Common Stockholders": -1875000.0,
        "Net Income": -1875000.0,
        "Net Income Including Noncontrolling Interests": -1875000.0,
        "Net Income Discontinuous Operations": NaN,
        "Net Income Continuous Operations": -1875000.0,
        "Tax Provision": 182000.0,
        "Pretax Income": -1693000.0,
        "Net Non Operating Interest Income Expense": 40000.0,
        "Total Other Finance Cost": -40000.0,
        "Interest Expense Non Operating": NaN,
        "Interest Income Non Operating": 40000.0,
        "Operating Income": -1733000.0,
        "Operating Expense": 5326000.0,
        "Research And Development": 1040000.0,
        "Selling General And Administration": 4286000.0,
        "Selling And Marketing Expense": 2446000.0,
        "General And Administrative Expense": 1840000.0,
        "Other Gand A": 1840000.0,
        "Gross Profit": 3593000.0,
        "Cost Of Revenue": 2852000.0,
        "Total Revenue": 6445000.0,
        "Operating Revenue": 6445000.0
    },
    "2022-12-31": {
        "Tax Effect Of Unusual Items": NaN,
        "Tax Rate For Calcs": NaN,
        "Normalized EBITDA": NaN,
        "Net Income From Continuing Operation Net Minority Interest": NaN,
        "Reconciled Cost Of Revenue": NaN,
        "EBITDA": NaN,
        "EBIT": NaN,
        "Net Interest Income": NaN,
        "Interest Expense": 137000.0,
        "Interest Income": NaN,
        "Normalized Income": NaN,
        "Net Income From Continuing And Discontinued Operation": NaN,
        "Total Expenses": NaN,
        "Total Operating Income As Reported": NaN,
        "Diluted Average Shares": 23309987.0,
        "Basic Average Shares": 23309987.0,
        "Diluted EPS": 0.15,
        "Basic EPS": 0.15,
        "Diluted NI Availto Com Stockholders": NaN,
        "Net Income Common Stockholders": NaN,
        "Net Income": NaN,
        "Net Income Including Noncontrolling Interests": NaN,
        "Net Income Discontinuous Operations": 0.0,
        "Net Income Continuous Operations": NaN,
        "Tax Provision": NaN,
        "Pretax Income": NaN,
        "Net Non Operating Interest Income Expense": NaN,
        "Total Other Finance Cost": NaN,
        "Interest Expense Non Operating": 137000.0,
        "Interest Income Non Operating": NaN,
        "Operating Income": NaN,
        "Operating Expense": NaN,
        "Research And Development": NaN,
        "Selling General And Administration": NaN,
        "Selling And Marketing Expense": NaN,
        "General And Administrative Expense": NaN,
        "Other Gand A": NaN,
        "Gross Profit": NaN,
        "Cost Of Revenue": NaN,
        "Total Revenue": NaN,
        "Operating Revenue": NaN
    },
    "2022-09-30": {
        "Tax Effect Of Unusual Items": NaN,
        "Tax Rate For Calcs": NaN,
        "Normalized EBITDA": NaN,
        "Net Income From Continuing Operation Net Minority Interest": NaN,
        "Reconciled Cost Of Revenue": NaN,
        "EBITDA": NaN,
        "EBIT": NaN,
        "Net Interest Income": NaN,
        "Interest Expense": NaN,
        "Interest Income": 212000.0,
        "Normalized Income": NaN,
        "Net Income From Continuing And Discontinued Operation": NaN,
        "Total Expenses": NaN,
        "Total Operating Income As Reported": NaN,
        "Diluted Average Shares": NaN,
        "Basic Average Shares": NaN,
        "Diluted EPS": NaN,
        "Basic EPS": NaN,
        "Diluted NI Availto Com Stockholders": NaN,
        "Net Income Common Stockholders": NaN,
        "Net Income": NaN,
        "Net Income Including Noncontrolling Interests": NaN,
        "Net Income Discontinuous Operations": 66000.0,
        "Net Income Continuous Operations": NaN,
        "Tax Provision": NaN,
        "Pretax Income": NaN,
        "Net Non Operating Interest Income Expense": NaN,
        "Total Other Finance Cost": -212000.0,
        "Interest Expense Non Operating": NaN,
        "Interest Income Non Operating": 212000.0,
        "Operating Income": NaN,
        "Operating Expense": NaN,
        "Research And Development": NaN,
        "Selling General And Administration": NaN,
        "Selling And Marketing Expense": NaN,
        "General And Administrative Expense": NaN,
        "Other Gand A": NaN,
        "Gross Profit": NaN,
        "Cost Of Revenue": NaN,
        "Total Revenue": NaN,
        "Operating Revenue": NaN
    },
    "2022-06-30": {
        "Tax Effect Of Unusual Items": 0.0,
        "Tax Rate For Calcs": 0.4,
        "Normalized EBITDA": 107000.0,
        "Net Income From Continuing Operation Net Minority Interest": 428000.0,
        "Reconciled Cost Of Revenue": 3649000.0,
        "EBITDA": 107000.0,
        "EBIT": 107000.0,
        "Net Interest Income": -109000.0,
        "Interest Expense": 109000.0,
        "Interest Income": NaN,
        "Normalized Income": 428000.0,
        "Net Income From Continuing And Discontinued Operation": 164000.0,
        "Total Expenses": 9017000.0,
        "Total Operating Income As Reported": 107000.0,
        "Diluted Average Shares": 23309987.0,
        "Basic Average Shares": 23309987.0,
        "Diluted EPS": 0.01,
        "Basic EPS": 0.01,
        "Diluted NI Availto Com Stockholders": 164000.0,
        "Net Income Common Stockholders": 164000.0,
        "Net Income": 164000.0,
        "Minority Interests": 0.0,
        "Net Income Including Noncontrolling Interests": 164000.0,
        "Net Income Discontinuous Operations": -264000.0,
        "Net Income Continuous Operations": 428000.0,
        "Tax Provision": -430000.0,
        "Pretax Income": -2000.0,
        "Net Non Operating Interest Income Expense": -109000.0,
        "Total Other Finance Cost": NaN,
        "Interest Expense Non Operating": 109000.0,
        "Interest Income Non Operating": NaN,
        "Operating Income": 107000.0,
        "Operating Expense": 5368000.0,
        "Research And Development": 1087000.0,
        "Selling General And Administration": 4281000.0,
        "Selling And Marketing Expense": 2220000.0,
        "General And Administrative Expense": 2061000.0,
        "Other Gand A": 2061000.0,
        "Gross Profit": 5475000.0,
        "Cost Of Revenue": 3649000.0,
        "Total Revenue": 9124000.0,
        "Operating Revenue": 9124000.0
    },
    "2022-03-31": {
        "Diluted EPS": -0.05,
        "Total Revenue": 7,
        "Gross Profit": 4,
        "Operating Income": -1,
        "EBIT": -1,
        "Net Income": -1
    },
    "2021-12-31": {
        "Diluted EPS": -0.13,
        "Total Revenue": 9,
        "Gross Profit": 5,
        "Operating Income": -1,
        "EBIT": -1,
        "Net Income": -3
    },
    "2021-09-30": {
        "Diluted EPS": -0.01,
        "Total Revenue": 9,
        "Gross Profit": 6,
        "Operating Income": 1,
        "EBIT": 1,
        "Net Income": 0
    },
    "2021-06-30": {
        "Diluted EPS": 0.51,
        "Total Revenue": 10,
        "Gross Profit": 7,
        "Operating Income": 2,
        "EBIT": 2,
        "Net Income": 12
    },
    "2021-03-31": {
        "Diluted EPS": -0.09,
        "Total Revenue": 7,
        "Gross Profit": 4,
        "Operating Income": -1,
        "EBIT": -1,
        "Net Income": -2
    },
    "2020-12-31": {
        "Diluted EPS": -0.03,
        "Total Revenue": 10,
        "Gross Profit": 7,
        "Operating Income": 1,
        "EBIT": 1,
        "Net Income": -1
    },
    "2020-09-30": {
        "Diluted EPS": 0.01,
        "Total Revenue": 8,
        "Gross Profit": 5,
        "Operating Income": 1,
        "EBIT": 1,
        "Net Income": 1
    },
    "2020-06-30": {
        "Diluted EPS": 0.01,
        "Total Revenue": 8,
        "Gross Profit": 5,
        "Operating Income": 1,
        "EBIT": 1,
        "Net Income": 0
    },
    "2020-03-31": {
        "Diluted EPS": 0.02,
        "Total Revenue": 8,
        "Gross Profit": 5,
        "Operating Income": 0,
        "EBIT": 0,
        "Net Income": 0
    },
    "2019-12-31": {
        "Diluted EPS": 0.04,
        "Total Revenue": 24,
        "Gross Profit": 11,
        "Operating Income": 3,
        "EBIT": 3,
        "Net Income": 2
    },
    "2019-09-30": {
        "Diluted EPS": 0.06,
        "Total Revenue": 22,
        "Gross Profit": 10,
        "Operating Income": 3,
        "EBIT": 3,
        "Net Income": 1
    },
    "2019-06-30": {
        "Diluted EPS": -0.01,
        "Total Revenue": 20,
        "Gross Profit": 8,
        "Operating Income": 0,
        "EBIT": 0,
        "Net Income": 0
    },
    "2019-03-31": {
        "Diluted EPS": -0.02,
        "Total Revenue": 21,
        "Gross Profit": 9,
        "Operating Income": 0,
        "EBIT": 0,
        "Net Income": -1
    },
    "2018-12-31": {
        "Diluted EPS": 0.0,
        "Total Revenue": 26,
        "Gross Profit": 11,
        "Operating Income": 0,
        "EBIT": 0,
        "Net Income": 0
    },
    "2018-09-30": {
        "Diluted EPS": 0.06,
        "Total Revenue": 24,
        "Gross Profit": 11,
        "Operating Income": 2,
        "EBIT": 2,
        "Net Income": 1
    },
    "2018-06-30": {
        "Diluted EPS": 0.07,
        "Total Revenue": 25,
        "Gross Profit": 11,
        "Operating Income": 2,
        "EBIT": 2,
        "Net Income": 2
    },
    "2018-03-31": {
        "Diluted EPS": -0.01,
        "Total Revenue": 17,
        "Gross Profit": 8,
        "Operating Income": 0,
        "EBIT": 0,
        "Net Income": 0
    },
    "2017-12-31": {
        "Diluted EPS": 0.01,
        "Total Revenue": 23,
        "Gross Profit": 11,
        "Operating Income": 2,
        "EBIT": 2,
        "Net Income": 0
    },
    "2017-09-30": {
        "Diluted EPS": -0.01,
        "Total Revenue": 14,
        "Gross Profit": 7,
        "Operating Income": -1,
        "EBIT": -1,
        "Net Income": 0
    },
    "2017-06-30": {
        "Diluted EPS": -0.14,
        "Total Revenue": 13,
        "Gross Profit": 7,
        "Operating Income": -2,
        "EBIT": -2,
        "Net Income": -3
    },
    "2017-03-31": {
        "Diluted EPS": -0.16,
        "Total Revenue": 14,
        "Gross Profit": 7,
        "Operating Income": -1,
        "EBIT": -1,
        "Net Income": -4
    },
    "2016-12-31": {
        "Diluted EPS": 0.17,
        "Total Revenue": 20,
        "Gross Profit": 10,
        "Operating Income": 2,
        "EBIT": 2,
        "Net Income": 3
    },
    "2016-09-30": {
        "Diluted EPS": 0.04,
        "Total Revenue": 21,
        "Gross Profit": 11,
        "Operating Income": 2,
        "EBIT": 2,
        "Net Income": 1
    },
    "2016-06-30": {
        "Diluted EPS": -0.12,
        "Total Revenue": 14,
        "Gross Profit": 6,
        "Operating Income": -2,
        "EBIT": -2,
        "Net Income": -2
    },
    "2016-03-31": {
        "Diluted EPS": -0.03,
        "Total Revenue": 13,
        "Gross Profit": 6,
        "Operating Income": 1,
        "EBIT": 1,
        "Net Income": 0
    },
    "2015-12-31": {
        "Diluted EPS": 0.15,
        "Total Revenue": 19,
        "Gross Profit": 11,
        "Operating Income": 3,
        "EBIT": 4,
        "Net Income": 3
    },
    "2015-09-30": {
        "Diluted EPS": 0.05,
        "Total Revenue": 17,
        "Gross Profit": 8,
        "Operating Income": 1,
        "EBIT": 1,
        "Net Income": 1
    },
    "2015-06-30": {
        "Diluted EPS": 0.01,
        "Total Revenue": 16,
        "Gross Profit": 7,
        "Operating Income": 1,
        "EBIT": 1,
        "Net Income": 0
    },
    "2015-03-31": {
        "Diluted EPS": -0.03,
        "Total Revenue": 12,
        "Gross Profit": 4,
        "Operating Income": -1,
        "EBIT": -1,
        "Net Income": 0
    },
    "2014-12-31": {
        "Diluted EPS": 0.18,
        "Total Revenue": 27,
        "Gross Profit": 13,
        "Operating Income": 2,
        "EBIT": 2,
        "Net Income": 3
    },
    "2014-09-30": {
        "Diluted EPS": 0.22,
        "Total Revenue": 21,
        "Gross Profit": 10,
        "Operating Income": 3,
        "EBIT": 3,
        "Net Income": 4
    },
    "2014-06-30": {
        "Diluted EPS": -0.07,
        "Total Revenue": 16,
        "Gross Profit": 7,
        "Operating Income": -1,
        "EBIT": -1,
        "Net Income": -1
    },
    "2014-03-31": {
        "Diluted EPS": -0.12,
        "Total Revenue": 13,
        "Gross Profit": 4,
        "Operating Income": -2,
        "EBIT": -2,
        "Net Income": -2
    },
    "2013-12-31": {
        "Diluted EPS": -0.15,
        "Total Revenue": 13,
        "Gross Profit": 4,
        "Operating Income": -2,
        "EBIT": -2,
        "Net Income": -2
    },
    "2013-09-30": {
        "Diluted EPS": -0.02,
        "Total Revenue": 13,
        "Gross Profit": 6,
        "Operating Income": 0,
        "EBIT": 0,
        "Net Income": 0
    },
    "2013-06-30": {
        "Diluted EPS": -0.04,
        "Total Revenue": 12,
        "Gross Profit": 5,
        "Operating Income": -1,
        "EBIT": -1,
        "Net Income": -1
    },
    "2013-03-31": {
        "Diluted EPS": -0.07,
        "Total Revenue": 13,
        "Gross Profit": 5,
        "Operating Income": -1,
        "EBIT": -1,
        "Net Income": -1
    },
    "2012-12-31": {
        "Diluted EPS": 0.08,
        "Total Revenue": 22,
        "Gross Profit": 10,
        "Operating Income": 3,
        "EBIT": 3,
        "Net Income": 1
    },
    "2012-09-30": {
        "Diluted EPS": 0.11,
        "Total Revenue": 23,
        "Gross Profit": 10,
        "Operating Income": 2,
        "EBIT": 2,
        "Net Income": 2
    },
    "2012-06-30": {
        "Diluted EPS": 0.06,
        "Total Revenue": 16,
        "Gross Profit": 7,
        "Operating Income": 0,
        "EBIT": 0,
        "Net Income": 1
    },
    "2012-03-31": {
        "Diluted EPS": 0.0,
        "Total Revenue": 16,
        "Gross Profit": 6,
        "Operating Income": 0,
        "EBIT": 0,
        "Net Income": 0
    },
    "2011-12-31": {
        "Diluted EPS": 0.27,
        "Total Revenue": 34,
        "Gross Profit": 34,
        "Operating Income": 34,
        "EBIT": 34,
        "Net Income": 4
    },
    "2011-09-30": {
        "Diluted EPS": 0.51,
        "Total Revenue": 28,
        "Gross Profit": 13,
        "Operating Income": 3,
        "EBIT": 3,
        "Net Income": 7
    },
    "2011-06-30": {
        "Diluted EPS": 0.01,
        "Total Revenue": 16,
        "Gross Profit": 16,
        "Operating Income": 16,
        "EBIT": 16,
        "Net Income": 0
    },
    "2011-03-31": {
        "Diluted EPS": -0.15,
        "Total Revenue": 12,
        "Gross Profit": 5,
        "Operating Income": -1,
        "EBIT": -1,
        "Net Income": -2
    },
    "2010-12-31": {
        "Diluted EPS": -0.14,
        "Total Revenue": 15,
        "Gross Profit": 6,
        "Operating Income": -1,
        "EBIT": -1,
        "Net Income": -1
    },
    "2010-09-30": {
        "Diluted EPS": -0.08,
        "Total Revenue": 13,
        "Gross Profit": 5,
        "Operating Income": -1,
        "EBIT": -1,
        "Net Income": -1
    },
    "2010-06-30": {
        "Diluted EPS": -0.15,
        "Total Revenue": 11,
        "Gross Profit": 4,
        "Operating Income": -2,
        "EBIT": -2,
        "Net Income": -2
    },
    "2010-03-31": {
        "Diluted EPS": -0.23,
        "Total Revenue": 10,
        "Gross Profit": 4,
        "Operating Income": -2,
        "EBIT": -2,
        "Net Income": -2
    },
    "2009-12-31": {
        "Diluted EPS": 0.19,
        "Total Revenue": 15,
        "Gross Profit": 15,
        "Operating Income": 15,
        "EBIT": 15,
        "Net Income": 2
    },
    "2009-09-30": {
        "Diluted EPS": -0.07,
        "Total Revenue": 18,
        "Gross Profit": 7,
        "Operating Income": 1,
        "EBIT": 1,
        "Net Income": -1
    },
    "2009-06-30": {
        "Diluted EPS": 0.0,
        "Total Revenue": NaN,
        "Gross Profit": NaN,
        "Operating Income": NaN,
        "EBIT": NaN,
        "Net Income": NaN
    },
    "2023-06-30": {
        "Tax Effect Of Unusual Items": 0.0,
        "Tax Rate For Calcs": 0.23,
        "Normalized EBITDA": 83000.0,
        "Net Income From Continuing Operation Net Minority Interest": 275000.0,
        "Reconciled Cost Of Revenue": 3317000.0,
        "EBITDA": 83000.0,
        "EBIT": 83000.0,
        "Net Interest Income": -74000.0,
        "Interest Expense": 74000.0,
        "Interest Income": NaN,
        "Normalized Income": 275000.0,
        "Net Income From Continuing And Discontinued Operation": 275000.0,
        "Total Expenses": 8358000.0,
        "Total Operating Income As Reported": 83000.0,
        "Diluted Average Shares": NaN,
        "Basic Average Shares": NaN,
        "Diluted EPS": NaN,
        "Basic EPS": NaN,
        "Diluted NI Availto Com Stockholders": 275000.0,
        "Net Income Common Stockholders": 275000.0,
        "Net Income": 275000.0,
        "Net Income Including Noncontrolling Interests": 275000.0,
        "Net Income Discontinuous Operations": 0.0,
        "Net Income Continuous Operations": 275000.0,
        "Tax Provision": -266000.0,
        "Pretax Income": 9000.0,
        "Net Non Operating Interest Income Expense": -74000.0,
        "Total Other Finance Cost": 74000.0,
        "Interest Expense Non Operating": 74000.0,
        "Interest Income Non Operating": NaN,
        "Operating Income": 83000.0,
        "Operating Expense": 5041000.0,
        "Research And Development": 1035000.0,
        "Selling General And Administration": 4006000.0,
        "Selling And Marketing Expense": 2625000.0,
        "General And Administrative Expense": 1381000.0,
        "Other Gand A": 1381000.0,
        "Gross Profit": 5124000.0,
        "Cost Of Revenue": 3317000.0,
        "Total Revenue": 8441000.0,
        "Operating Revenue": 8441000.0
    },
    "2023-09-30": {
        "Tax Effect Of Unusual Items": 0.0,
        "Tax Rate For Calcs": 0.23,
        "Normalized EBITDA": 123000.0,
        "Net Income From Continuing Operation Net Minority Interest": -122000.0,
        "Reconciled Cost Of Revenue": 3898000.0,
        "EBITDA": 123000.0,
        "EBIT": 123000.0,
        "Net Interest Income": -64000.0,
        "Interest Expense": NaN,
        "Interest Income": NaN,
        "Normalized Income": -122000.0,
        "Net Income From Continuing And Discontinued Operation": -122000.0,
        "Total Expenses": 8846000.0,
        "Total Operating Income As Reported": 123000.0,
        "Diluted Average Shares": 23309987.0,
        "Basic Average Shares": 23309987.0,
        "Diluted EPS": -0.01,
        "Basic EPS": -0.01,
        "Diluted NI Availto Com Stockholders": -122000.0,
        "Net Income Common Stockholders": -122000.0,
        "Net Income": -122000.0,
        "Net Income Including Noncontrolling Interests": -122000.0,
        "Net Income Discontinuous Operations": 0.0,
        "Net Income Continuous Operations": -122000.0,
        "Tax Provision": 181000.0,
        "Pretax Income": 59000.0,
        "Net Non Operating Interest Income Expense": -64000.0,
        "Total Other Finance Cost": 64000.0,
        "Interest Expense Non Operating": NaN,
        "Interest Income Non Operating": NaN,
        "Operating Income": 123000.0,
        "Operating Expense": 4948000.0,
        "Research And Development": 1034000.0,
        "Selling General And Administration": 3914000.0,
        "Selling And Marketing Expense": 2404000.0,
        "General And Administrative Expense": 1510000.0,
        "Other Gand A": 1510000.0,
        "Gross Profit": 5071000.0,
        "Cost Of Revenue": 3898000.0,
        "Total Revenue": 8969000.0,
        "Operating Revenue": 8969000.0
    },
    "2023-12-31": {
        "Tax Effect Of Unusual Items": 0.0,
        "Tax Rate For Calcs": 0.23,
        "Normalized EBITDA": 355000.0,
        "Net Income From Continuing Operation Net Minority Interest": 433000.0,
        "Reconciled Cost Of Revenue": 3877000.0,
        "EBITDA": 355000.0,
        "EBIT": 355000.0,
        "Net Interest Income": 92000.0,
        "Interest Expense": NaN,
        "Interest Income": NaN,
        "Normalized Income": 433000.0,
        "Net Income From Continuing And Discontinued Operation": 433000.0,
        "Total Expenses": 8675000.0,
        "Total Operating Income As Reported": 262000.0,
        "Diluted Average Shares": 23309987.0,
        "Basic Average Shares": 23309987.0,
        "Diluted EPS": 0.02,
        "Basic EPS": 0.02,
        "Diluted NI Availto Com Stockholders": 433000.0,
        "Net Income Common Stockholders": 433000.0,
        "Net Income": 433000.0,
        "Net Income Including Noncontrolling Interests": 433000.0,
        "Net Income Discontinuous Operations": 0.0,
        "Net Income Continuous Operations": 433000.0,
        "Tax Provision": -137000.0,
        "Pretax Income": 296000.0,
        "Net Non Operating Interest Income Expense": 92000.0,
        "Total Other Finance Cost": NaN,
        "Interest Expense Non Operating": NaN,
        "Interest Income Non Operating": NaN,
        "Operating Income": 262000.0,
        "Operating Expense": 4798000.0,
        "Research And Development": 896000.0,
        "Selling General And Administration": 3902000.0,
        "Selling And Marketing Expense": 2479000.0,
        "General And Administrative Expense": 1423000.0,
        "Other Gand A": 1423000.0,
        "Gross Profit": 5060000.0,
        "Cost Of Revenue": 3877000.0,
        "Total Revenue": 8937000.0,
        "Operating Revenue": 8937000.0
    },
    "2024-03-31": {
        "Tax Effect Of Unusual Items": 0.0,
        "Tax Rate For Calcs": 0.23,
        "Normalized EBITDA": -73000.0,
        "Net Income From Continuing Operation Net Minority Interest": -746000.0,
        "Reconciled Cost Of Revenue": 3032000.0,
        "EBITDA": -73000.0,
        "EBIT": -73000.0,
        "Net Interest Income": 54000.0,
        "Interest Expense": NaN,
        "Interest Income": 54000.0,
        "Normalized Income": -746000.0,
        "Net Income From Continuing And Discontinued Operation": -746000.0,
        "Total Expenses": 7584000.0,
        "Total Operating Income As Reported": -73000.0,
        "Diluted Average Shares": 23309987.0,
        "Basic Average Shares": 23309987.0,
        "Diluted EPS": -0.03,
        "Basic EPS": -0.03,
        "Diluted NI Availto Com Stockholders": -746000.0,
        "Net Income Common Stockholders": -746000.0,
        "Net Income": -746000.0,
        "Net Income Including Noncontrolling Interests": -746000.0,
        "Net Income Discontinuous Operations": NaN,
        "Net Income Continuous Operations": -746000.0,
        "Tax Provision": 727000.0,
        "Pretax Income": -19000.0,
        "Net Non Operating Interest Income Expense": 54000.0,
        "Total Other Finance Cost": NaN,
        "Interest Expense Non Operating": NaN,
        "Interest Income Non Operating": 54000.0,
        "Operating Income": -73000.0,
        "Operating Expense": 4552000.0,
        "Research And Development": 982000.0,
        "Selling General And Administration": 3570000.0,
        "Selling And Marketing Expense": 2095000.0,
        "General And Administrative Expense": 1475000.0,
        "Other Gand A": 1475000.0,
        "Gross Profit": 4479000.0,
        "Cost Of Revenue": 3032000.0,
        "Total Revenue": 7511000.0,
        "Operating Revenue": 7511000.0
    }
}