{
    "2023-06-30": {
        "Tax Effect Of Unusual Items": 23760.0,
        "Tax Rate For Calcs": 0.216,
        "Total Unusual Items": 110000.0,
        "Total Unusual Items Excluding Goodwill": 110000.0,
        "Net Income From Continuing Operation Net Minority Interest": 174110000.0,
        "Reconciled Depreciation": 21766000.0,
        "Net Interest Income": 455531000.0,
        "Interest Expense": 303612000.0,
        "Interest Income": 759143000.0,
        "Normalized Income": 174023760.0,
        "Net Income From Continuing And Discontinued Operation": 174110000.0,
        "Diluted Average Shares": 146550000.0,
        "Basic Average Shares": 146113000.0,
        "Diluted EPS": 1.13,
        "Basic EPS": 1.13,
        "Diluted NI Availto Com Stockholders": 165819000.0,
        "Net Income Common Stockholders": 165819000.0,
        "Preferred Stock Dividends": 8291000.0,
        "Net Income": 174110000.0,
        "Minority Interests": 166000.0,
        "Net Income Including Noncontrolling Interests": 173944000.0,
        "Net Income Continuous Operations": 173944000.0,
        "Tax Provision": 47801000.0,
        "Pretax Income": 221745000.0,
        "Special Income Charges": 110000.0,
        "Gain On Sale Of Business": NaN,
        "Restructuring And Mergern Acquisition": -110000.0,
        "Gain On Sale Of Security": 0.0,
        "Depreciation Amortization Depletion Income Statement": NaN,
        "Depreciation And Amortization In Income Statement": NaN,
        "Amortization": NaN,
        "Amortization Of Intangibles Income Statement": NaN,
        "Selling General And Administration": 194163000.0,
        "General And Administrative Expense": 194163000.0,
        "Insurance And Claims": 11162000.0,
        "Salaries And Wages": 183001000.0,
        "Total Revenue": 565447000.0,
        "Operating Revenue": 565447000.0
    },
    "2023-03-31": {
        "Tax Effect Of Unusual Items": 162784.212167,
        "Tax Rate For Calcs": 0.222079,
        "Total Unusual Items": 733000.0,
        "Total Unusual Items Excluding Goodwill": 733000.0,
        "Net Income From Continuing Operation Net Minority Interest": 202159000.0,
        "Reconciled Depreciation": 20088000.0,
        "Net Interest Income": 480751000.0,
        "Interest Expense": 236128000.0,
        "Interest Income": 716879000.0,
        "Normalized Income": 201588784.212167,
        "Net Income From Continuing And Discontinued Operation": 202159000.0,
        "Diluted Average Shares": 146727000.0,
        "Basic Average Shares": 145799000.0,
        "Diluted EPS": 1.32,
        "Basic EPS": 1.33,
        "Diluted NI Availto Com Stockholders": 193868000.0,
        "Net Income Common Stockholders": 193868000.0,
        "Preferred Stock Dividends": 8291000.0,
        "Net Income": 202159000.0,
        "Minority Interests": 0.0,
        "Net Income Including Noncontrolling Interests": 202159000.0,
        "Net Income Continuous Operations": 202159000.0,
        "Tax Provision": 57712000.0,
        "Pretax Income": 259871000.0,
        "Special Income Charges": 733000.0,
        "Gain On Sale Of Business": NaN,
        "Restructuring And Mergern Acquisition": -733000.0,
        "Gain On Sale Of Security": 1030000.0,
        "Depreciation Amortization Depletion Income Statement": 1857000.0,
        "Depreciation And Amortization In Income Statement": 1857000.0,
        "Amortization": 1857000.0,
        "Amortization Of Intangibles Income Statement": 1857000.0,
        "Selling General And Administration": 199192000.0,
        "General And Administrative Expense": 199192000.0,
        "Insurance And Claims": 10268000.0,
        "Salaries And Wages": 188924000.0,
        "Total Revenue": 584001000.0,
        "Operating Revenue": 584001000.0
    },
    "2022-12-31": {
        "Tax Effect Of Unusual Items": 494058.290529,
        "Tax Rate For Calcs": 0.208288,
        "Total Unusual Items": 2372000.0,
        "Total Unusual Items Excluding Goodwill": 2372000.0,
        "Net Income From Continuing Operation Net Minority Interest": 205770000.0,
        "Reconciled Depreciation": 15820000.0,
        "Net Interest Income": 501345000.0,
        "Interest Expense": 153309000.0,
        "Interest Income": 654654000.0,
        "Normalized Income": 203892058.290529,
        "Net Income From Continuing And Discontinued Operation": 205770000.0,
        "Diluted Average Shares": 146528000.0,
        "Basic Average Shares": 145467000.0,
        "Diluted EPS": 1.35,
        "Basic EPS": 1.36,
        "Diluted NI Availto Com Stockholders": 197479000.0,
        "Net Income Common Stockholders": 197479000.0,
        "Preferred Stock Dividends": 8291000.0,
        "Net Income": 205770000.0,
        "Minority Interests": NaN,
        "Net Income Including Noncontrolling Interests": 205770000.0,
        "Net Income Continuous Operations": 205770000.0,
        "Tax Provision": 54135000.0,
        "Pretax Income": 259905000.0,
        "Special Income Charges": 2372000.0,
        "Gain On Sale Of Business": NaN,
        "Restructuring And Mergern Acquisition": -2372000.0,
        "Gain On Sale Of Security": 3500000.0,
        "Depreciation Amortization Depletion Income Statement": 2118000.0,
        "Depreciation And Amortization In Income Statement": 2118000.0,
        "Amortization": 2118000.0,
        "Amortization Of Intangibles Income Statement": 2118000.0,
        "Selling General And Administration": 190861000.0,
        "General And Administrative Expense": 190861000.0,
        "Insurance And Claims": 8232000.0,
        "Salaries And Wages": 182629000.0,
        "Total Revenue": 607284000.0,
        "Operating Revenue": 607284000.0
    },
    "2022-09-30": {
        "Tax Effect Of Unusual Items": -216916.4,
        "Tax Rate For Calcs": 0.2269,
        "Total Unusual Items": -956000.0,
        "Total Unusual Items Excluding Goodwill": -956000.0,
        "Net Income From Continuing Operation Net Minority Interest": 203044000.0,
        "Reconciled Depreciation": 16361000.0,
        "Net Interest Income": 477919000.0,
        "Interest Expense": 73380000.0,
        "Interest Income": 551299000.0,
        "Normalized Income": 203783083.6,
        "Net Income From Continuing And Discontinued Operation": 203044000.0,
        "Diluted Average Shares": 146418000.0,
        "Basic Average Shares": 145386000.0,
        "Diluted EPS": 1.33,
        "Basic EPS": 1.34,
        "Diluted NI Availto Com Stockholders": 194753000.0,
        "Net Income Common Stockholders": 194753000.0,
        "Preferred Stock Dividends": 8291000.0,
        "Net Income": 203044000.0,
        "Minority Interests": NaN,
        "Net Income Including Noncontrolling Interests": 203044000.0,
        "Net Income Continuous Operations": 203044000.0,
        "Tax Provision": 59582000.0,
        "Pretax Income": 262626000.0,
        "Special Income Charges": -956000.0,
        "Restructuring And Mergern Acquisition": 956000.0,
        "Gain On Sale Of Security": 0.0,
        "Depreciation Amortization Depletion Income Statement": 2118000.0,
        "Depreciation And Amortization In Income Statement": 2118000.0,
        "Amortization": 2118000.0,
        "Amortization Of Intangibles Income Statement": 2118000.0,
        "Selling General And Administration": 181041000.0,
        "General And Administrative Expense": 181041000.0,
        "Insurance And Claims": 7707000.0,
        "Salaries And Wages": 173334000.0,
        "Total Revenue": 582217000.0,
        "Operating Revenue": 582217000.0
    },
    "2022-06-30": {
        "Tax Effect Of Unusual Items": 404780.0,
        "Tax Rate For Calcs": 0.2188,
        "Total Unusual Items": 1850000.0,
        "Total Unusual Items Excluding Goodwill": 1850000.0,
        "Net Income From Continuing Operation Net Minority Interest": 178052000.0,
        "Reconciled Depreciation": 9882000.0,
        "Net Interest Income": 425388000.0,
        "Interest Expense": 28384000.0,
        "Interest Income": 453772000.0,
        "Normalized Income": 176606780.0,
        "Net Income From Continuing And Discontinued Operation": 178052000.0,
        "Diluted Average Shares": 146315000.0,
        "Basic Average Shares": 145328000.0,
        "Diluted EPS": 1.16,
        "Basic EPS": 1.17,
        "Diluted NI Availto Com Stockholders": 169761000.0,
        "Net Income Common Stockholders": 169761000.0,
        "Preferred Stock Dividends": 8291000.0,
        "Net Income": 178052000.0,
        "Minority Interests": NaN,
        "Net Income Including Noncontrolling Interests": 178052000.0,
        "Net Income Continuous Operations": 178052000.0,
        "Tax Provision": 49863000.0,
        "Pretax Income": 227915000.0,
        "Special Income Charges": 1850000.0,
        "Restructuring And Mergern Acquisition": -1850000.0,
        "Gain On Sale Of Security": 0.0,
        "Depreciation Amortization Depletion Income Statement": NaN,
        "Depreciation And Amortization In Income Statement": NaN,
        "Amortization": NaN,
        "Amortization Of Intangibles Income Statement": NaN,
        "Selling General And Administration": 167957000.0,
        "General And Administrative Expense": 167957000.0,
        "Insurance And Claims": 6894000.0,
        "Salaries And Wages": 161063000.0,
        "Total Revenue": 522654000.0,
        "Operating Revenue": 522654000.0
    },
    "2022-03-31": {
        "Diluted EPS": 1.11,
        "Total Revenue": 521,
        "Gross Profit": 498,
        "Operating Income": 207,
        "EBIT": NaN,
        "Net Income": 163
    },
    "2021-12-31": {
        "Diluted EPS": 1.31,
        "Total Revenue": 535,
        "Gross Profit": 509,
        "Operating Income": 275,
        "EBIT": NaN,
        "Net Income": 192
    },
    "2021-09-30": {
        "Diluted EPS": 1.21,
        "Total Revenue": 527,
        "Gross Profit": 500,
        "Operating Income": 241,
        "EBIT": NaN,
        "Net Income": 178
    },
    "2021-06-30": {
        "Diluted EPS": 1.19,
        "Total Revenue": 520,
        "Gross Profit": 489,
        "Operating Income": 243,
        "EBIT": NaN,
        "Net Income": 178
    },
    "2021-03-31": {
        "Diluted EPS": 1.19,
        "Total Revenue": 521,
        "Gross Profit": 485,
        "Operating Income": 237,
        "EBIT": NaN,
        "Net Income": 179
    },
    "2020-12-31": {
        "Diluted EPS": 0.97,
        "Total Revenue": 548,
        "Gross Profit": 501,
        "Operating Income": 214,
        "EBIT": NaN,
        "Net Income": 142
    },
    "2020-09-30": {
        "Diluted EPS": 0.56,
        "Total Revenue": 550,
        "Gross Profit": 491,
        "Operating Income": 131,
        "EBIT": NaN,
        "Net Income": 83
    },
    "2020-06-30": {
        "Diluted EPS": 0.57,
        "Total Revenue": 625,
        "Gross Profit": 550,
        "Operating Income": 124,
        "EBIT": NaN,
        "Net Income": 85
    },
    "2020-03-31": {
        "Diluted EPS": 0.2,
        "Total Revenue": 588,
        "Gross Profit": 477,
        "Operating Income": 42,
        "EBIT": NaN,
        "Net Income": 30
    },
    "2019-12-31": {
        "Diluted EPS": 0.96,
        "Total Revenue": 604,
        "Gross Profit": 497,
        "Operating Income": 207,
        "EBIT": NaN,
        "Net Income": 143
    },
    "2019-09-30": {
        "Diluted EPS": 0.83,
        "Total Revenue": 612,
        "Gross Profit": 491,
        "Operating Income": 187,
        "EBIT": NaN,
        "Net Income": 127
    },
    "2019-06-30": {
        "Diluted EPS": 0.96,
        "Total Revenue": 606,
        "Gross Profit": 487,
        "Operating Income": 218,
        "EBIT": NaN,
        "Net Income": 153
    },
    "2019-03-31": {
        "Diluted EPS": 0.72,
        "Total Revenue": 584,
        "Gross Profit": 477,
        "Operating Income": 210,
        "EBIT": NaN,
        "Net Income": 117
    },
    "2018-12-31": {
        "Diluted EPS": 0.88,
        "Total Revenue": 425,
        "Gross Profit": 366,
        "Operating Income": 146,
        "EBIT": NaN,
        "Net Income": 102
    },
    "2018-09-30": {
        "Diluted EPS": 0.84,
        "Total Revenue": 416,
        "Gross Profit": 363,
        "Operating Income": 135,
        "EBIT": NaN,
        "Net Income": 99
    },
    "2018-06-30": {
        "Diluted EPS": 0.91,
        "Total Revenue": 403,
        "Gross Profit": 358,
        "Operating Income": 142,
        "EBIT": NaN,
        "Net Income": 109
    },
    "2018-03-31": {
        "Diluted EPS": 0.84,
        "Total Revenue": 380,
        "Gross Profit": 341,
        "Operating Income": 133,
        "EBIT": NaN,
        "Net Income": 101
    },
    "2017-12-31": {
        "Diluted EPS": 0.23,
        "Total Revenue": 376,
        "Gross Profit": 339,
        "Operating Income": 86,
        "EBIT": NaN,
        "Net Income": 27
    },
    "2017-09-30": {
        "Diluted EPS": 0.78,
        "Total Revenue": 433,
        "Gross Profit": 398,
        "Operating Income": 153,
        "EBIT": NaN,
        "Net Income": 95
    },
    "2017-06-30": {
        "Diluted EPS": 0.6,
        "Total Revenue": 354,
        "Gross Profit": 320,
        "Operating Income": 118,
        "EBIT": NaN,
        "Net Income": 73
    },
    "2017-03-31": {
        "Diluted EPS": 0.56,
        "Total Revenue": 344,
        "Gross Profit": 312,
        "Operating Income": 112,
        "EBIT": NaN,
        "Net Income": 69
    },
    "2016-12-31": {
        "Diluted EPS": 0.53,
        "Total Revenue": 339,
        "Gross Profit": 308,
        "Operating Income": 101,
        "EBIT": NaN,
        "Net Income": 66
    },
    "2016-09-30": {
        "Diluted EPS": 0.51,
        "Total Revenue": 325,
        "Gross Profit": 294,
        "Operating Income": 104,
        "EBIT": NaN,
        "Net Income": 63
    },
    "2016-06-30": {
        "Diluted EPS": 0.46,
        "Total Revenue": 320,
        "Gross Profit": 289,
        "Operating Income": 100,
        "EBIT": NaN,
        "Net Income": 58
    },
    "2016-03-31": {
        "Diluted EPS": 0.39,
        "Total Revenue": 312,
        "Gross Profit": 281,
        "Operating Income": 85,
        "EBIT": NaN,
        "Net Income": 50
    },
    "2015-12-31": {
        "Diluted EPS": 0.42,
        "Total Revenue": 309,
        "Gross Profit": 279,
        "Operating Income": 91,
        "EBIT": NaN,
        "Net Income": 56
    },
    "2015-09-30": {
        "Diluted EPS": 0.42,
        "Total Revenue": 305,
        "Gross Profit": 275,
        "Operating Income": 94,
        "EBIT": NaN,
        "Net Income": 55
    },
    "2015-06-30": {
        "Diluted EPS": 0.4,
        "Total Revenue": 302,
        "Gross Profit": 272,
        "Operating Income": 88,
        "EBIT": NaN,
        "Net Income": 53
    },
    "2015-03-31": {
        "Diluted EPS": 0.38,
        "Total Revenue": 297,
        "Gross Profit": 269,
        "Operating Income": 86,
        "EBIT": NaN,
        "Net Income": 51
    },
    "2014-12-31": {
        "Diluted EPS": 0.36,
        "Total Revenue": 299,
        "Gross Profit": 272,
        "Operating Income": 82,
        "EBIT": NaN,
        "Net Income": 51
    },
    "2014-09-30": {
        "Diluted EPS": 0.32,
        "Total Revenue": 297,
        "Gross Profit": 270,
        "Operating Income": 73,
        "EBIT": NaN,
        "Net Income": 44
    },
    "2014-06-30": {
        "Diluted EPS": 0.32,
        "Total Revenue": 296,
        "Gross Profit": 268,
        "Operating Income": 82,
        "EBIT": NaN,
        "Net Income": 44
    },
    "2014-03-31": {
        "Diluted EPS": 0.33,
        "Total Revenue": 299,
        "Gross Profit": 271,
        "Operating Income": 86,
        "EBIT": NaN,
        "Net Income": 46
    },
    "2013-12-31": {
        "Diluted EPS": 0.23,
        "Total Revenue": 293,
        "Gross Profit": 265,
        "Operating Income": 63,
        "EBIT": NaN,
        "Net Income": 36
    },
    "2013-09-30": {
        "Diluted EPS": 0.27,
        "Total Revenue": 297,
        "Gross Profit": 268,
        "Operating Income": 74,
        "EBIT": NaN,
        "Net Income": 37
    },
    "2013-06-30": {
        "Diluted EPS": 0.24,
        "Total Revenue": 297,
        "Gross Profit": 267,
        "Operating Income": 75,
        "EBIT": NaN,
        "Net Income": 31
    },
    "2013-03-31": {
        "Diluted EPS": 0.14,
        "Total Revenue": 295,
        "Gross Profit": 265,
        "Operating Income": 51,
        "EBIT": NaN,
        "Net Income": 15
    },
    "2012-12-31": {
        "Diluted EPS": 5.44,
        "Total Revenue": 320,
        "Gross Profit": 288,
        "Operating Income": -70,
        "EBIT": NaN,
        "Net Income": 709
    },
    "2012-09-30": {
        "Diluted EPS": 0.14,
        "Total Revenue": 321,
        "Gross Profit": 286,
        "Operating Income": 32,
        "EBIT": NaN,
        "Net Income": 16
    },
    "2012-06-30": {
        "Diluted EPS": 0.21,
        "Total Revenue": 330,
        "Gross Profit": 290,
        "Operating Income": 39,
        "EBIT": NaN,
        "Net Income": 25
    },
    "2012-03-31": {
        "Diluted EPS": 0.14,
        "Total Revenue": 347,
        "Gross Profit": 305,
        "Operating Income": 37,
        "EBIT": NaN,
        "Net Income": 21
    },
    "2011-12-31": {
        "Diluted EPS": 0.14,
        "Total Revenue": 347,
        "Gross Profit": 301,
        "Operating Income": 28,
        "EBIT": NaN,
        "Net Income": 13
    },
    "2011-09-30": {
        "Diluted EPS": 0.14,
        "Total Revenue": 415,
        "Gross Profit": 362,
        "Operating Income": 40,
        "EBIT": NaN,
        "Net Income": 16
    },
    "2011-06-30": {
        "Diluted EPS": -0.49,
        "Total Revenue": 356,
        "Gross Profit": 299,
        "Operating Income": -41,
        "EBIT": NaN,
        "Net Income": -54
    },
    "2011-03-31": {
        "Diluted EPS": -0.84,
        "Total Revenue": 363,
        "Gross Profit": 302,
        "Operating Income": -56,
        "EBIT": NaN,
        "Net Income": -94
    },
    "2010-12-31": {
        "Diluted EPS": -1.12,
        "Total Revenue": 393,
        "Gross Profit": 322,
        "Operating Income": -157,
        "EBIT": NaN,
        "Net Income": -180
    },
    "2010-09-30": {
        "Diluted EPS": -1.75,
        "Total Revenue": 408,
        "Gross Profit": 327,
        "Operating Income": -177,
        "EBIT": NaN,
        "Net Income": -196
    },
    "2010-06-30": {
        "Diluted EPS": -2.52,
        "Total Revenue": 412,
        "Gross Profit": 324,
        "Operating Income": -234,
        "EBIT": NaN,
        "Net Income": -243
    },
    "2010-03-31": {
        "Diluted EPS": -3.29,
        "Total Revenue": 412,
        "Gross Profit": 319,
        "Operating Income": -275,
        "EBIT": NaN,
        "Net Income": -230
    },
    "2009-12-31": {
        "Diluted EPS": -2.73,
        "Total Revenue": 499,
        "Gross Profit": 393,
        "Operating Income": -245,
        "EBIT": NaN,
        "Net Income": -283
    },
    "2009-09-30": {
        "Diluted EPS": -9.24,
        "Total Revenue": 463,
        "Gross Profit": 341,
        "Operating Income": -472,
        "EBIT": NaN,
        "Net Income": -454
    },
    "2009-06-30": {
        "Diluted EPS": -12.74,
        "Total Revenue": 488,
        "Gross Profit": 360,
        "Operating Income": -665,
        "EBIT": NaN,
        "Net Income": -601
    },
    "2009-03-31": {
        "Diluted EPS": -3.22,
        "Total Revenue": 471,
        "Gross Profit": 328,
        "Operating Income": -217,
        "EBIT": NaN,
        "Net Income": -151
    },
    "2023-09-30": {
        "Tax Effect Of Unusual Items": -3314672.0,
        "Tax Rate For Calcs": 0.223,
        "Total Unusual Items": -14864000.0,
        "Total Unusual Items Excluding Goodwill": -14864000.0,
        "Net Income From Continuing Operation Net Minority Interest": 97095000.0,
        "Reconciled Depreciation": 21700000.0,
        "Net Interest Income": 443159000.0,
        "Interest Expense": 342880000.0,
        "Interest Income": 786039000.0,
        "Normalized Income": 108644328.0,
        "Net Income From Continuing And Discontinued Operation": 97095000.0,
        "Diluted Average Shares": 146740000.0,
        "Basic Average Shares": 146170000.0,
        "Diluted EPS": 0.6,
        "Basic EPS": 0.6,
        "Diluted NI Availto Com Stockholders": 87423000.0,
        "Net Income Common Stockholders": 87423000.0,
        "Preferred Stock Dividends": 9672000.0,
        "Net Income": 97095000.0,
        "Minority Interests": 630000.0,
        "Net Income Including Noncontrolling Interests": 96465000.0,
        "Net Income Continuous Operations": 96465000.0,
        "Tax Provision": 27729000.0,
        "Pretax Income": 124194000.0,
        "Special Income Charges": -14864000.0,
        "Gain On Sale Of Business": 1929000.0,
        "Restructuring And Mergern Acquisition": 17319000.0,
        "Gain On Sale Of Security": -900000.0,
        "Depreciation Amortization Depletion Income Statement": 3042000.0,
        "Depreciation And Amortization In Income Statement": 3042000.0,
        "Amortization": 3042000.0,
        "Amortization Of Intangibles Income Statement": 3042000.0,
        "Selling General And Administration": 191578000.0,
        "General And Administrative Expense": 191578000.0,
        "Insurance And Claims": 11837000.0,
        "Salaries And Wages": 179741000.0,
        "Total Revenue": 516515000.0,
        "Operating Revenue": 516515000.0
    },
    "2023-12-31": {
        "Tax Effect Of Unusual Items": -2176284.719763,
        "Tax Rate For Calcs": 0.229978,
        "Total Unusual Items": -9463000.0,
        "Total Unusual Items Excluding Goodwill": -9463000.0,
        "Net Income From Continuing Operation Net Minority Interest": 70341000.0,
        "Reconciled Depreciation": 29904000.0,
        "Net Interest Income": 437213000.0,
        "Interest Expense": 351084000.0,
        "Interest Income": 788297000.0,
        "Normalized Income": 77627715.280237,
        "Net Income From Continuing And Discontinued Operation": 70341000.0,
        "Diluted Average Shares": 146877000.0,
        "Basic Average Shares": 146372000.0,
        "Diluted EPS": 0.41,
        "Basic EPS": 0.41,
        "Diluted NI Availto Com Stockholders": 60645000.0,
        "Net Income Common Stockholders": 60645000.0,
        "Preferred Stock Dividends": 9696000.0,
        "Net Income": 70341000.0,
        "Minority Interests": 768000.0,
        "Net Income Including Noncontrolling Interests": 69573000.0,
        "Net Income Continuous Operations": 69573000.0,
        "Tax Provision": 20779000.0,
        "Pretax Income": 90352000.0,
        "Special Income Charges": -9463000.0,
        "Gain On Sale Of Business": NaN,
        "Restructuring And Mergern Acquisition": 1231000.0,
        "Gain On Sale Of Security": -73821000.0,
        "Depreciation Amortization Depletion Income Statement": -17806000.0,
        "Depreciation And Amortization In Income Statement": -17806000.0,
        "Amortization": -17806000.0,
        "Amortization Of Intangibles Income Statement": -17806000.0,
        "Selling General And Administration": 238182000.0,
        "General And Administrative Expense": 238182000.0,
        "Insurance And Claims": 61471000.0,
        "Salaries And Wages": 176711000.0,
        "Total Revenue": 494538000.0,
        "Operating Revenue": 494538000.0
    },
    "2024-03-31": {
        "Tax Effect Of Unusual Items": -349668.237968,
        "Tax Rate For Calcs": 0.229441,
        "Total Unusual Items": -1524000.0,
        "Total Unusual Items Excluding Goodwill": -1524000.0,
        "Net Income From Continuing Operation Net Minority Interest": 124507000.0,
        "Reconciled Depreciation": 17854000.0,
        "Net Interest Income": 418846000.0,
        "Interest Expense": 363864000.0,
        "Interest Income": 782710000.0,
        "Normalized Income": 125681331.762032,
        "Net Income From Continuing And Discontinued Operation": 124507000.0,
        "Diluted Average Shares": 147122000.0,
        "Basic Average Shares": 146430000.0,
        "Diluted EPS": 0.78,
        "Basic EPS": 0.78,
        "Diluted NI Availto Com Stockholders": 114822000.0,
        "Net Income Common Stockholders": 114822000.0,
        "Preferred Stock Dividends": 9685000.0,
        "Net Income": 124507000.0,
        "Minority Interests": 437000.0,
        "Net Income Including Noncontrolling Interests": 124070000.0,
        "Net Income Continuous Operations": 124070000.0,
        "Tax Provision": 36943000.0,
        "Pretax Income": 161013000.0,
        "Special Income Charges": -1524000.0,
        "Gain On Sale Of Business": NaN,
        "Restructuring And Mergern Acquisition": 1524000.0,
        "Gain On Sale Of Security": 0.0,
        "Depreciation Amortization Depletion Income Statement": 2907000.0,
        "Depreciation And Amortization In Income Statement": 2907000.0,
        "Amortization": 2907000.0,
        "Amortization Of Intangibles Income Statement": 2907000.0,
        "Selling General And Administration": 212340000.0,
        "General And Administrative Expense": 212340000.0,
        "Insurance And Claims": 23819000.0,
        "Salaries And Wages": 188521000.0,
        "Total Revenue": 537734000.0,
        "Operating Revenue": 537734000.0
    }
}