{
    "2023-06-30": {
        "Tax Effect Of Unusual Items": -6350.828113,
        "Tax Rate For Calcs": 0.036084,
        "Total Unusual Items": -176000.0,
        "Total Unusual Items Excluding Goodwill": -176000.0,
        "Net Income From Continuing Operation Net Minority Interest": -47549000.0,
        "Reconciled Depreciation": 50130000.0,
        "Net Interest Income": 291126000.0,
        "Interest Expense": 178870000.0,
        "Interest Income": 469996000.0,
        "Normalized Income": -47379350.828113,
        "Net Income From Continuing And Discontinued Operation": -47549000.0,
        "Diluted Average Shares": 936569420.0,
        "Basic Average Shares": 936569420.0,
        "Diluted EPS": -0.06,
        "Basic EPS": -0.06,
        "Diluted NI Availto Com Stockholders": -57628000.0,
        "Average Dilution Earnings": 0.0,
        "Net Income Common Stockholders": -57628000.0,
        "Otherunder Preferred Stock Dividend": NaN,
        "Preferred Stock Dividends": 10079000.0,
        "Net Income": -47549000.0,
        "Net Income Including Noncontrolling Interests": -47549000.0,
        "Net Income Continuous Operations": -47549000.0,
        "Tax Provision": -1780000.0,
        "Pretax Income": -49329000.0,
        "Special Income Charges": -176000.0,
        "Other Special Charges": NaN,
        "Impairment Of Capital Assets": 0.0,
        "Restructuring And Mergern Acquisition": 176000.0,
        "Gain On Sale Of Security": -12900000.0,
        "Selling General And Administration": 314002000.0,
        "Selling And Marketing Expense": 182822000.0,
        "General And Administrative Expense": 131180000.0,
        "Other Gand A": 131180000.0,
        "Total Revenue": 498018000.0,
        "Operating Revenue": 498018000.0,
        "Other Non Interest Expense": 220554000.0
    },
    "2023-03-31": {
        "Tax Effect Of Unusual Items": NaN,
        "Tax Rate For Calcs": NaN,
        "Total Unusual Items": NaN,
        "Total Unusual Items Excluding Goodwill": NaN,
        "Net Income From Continuing Operation Net Minority Interest": NaN,
        "Reconciled Depreciation": NaN,
        "Net Interest Income": NaN,
        "Interest Expense": NaN,
        "Interest Income": NaN,
        "Normalized Income": NaN,
        "Net Income From Continuing And Discontinued Operation": NaN,
        "Diluted Average Shares": NaN,
        "Basic Average Shares": NaN,
        "Diluted EPS": NaN,
        "Basic EPS": NaN,
        "Diluted NI Availto Com Stockholders": NaN,
        "Average Dilution Earnings": 0.0,
        "Net Income Common Stockholders": NaN,
        "Otherunder Preferred Stock Dividend": NaN,
        "Preferred Stock Dividends": NaN,
        "Net Income": NaN,
        "Net Income Including Noncontrolling Interests": NaN,
        "Net Income Continuous Operations": NaN,
        "Tax Provision": NaN,
        "Pretax Income": NaN,
        "Special Income Charges": NaN,
        "Other Special Charges": NaN,
        "Impairment Of Capital Assets": NaN,
        "Restructuring And Mergern Acquisition": NaN,
        "Gain On Sale Of Security": -3177000.0,
        "Selling General And Administration": NaN,
        "Selling And Marketing Expense": NaN,
        "General And Administrative Expense": NaN,
        "Other Gand A": NaN,
        "Total Revenue": NaN,
        "Operating Revenue": NaN,
        "Other Non Interest Expense": NaN
    },
    "2022-12-31": {
        "Tax Effect Of Unusual Items": NaN,
        "Tax Rate For Calcs": NaN,
        "Total Unusual Items": NaN,
        "Total Unusual Items Excluding Goodwill": NaN,
        "Net Income From Continuing Operation Net Minority Interest": NaN,
        "Reconciled Depreciation": NaN,
        "Net Interest Income": NaN,
        "Interest Expense": NaN,
        "Interest Income": NaN,
        "Normalized Income": NaN,
        "Net Income From Continuing And Discontinued Operation": NaN,
        "Diluted Average Shares": NaN,
        "Basic Average Shares": NaN,
        "Diluted EPS": NaN,
        "Basic EPS": NaN,
        "Diluted NI Availto Com Stockholders": NaN,
        "Average Dilution Earnings": NaN,
        "Net Income Common Stockholders": NaN,
        "Otherunder Preferred Stock Dividend": NaN,
        "Preferred Stock Dividends": NaN,
        "Net Income": NaN,
        "Net Income Including Noncontrolling Interests": NaN,
        "Net Income Continuous Operations": NaN,
        "Tax Provision": NaN,
        "Pretax Income": NaN,
        "Special Income Charges": NaN,
        "Other Special Charges": NaN,
        "Impairment Of Capital Assets": NaN,
        "Restructuring And Mergern Acquisition": NaN,
        "Gain On Sale Of Security": -8241000.0,
        "Selling General And Administration": NaN,
        "Selling And Marketing Expense": NaN,
        "General And Administrative Expense": NaN,
        "Other Gand A": NaN,
        "Total Revenue": NaN,
        "Operating Revenue": NaN,
        "Other Non Interest Expense": NaN
    },
    "2022-09-30": {
        "Tax Effect Of Unusual Items": NaN,
        "Tax Rate For Calcs": NaN,
        "Total Unusual Items": NaN,
        "Total Unusual Items Excluding Goodwill": NaN,
        "Net Income From Continuing Operation Net Minority Interest": NaN,
        "Reconciled Depreciation": NaN,
        "Net Interest Income": NaN,
        "Interest Expense": NaN,
        "Interest Income": NaN,
        "Normalized Income": NaN,
        "Net Income From Continuing And Discontinued Operation": NaN,
        "Diluted Average Shares": NaN,
        "Basic Average Shares": NaN,
        "Diluted EPS": NaN,
        "Basic EPS": NaN,
        "Diluted NI Availto Com Stockholders": NaN,
        "Average Dilution Earnings": NaN,
        "Net Income Common Stockholders": NaN,
        "Preferred Stock Dividends": NaN,
        "Net Income": NaN,
        "Net Income Including Noncontrolling Interests": NaN,
        "Net Income Continuous Operations": NaN,
        "Tax Provision": NaN,
        "Pretax Income": NaN,
        "Special Income Charges": NaN,
        "Other Special Charges": NaN,
        "Impairment Of Capital Assets": NaN,
        "Restructuring And Mergern Acquisition": NaN,
        "Gain On Sale Of Security": -8772000.0,
        "Selling General And Administration": NaN,
        "Selling And Marketing Expense": NaN,
        "General And Administrative Expense": NaN,
        "Other Gand A": NaN,
        "Total Revenue": NaN,
        "Operating Revenue": NaN
    },
    "2022-06-30": {
        "Tax Effect Of Unusual Items": -323200.0,
        "Tax Rate For Calcs": 0.4,
        "Total Unusual Items": -808000.0,
        "Total Unusual Items Excluding Goodwill": -808000.0,
        "Net Income From Continuing Operation Net Minority Interest": -95835000.0,
        "Reconciled Depreciation": 38056000.0,
        "Net Interest Income": 122729000.0,
        "Interest Expense": 26783000.0,
        "Interest Income": 149512000.0,
        "Normalized Income": -95350200.0,
        "Net Income From Continuing And Discontinued Operation": -95835000.0,
        "Diluted Average Shares": 910046750.0,
        "Basic Average Shares": 910046750.0,
        "Diluted EPS": -0.12,
        "Basic EPS": -0.12,
        "Diluted NI Availto Com Stockholders": -95835000.0,
        "Net Income Common Stockholders": -95835000.0,
        "Preferred Stock Dividends": 10079000.0,
        "Net Income": -95835000.0,
        "Net Income Including Noncontrolling Interests": -95835000.0,
        "Net Income Continuous Operations": -95835000.0,
        "Tax Provision": 119000.0,
        "Pretax Income": -95716000.0,
        "Special Income Charges": -808000.0,
        "Impairment Of Capital Assets": NaN,
        "Restructuring And Mergern Acquisition": 808000.0,
        "Gain On Sale Of Security": -11737000.0,
        "Selling General And Administration": 269683000.0,
        "Selling And Marketing Expense": 143854000.0,
        "General And Administrative Expense": 125829000.0,
        "Other Gand A": 125829000.0,
        "Total Revenue": 362527000.0,
        "Operating Revenue": 362527000.0
    },
    "2022-03-31": {
        "Diluted EPS": -0.14,
        "Total Revenue": 354,
        "Gross Profit": 330,
        "Operating Income": -110,
        "EBIT": NaN,
        "Net Income": -120
    },
    "2021-12-31": {
        "Diluted EPS": 1.14,
        "Total Revenue": 304,
        "Gross Profit": 286,
        "Operating Income": -109,
        "EBIT": NaN,
        "Net Income": -121
    },
    "2021-09-30": {
        "Diluted EPS": -0.05,
        "Total Revenue": 293,
        "Gross Profit": 272,
        "Operating Income": -30,
        "EBIT": NaN,
        "Net Income": -40
    },
    "2021-06-30": {
        "Diluted EPS": -0.48,
        "Total Revenue": 259,
        "Gross Profit": 231,
        "Operating Income": -165,
        "EBIT": NaN,
        "Net Income": -175
    },
    "2021-03-31": {
        "Diluted EPS": -1.61,
        "Total Revenue": 231,
        "Gross Profit": 196,
        "Operating Income": -176,
        "EBIT": NaN,
        "Net Income": -188
    },
    "2020-12-31": {
        "Diluted EPS": 0.0,
        "Total Revenue": NaN,
        "Gross Profit": NaN,
        "Operating Income": NaN,
        "EBIT": NaN,
        "Net Income": NaN
    },
    "2020-09-30": {
        "Diluted EPS": -0.7,
        "Total Revenue": 240,
        "Gross Profit": 201,
        "Operating Income": -43,
        "EBIT": NaN,
        "Net Income": -53
    },
    "2020-06-30": {
        "Diluted EPS": -0.03,
        "Total Revenue": 158,
        "Gross Profit": 115,
        "Operating Income": -92,
        "EBIT": NaN,
        "Net Income": -2
    },
    "2019-12-31": {
        "Diluted EPS": 0.0,
        "Total Revenue": NaN,
        "Gross Profit": NaN,
        "Operating Income": NaN,
        "EBIT": NaN,
        "Net Income": NaN
    },
    "2023-09-30": {
        "Tax Effect Of Unusual Items": -225911.706528,
        "Tax Rate For Calcs": 0.000914,
        "Total Unusual Items": -247140000.0,
        "Total Unusual Items Excluding Goodwill": -247140000.0,
        "Net Income From Continuing Operation Net Minority Interest": -266684000.0,
        "Reconciled Depreciation": 52516000.0,
        "Net Interest Income": 344963000.0,
        "Interest Expense": 219307000.0,
        "Interest Income": 564270000.0,
        "Normalized Income": -19769911.706528,
        "Net Income From Continuing And Discontinued Operation": -266684000.0,
        "Diluted Average Shares": 951183107.0,
        "Basic Average Shares": 951183107.0,
        "Diluted EPS": -0.29,
        "Basic EPS": -0.29,
        "Diluted NI Availto Com Stockholders": -276873000.0,
        "Average Dilution Earnings": NaN,
        "Net Income Common Stockholders": -276873000.0,
        "Otherunder Preferred Stock Dividend": NaN,
        "Preferred Stock Dividends": 10189000.0,
        "Net Income": -266684000.0,
        "Net Income Including Noncontrolling Interests": -266684000.0,
        "Net Income Continuous Operations": -266684000.0,
        "Tax Provision": -244000.0,
        "Pretax Income": -266928000.0,
        "Special Income Charges": -247140000.0,
        "Other Special Charges": NaN,
        "Impairment Of Capital Assets": 247174000.0,
        "Restructuring And Mergern Acquisition": -34000.0,
        "Gain On Sale Of Security": -6298000.0,
        "Selling General And Administration": 311176000.0,
        "Selling And Marketing Expense": 186719000.0,
        "General And Administrative Expense": 124457000.0,
        "Other Gand A": 124457000.0,
        "Total Revenue": 537209000.0,
        "Operating Revenue": 537209000.0,
        "Other Non Interest Expense": 223990000.0
    },
    "2023-12-31": {
        "Tax Effect Of Unusual Items": -265965.929082,
        "Tax Rate For Calcs": 0.063431,
        "Total Unusual Items": -4193000.0,
        "Total Unusual Items Excluding Goodwill": -4193000.0,
        "Net Income From Continuing Operation Net Minority Interest": 47913000.0,
        "Reconciled Depreciation": 53449000.0,
        "Net Interest Income": 389641000.0,
        "Interest Expense": 255596000.0,
        "Interest Income": 645237000.0,
        "Normalized Income": 51840034.070918,
        "Net Income From Continuing And Discontinued Operation": 47913000.0,
        "Diluted Average Shares": 1029303297.0,
        "Basic Average Shares": 962691936.0,
        "Diluted EPS": 0.02,
        "Basic EPS": 0.04,
        "Diluted NI Availto Com Stockholders": 37724000.0,
        "Average Dilution Earnings": NaN,
        "Net Income Common Stockholders": 37724000.0,
        "Otherunder Preferred Stock Dividend": NaN,
        "Preferred Stock Dividends": 10189000.0,
        "Net Income": 47913000.0,
        "Net Income Including Noncontrolling Interests": 47913000.0,
        "Net Income Continuous Operations": 47913000.0,
        "Tax Provision": 3245000.0,
        "Pretax Income": 51158000.0,
        "Special Income Charges": -4193000.0,
        "Other Special Charges": NaN,
        "Impairment Of Capital Assets": 0.0,
        "Restructuring And Mergern Acquisition": 7796000.0,
        "Gain On Sale Of Security": NaN,
        "Selling General And Administration": 306390000.0,
        "Selling And Marketing Expense": 174705000.0,
        "General And Administrative Expense": 131685000.0,
        "Other Gand A": 131685000.0,
        "Total Revenue": 600830000.0,
        "Operating Revenue": 600830000.0,
        "Other Non Interest Expense": 226997000.0
    },
    "2024-03-31": {
        "Tax Effect Of Unusual Items": 3872823.424533,
        "Tax Rate For Calcs": 0.065619,
        "Total Unusual Items": 59020000.0,
        "Total Unusual Items Excluding Goodwill": 59020000.0,
        "Net Income From Continuing Operation Net Minority Interest": 88043000.0,
        "Reconciled Depreciation": 48539000.0,
        "Net Interest Income": 402718000.0,
        "Interest Expense": 263193000.0,
        "Interest Income": 665911000.0,
        "Normalized Income": 32895823.424533,
        "Net Income From Continuing And Discontinued Operation": 88043000.0,
        "Diluted Average Shares": 1042476501.0,
        "Basic Average Shares": 982617492.0,
        "Diluted EPS": 0.02,
        "Basic EPS": 0.08,
        "Diluted NI Availto Com Stockholders": 22523000.0,
        "Average Dilution Earnings": -55441000.0,
        "Net Income Common Stockholders": 77964000.0,
        "Otherunder Preferred Stock Dividend": NaN,
        "Preferred Stock Dividends": 10079000.0,
        "Net Income": 88043000.0,
        "Net Income Including Noncontrolling Interests": 88043000.0,
        "Net Income Continuous Operations": 88043000.0,
        "Tax Provision": 6183000.0,
        "Pretax Income": 94226000.0,
        "Special Income Charges": 59020000.0,
        "Other Special Charges": 174000.0,
        "Impairment Of Capital Assets": 0.0,
        "Restructuring And Mergern Acquisition": 0.0,
        "Gain On Sale Of Security": NaN,
        "Selling General And Administration": 312606000.0,
        "Selling And Marketing Expense": 167366000.0,
        "General And Administrative Expense": 145240000.0,
        "Other Gand A": 145240000.0,
        "Total Revenue": 585801000.0,
        "Operating Revenue": 585801000.0,
        "Other Non Interest Expense": 230807000.0
    },
    "2024-06-30": {
        "Tax Effect Of Unusual Items": -169890.0,
        "Tax Rate For Calcs": 0.21,
        "Total Unusual Items": -809000.0,
        "Total Unusual Items Excluding Goodwill": -809000.0,
        "Net Income From Continuing Operation Net Minority Interest": 17404000.0,
        "Reconciled Depreciation": 49623000.0,
        "Net Interest Income": 412584000.0,
        "Interest Expense": 262011000.0,
        "Interest Income": 674595000.0,
        "Normalized Income": 18043110.0,
        "Net Income From Continuing And Discontinued Operation": 17404000.0,
        "Diluted Average Shares": 1065171357.0,
        "Basic Average Shares": 1058591943.0,
        "Diluted EPS": 0.01,
        "Basic EPS": 0.01,
        "Diluted NI Availto Com Stockholders": 7954000.0,
        "Average Dilution Earnings": 0.0,
        "Net Income Common Stockholders": 7954000.0,
        "Otherunder Preferred Stock Dividend": 3026000.0,
        "Preferred Stock Dividends": 6424000.0,
        "Net Income": 17404000.0,
        "Net Income Including Noncontrolling Interests": 17404000.0,
        "Net Income Continuous Operations": 17404000.0,
        "Tax Provision": -2064000.0,
        "Pretax Income": 15340000.0,
        "Special Income Charges": -809000.0,
        "Other Special Charges": 194000.0,
        "Impairment Of Capital Assets": 0.0,
        "Restructuring And Mergern Acquisition": 615000.0,
        "Gain On Sale Of Security": NaN,
        "Selling General And Administration": 329768000.0,
        "Selling And Marketing Expense": 184762000.0,
        "General And Administrative Expense": 145006000.0,
        "Other Gand A": 145006000.0,
        "Total Revenue": 598618000.0,
        "Operating Revenue": 598618000.0,
        "Other Non Interest Expense": 241061000.0
    }
}