{
    "2023-06-30": {
        "Tax Effect Of Unusual Items": 0.0,
        "Tax Rate For Calcs": 0.178456,
        "Normalized EBITDA": 24850000.0,
        "Total Unusual Items": NaN,
        "Total Unusual Items Excluding Goodwill": NaN,
        "Net Income From Continuing Operation Net Minority Interest": 7532000.0,
        "Reconciled Depreciation": 9071000.0,
        "Reconciled Cost Of Revenue": 54723000.0,
        "EBITDA": 24850000.0,
        "EBIT": 15779000.0,
        "Net Interest Income": -879000.0,
        "Interest Expense": 879000.0,
        "Normalized Income": 7532000.0,
        "Net Income From Continuing And Discontinued Operation": 7532000.0,
        "Total Expenses": 61423000.0,
        "Total Operating Income As Reported": 15779000.0,
        "Diluted Average Shares": 29542000.0,
        "Basic Average Shares": 29542000.0,
        "Diluted EPS": 0.24,
        "Basic EPS": 0.24,
        "Diluted NI Availto Com Stockholders": 7132000.0,
        "Net Income Common Stockholders": 7132000.0,
        "Otherunder Preferred Stock Dividend": 400000.0,
        "Net Income": 7532000.0,
        "Minority Interests": -4709000.0,
        "Net Income Including Noncontrolling Interests": 12241000.0,
        "Net Income Continuous Operations": 12241000.0,
        "Tax Provision": 2659000.0,
        "Pretax Income": 14900000.0,
        "Other Income Expense": NaN,
        "Special Income Charges": NaN,
        "Impairment Of Capital Assets": NaN,
        "Net Non Operating Interest Income Expense": -879000.0,
        "Total Other Finance Cost": NaN,
        "Interest Expense Non Operating": 879000.0,
        "Operating Income": 15779000.0,
        "Operating Expense": 6700000.0,
        "Other Operating Expenses": -125000.0,
        "Other Taxes": 0.0,
        "Selling General And Administration": 6825000.0,
        "Gross Profit": 22479000.0,
        "Cost Of Revenue": 54723000.0,
        "Total Revenue": 77202000.0,
        "Operating Revenue": 77202000.0
    },
    "2023-03-31": {
        "Tax Effect Of Unusual Items": NaN,
        "Tax Rate For Calcs": NaN,
        "Normalized EBITDA": NaN,
        "Total Unusual Items": NaN,
        "Total Unusual Items Excluding Goodwill": NaN,
        "Net Income From Continuing Operation Net Minority Interest": NaN,
        "Reconciled Depreciation": NaN,
        "Reconciled Cost Of Revenue": NaN,
        "EBITDA": NaN,
        "EBIT": NaN,
        "Net Interest Income": NaN,
        "Interest Expense": NaN,
        "Normalized Income": NaN,
        "Net Income From Continuing And Discontinued Operation": NaN,
        "Total Expenses": NaN,
        "Total Operating Income As Reported": NaN,
        "Diluted Average Shares": NaN,
        "Basic Average Shares": NaN,
        "Diluted EPS": NaN,
        "Basic EPS": NaN,
        "Diluted NI Availto Com Stockholders": NaN,
        "Net Income Common Stockholders": NaN,
        "Otherunder Preferred Stock Dividend": NaN,
        "Net Income": NaN,
        "Minority Interests": NaN,
        "Net Income Including Noncontrolling Interests": NaN,
        "Net Income Continuous Operations": NaN,
        "Tax Provision": NaN,
        "Pretax Income": NaN,
        "Other Income Expense": NaN,
        "Special Income Charges": NaN,
        "Impairment Of Capital Assets": NaN,
        "Net Non Operating Interest Income Expense": NaN,
        "Total Other Finance Cost": 459000.0,
        "Interest Expense Non Operating": NaN,
        "Operating Income": NaN,
        "Operating Expense": NaN,
        "Other Operating Expenses": NaN,
        "Other Taxes": NaN,
        "Selling General And Administration": NaN,
        "Gross Profit": NaN,
        "Cost Of Revenue": NaN,
        "Total Revenue": NaN,
        "Operating Revenue": NaN
    },
    "2022-12-31": {
        "Tax Effect Of Unusual Items": NaN,
        "Tax Rate For Calcs": NaN,
        "Normalized EBITDA": NaN,
        "Total Unusual Items": NaN,
        "Total Unusual Items Excluding Goodwill": NaN,
        "Net Income From Continuing Operation Net Minority Interest": NaN,
        "Reconciled Depreciation": NaN,
        "Reconciled Cost Of Revenue": NaN,
        "EBITDA": NaN,
        "EBIT": NaN,
        "Net Interest Income": NaN,
        "Interest Expense": NaN,
        "Normalized Income": NaN,
        "Net Income From Continuing And Discontinued Operation": NaN,
        "Total Expenses": NaN,
        "Total Operating Income As Reported": NaN,
        "Diluted Average Shares": NaN,
        "Basic Average Shares": NaN,
        "Diluted EPS": NaN,
        "Basic EPS": NaN,
        "Diluted NI Availto Com Stockholders": NaN,
        "Net Income Common Stockholders": NaN,
        "Otherunder Preferred Stock Dividend": NaN,
        "Net Income": NaN,
        "Minority Interests": NaN,
        "Net Income Including Noncontrolling Interests": NaN,
        "Net Income Continuous Operations": NaN,
        "Tax Provision": NaN,
        "Pretax Income": NaN,
        "Other Income Expense": NaN,
        "Special Income Charges": NaN,
        "Impairment Of Capital Assets": NaN,
        "Net Non Operating Interest Income Expense": NaN,
        "Total Other Finance Cost": NaN,
        "Interest Expense Non Operating": NaN,
        "Operating Income": NaN,
        "Operating Expense": NaN,
        "Other Operating Expenses": NaN,
        "Other Taxes": 0.0,
        "Selling General And Administration": NaN,
        "Gross Profit": NaN,
        "Cost Of Revenue": NaN,
        "Total Revenue": NaN,
        "Operating Revenue": NaN
    },
    "2022-09-30": {
        "Tax Effect Of Unusual Items": NaN,
        "Tax Rate For Calcs": NaN,
        "Normalized EBITDA": NaN,
        "Total Unusual Items": 0.0,
        "Total Unusual Items Excluding Goodwill": 0.0,
        "Net Income From Continuing Operation Net Minority Interest": NaN,
        "Reconciled Depreciation": NaN,
        "Reconciled Cost Of Revenue": NaN,
        "EBITDA": NaN,
        "EBIT": NaN,
        "Net Interest Income": NaN,
        "Interest Expense": NaN,
        "Normalized Income": NaN,
        "Net Income From Continuing And Discontinued Operation": NaN,
        "Total Expenses": NaN,
        "Total Operating Income As Reported": NaN,
        "Diluted Average Shares": NaN,
        "Basic Average Shares": NaN,
        "Diluted EPS": NaN,
        "Basic EPS": NaN,
        "Diluted NI Availto Com Stockholders": NaN,
        "Net Income Common Stockholders": NaN,
        "Otherunder Preferred Stock Dividend": NaN,
        "Net Income": NaN,
        "Minority Interests": NaN,
        "Net Income Including Noncontrolling Interests": NaN,
        "Net Income Continuous Operations": NaN,
        "Tax Provision": NaN,
        "Pretax Income": NaN,
        "Other Income Expense": NaN,
        "Special Income Charges": 0.0,
        "Impairment Of Capital Assets": 0.0,
        "Net Non Operating Interest Income Expense": NaN,
        "Total Other Finance Cost": NaN,
        "Interest Expense Non Operating": NaN,
        "Operating Income": NaN,
        "Operating Expense": NaN,
        "Other Operating Expenses": NaN,
        "Other Taxes": 0.0,
        "Selling General And Administration": NaN,
        "Gross Profit": NaN,
        "Cost Of Revenue": NaN,
        "Total Revenue": NaN,
        "Operating Revenue": NaN
    },
    "2022-06-30": {
        "Tax Effect Of Unusual Items": 0.0,
        "Tax Rate For Calcs": 0.190053,
        "Normalized EBITDA": 17454000.0,
        "Net Income From Continuing Operation Net Minority Interest": 5453000.0,
        "Reconciled Depreciation": 7132000.0,
        "Reconciled Cost Of Revenue": 68369000.0,
        "EBITDA": 17454000.0,
        "EBIT": 10322000.0,
        "Net Interest Income": -88000.0,
        "Interest Expense": 88000.0,
        "Normalized Income": 5453000.0,
        "Net Income From Continuing And Discontinued Operation": 5453000.0,
        "Total Expenses": 76389000.0,
        "Total Operating Income As Reported": 10322000.0,
        "Diluted Average Shares": 31431691.0,
        "Basic Average Shares": 31431691.0,
        "Diluted EPS": 0.16,
        "Basic EPS": 0.16,
        "Diluted NI Availto Com Stockholders": 5453000.0,
        "Net Income Common Stockholders": 5453000.0,
        "Otherunder Preferred Stock Dividend": 200000.0,
        "Net Income": 5453000.0,
        "Minority Interests": -2836000.0,
        "Net Income Including Noncontrolling Interests": 8289000.0,
        "Net Income Continuous Operations": 8289000.0,
        "Tax Provision": 1945000.0,
        "Pretax Income": 10234000.0,
        "Net Non Operating Interest Income Expense": -88000.0,
        "Total Other Finance Cost": NaN,
        "Interest Expense Non Operating": 88000.0,
        "Operating Income": 10322000.0,
        "Operating Expense": 8020000.0,
        "Other Operating Expenses": -1114000.0,
        "Other Taxes": 3072000.0,
        "Selling General And Administration": 6062000.0,
        "Gross Profit": 18342000.0,
        "Cost Of Revenue": 68369000.0,
        "Total Revenue": 86711000.0,
        "Operating Revenue": 86711000.0
    },
    "2022-03-31": {
        "Diluted EPS": 0.11,
        "Total Revenue": 57,
        "Gross Profit": 19,
        "Operating Income": 7,
        "EBIT": 14,
        "Net Income": 4
    },
    "2021-12-31": {
        "Diluted EPS": 0.01,
        "Total Revenue": 46,
        "Gross Profit": 13,
        "Operating Income": 2,
        "EBIT": 9,
        "Net Income": 0
    },
    "2021-09-30": {
        "Diluted EPS": 0.03,
        "Total Revenue": 49,
        "Gross Profit": 11,
        "Operating Income": 2,
        "EBIT": 9,
        "Net Income": 1
    },
    "2021-06-30": {
        "Diluted EPS": -0.04,
        "Total Revenue": 35,
        "Gross Profit": 10,
        "Operating Income": -2,
        "EBIT": 5,
        "Net Income": -1
    },
    "2021-03-31": {
        "Diluted EPS": -0.04,
        "Total Revenue": 29,
        "Gross Profit": 9,
        "Operating Income": -2,
        "EBIT": 5,
        "Net Income": -1
    },
    "2020-12-31": {
        "Diluted EPS": -0.06,
        "Total Revenue": 25,
        "Gross Profit": 8,
        "Operating Income": -3,
        "EBIT": 3,
        "Net Income": -2
    },
    "2020-09-30": {
        "Diluted EPS": -0.12,
        "Total Revenue": 21,
        "Gross Profit": 6,
        "Operating Income": -6,
        "EBIT": 0,
        "Net Income": -3
    },
    "2020-06-30": {
        "Diluted EPS": -0.2,
        "Total Revenue": 9,
        "Gross Profit": 2,
        "Operating Income": -11,
        "EBIT": -4,
        "Net Income": -6
    },
    "2020-03-31": {
        "Diluted EPS": -0.65,
        "Total Revenue": 48,
        "Gross Profit": 21,
        "Operating Income": -39,
        "EBIT": -32,
        "Net Income": -19
    },
    "2019-12-31": {
        "Diluted EPS": 0.48,
        "Total Revenue": 63,
        "Gross Profit": 42,
        "Operating Income": 30,
        "EBIT": 37,
        "Net Income": 15
    },
    "2019-09-30": {
        "Diluted EPS": 0.36,
        "Total Revenue": 60,
        "Gross Profit": 35,
        "Operating Income": 23,
        "EBIT": 30,
        "Net Income": 11
    },
    "2019-06-30": {
        "Diluted EPS": 0.42,
        "Total Revenue": 64,
        "Gross Profit": 39,
        "Operating Income": 27,
        "EBIT": 35,
        "Net Income": 13
    },
    "2019-03-31": {
        "Diluted EPS": 0.43,
        "Total Revenue": 55,
        "Gross Profit": 38,
        "Operating Income": 28,
        "EBIT": 34,
        "Net Income": 12
    },
    "2018-12-31": {
        "Diluted EPS": 0.47,
        "Total Revenue": 57,
        "Gross Profit": 38,
        "Operating Income": 28,
        "EBIT": 34,
        "Net Income": 12
    },
    "2018-09-30": {
        "Diluted EPS": 0.49,
        "Total Revenue": 57,
        "Gross Profit": 40,
        "Operating Income": 31,
        "EBIT": 36,
        "Net Income": 13
    },
    "2018-06-30": {
        "Diluted EPS": 0.4,
        "Total Revenue": 47,
        "Gross Profit": 33,
        "Operating Income": 25,
        "EBIT": 29,
        "Net Income": 11
    },
    "2018-03-31": {
        "Diluted EPS": 0.23,
        "Total Revenue": 36,
        "Gross Profit": 25,
        "Operating Income": 16,
        "EBIT": 19,
        "Net Income": 6
    },
    "2017-12-31": {
        "Diluted EPS": -0.47,
        "Total Revenue": 25,
        "Gross Profit": 19,
        "Operating Income": 11,
        "EBIT": 13,
        "Net Income": -6
    },
    "2017-09-30": {
        "Diluted EPS": 0.12,
        "Total Revenue": 18,
        "Gross Profit": 14,
        "Operating Income": 8,
        "EBIT": 10,
        "Net Income": 1
    },
    "2017-06-30": {
        "Diluted EPS": 0.01,
        "Total Revenue": 13,
        "Gross Profit": 10,
        "Operating Income": 2,
        "EBIT": 3,
        "Net Income": 0
    },
    "2017-03-31": {
        "Diluted EPS": 0.0,
        "Total Revenue": 10,
        "Gross Profit": 8,
        "Operating Income": 5,
        "EBIT": 6,
        "Net Income": NaN
    },
    "2016-12-31": {
        "Diluted EPS": 0.0,
        "Total Revenue": 7,
        "Gross Profit": 5,
        "Operating Income": 3,
        "EBIT": 4,
        "Net Income": 3
    },
    "2016-09-30": {
        "Diluted EPS": 0.0,
        "Total Revenue": 5,
        "Gross Profit": 3,
        "Operating Income": 1,
        "EBIT": 2,
        "Net Income": NaN
    },
    "2016-06-30": {
        "Diluted EPS": 0.0,
        "Total Revenue": 3,
        "Gross Profit": 1,
        "Operating Income": -1,
        "EBIT": 0,
        "Net Income": NaN
    },
    "2016-03-31": {
        "Diluted EPS": 0.0,
        "Total Revenue": 3,
        "Gross Profit": 2,
        "Operating Income": 0,
        "EBIT": 1,
        "Net Income": 0
    },
    "2015-12-31": {
        "Diluted EPS": 0.0,
        "Total Revenue": NaN,
        "Gross Profit": NaN,
        "Operating Income": NaN,
        "EBIT": NaN,
        "Net Income": NaN
    },
    "2023-09-30": {
        "Tax Effect Of Unusual Items": -207758.0,
        "Tax Rate For Calcs": 0.146,
        "Normalized EBITDA": 20602000.0,
        "Total Unusual Items": -1423000.0,
        "Total Unusual Items Excluding Goodwill": -1423000.0,
        "Net Income From Continuing Operation Net Minority Interest": 4934000.0,
        "Reconciled Depreciation": 9179000.0,
        "Reconciled Cost Of Revenue": 51281000.0,
        "EBITDA": 19179000.0,
        "EBIT": 10000000.0,
        "Net Interest Income": -1057000.0,
        "Interest Expense": 1057000.0,
        "Normalized Income": 6149242.0,
        "Net Income From Continuing And Discontinued Operation": 4934000.0,
        "Total Expenses": 58253000.0,
        "Total Operating Income As Reported": 10000000.0,
        "Diluted Average Shares": 29025000.0,
        "Basic Average Shares": 29025000.0,
        "Diluted EPS": 0.16,
        "Basic EPS": 0.16,
        "Diluted NI Availto Com Stockholders": 4734000.0,
        "Net Income Common Stockholders": 4734000.0,
        "Otherunder Preferred Stock Dividend": 200000.0,
        "Net Income": 4934000.0,
        "Minority Interests": -2704000.0,
        "Net Income Including Noncontrolling Interests": 7638000.0,
        "Net Income Continuous Operations": 7638000.0,
        "Tax Provision": 1305000.0,
        "Pretax Income": 8943000.0,
        "Other Income Expense": -1423000.0,
        "Special Income Charges": -1423000.0,
        "Impairment Of Capital Assets": 1423000.0,
        "Net Non Operating Interest Income Expense": -1057000.0,
        "Total Other Finance Cost": NaN,
        "Interest Expense Non Operating": 1057000.0,
        "Operating Income": 11423000.0,
        "Operating Expense": 6972000.0,
        "Other Operating Expenses": 613000.0,
        "Other Taxes": 0.0,
        "Selling General And Administration": 6359000.0,
        "Gross Profit": 18395000.0,
        "Cost Of Revenue": 51281000.0,
        "Total Revenue": 69676000.0,
        "Operating Revenue": 69676000.0
    },
    "2023-12-31": {
        "Tax Effect Of Unusual Items": 0.0,
        "Tax Rate For Calcs": 0.164486,
        "Normalized EBITDA": 18759000.0,
        "Total Unusual Items": 0.0,
        "Total Unusual Items Excluding Goodwill": 0.0,
        "Net Income From Continuing Operation Net Minority Interest": 4301000.0,
        "Reconciled Depreciation": 9518000.0,
        "Reconciled Cost Of Revenue": 46388000.0,
        "EBITDA": 18759000.0,
        "EBIT": 9241000.0,
        "Net Interest Income": -912000.0,
        "Interest Expense": 912000.0,
        "Normalized Income": 4301000.0,
        "Net Income From Continuing And Discontinued Operation": 4301000.0,
        "Total Expenses": 54106000.0,
        "Total Operating Income As Reported": 9241000.0,
        "Diluted Average Shares": 29024000.0,
        "Basic Average Shares": 29024000.0,
        "Diluted EPS": 0.14,
        "Basic EPS": 0.14,
        "Diluted NI Availto Com Stockholders": 4032000.0,
        "Net Income Common Stockholders": 4032000.0,
        "Otherunder Preferred Stock Dividend": 269000.0,
        "Net Income": 4301000.0,
        "Minority Interests": -2658000.0,
        "Net Income Including Noncontrolling Interests": 6959000.0,
        "Net Income Continuous Operations": 6959000.0,
        "Tax Provision": 1370000.0,
        "Pretax Income": 8329000.0,
        "Other Income Expense": 0.0,
        "Special Income Charges": 0.0,
        "Impairment Of Capital Assets": NaN,
        "Net Non Operating Interest Income Expense": -912000.0,
        "Total Other Finance Cost": NaN,
        "Interest Expense Non Operating": 912000.0,
        "Operating Income": 9241000.0,
        "Operating Expense": 7718000.0,
        "Other Operating Expenses": 489000.0,
        "Other Taxes": 0.0,
        "Selling General And Administration": 7229000.0,
        "Gross Profit": 16959000.0,
        "Cost Of Revenue": 46388000.0,
        "Total Revenue": 63347000.0,
        "Operating Revenue": 63347000.0
    },
    "2024-03-31": {
        "Tax Effect Of Unusual Items": 0.0,
        "Tax Rate For Calcs": 0.203,
        "Normalized EBITDA": 19890000.0,
        "Total Unusual Items": NaN,
        "Total Unusual Items Excluding Goodwill": NaN,
        "Net Income From Continuing Operation Net Minority Interest": 4317000.0,
        "Reconciled Depreciation": 9934000.0,
        "Reconciled Cost Of Revenue": 49821000.0,
        "EBITDA": 19890000.0,
        "EBIT": 9956000.0,
        "Net Interest Income": -799000.0,
        "Interest Expense": 799000.0,
        "Normalized Income": 4317000.0,
        "Net Income From Continuing And Discontinued Operation": 4317000.0,
        "Total Expenses": 57934000.0,
        "Total Operating Income As Reported": 9956000.0,
        "Diluted Average Shares": 28587000.0,
        "Basic Average Shares": 28587000.0,
        "Diluted EPS": 0.14,
        "Basic EPS": 0.14,
        "Diluted NI Availto Com Stockholders": 4040000.0,
        "Net Income Common Stockholders": 4040000.0,
        "Otherunder Preferred Stock Dividend": 277000.0,
        "Net Income": 4317000.0,
        "Minority Interests": -2983000.0,
        "Net Income Including Noncontrolling Interests": 7300000.0,
        "Net Income Continuous Operations": 7300000.0,
        "Tax Provision": 1857000.0,
        "Pretax Income": 9157000.0,
        "Other Income Expense": NaN,
        "Special Income Charges": NaN,
        "Impairment Of Capital Assets": NaN,
        "Net Non Operating Interest Income Expense": -799000.0,
        "Total Other Finance Cost": NaN,
        "Interest Expense Non Operating": 799000.0,
        "Operating Income": 9956000.0,
        "Operating Expense": 8113000.0,
        "Other Operating Expenses": 123000.0,
        "Other Taxes": NaN,
        "Selling General And Administration": 7990000.0,
        "Gross Profit": 18069000.0,
        "Cost Of Revenue": 49821000.0,
        "Total Revenue": 67890000.0,
        "Operating Revenue": 67890000.0
    },
    "2024-06-30": {
        "Tax Effect Of Unusual Items": 0.0,
        "Tax Rate For Calcs": 0.120423,
        "Normalized EBITDA": 21419000.0,
        "Total Unusual Items": NaN,
        "Total Unusual Items Excluding Goodwill": NaN,
        "Net Income From Continuing Operation Net Minority Interest": 6208000.0,
        "Reconciled Depreciation": 9565000.0,
        "Reconciled Cost Of Revenue": 55696000.0,
        "EBITDA": 21419000.0,
        "EBIT": 11854000.0,
        "Net Interest Income": -685000.0,
        "Interest Expense": 685000.0,
        "Normalized Income": 6208000.0,
        "Net Income From Continuing And Discontinued Operation": 6208000.0,
        "Total Expenses": 62032000.0,
        "Total Operating Income As Reported": 11854000.0,
        "Diluted Average Shares": 28335000.0,
        "Basic Average Shares": 28335000.0,
        "Diluted EPS": 0.2,
        "Basic EPS": 0.2,
        "Diluted NI Availto Com Stockholders": 5808000.0,
        "Net Income Common Stockholders": 5808000.0,
        "Otherunder Preferred Stock Dividend": 400000.0,
        "Net Income": 6208000.0,
        "Minority Interests": -3616000.0,
        "Net Income Including Noncontrolling Interests": 9824000.0,
        "Net Income Continuous Operations": 9824000.0,
        "Tax Provision": 1345000.0,
        "Pretax Income": 11169000.0,
        "Other Income Expense": NaN,
        "Special Income Charges": NaN,
        "Impairment Of Capital Assets": NaN,
        "Net Non Operating Interest Income Expense": -685000.0,
        "Total Other Finance Cost": NaN,
        "Interest Expense Non Operating": 685000.0,
        "Operating Income": 11854000.0,
        "Operating Expense": 6336000.0,
        "Other Operating Expenses": 560000.0,
        "Other Taxes": -2483000.0,
        "Selling General And Administration": 8259000.0,
        "Gross Profit": 18190000.0,
        "Cost Of Revenue": 55696000.0,
        "Total Revenue": 73886000.0,
        "Operating Revenue": 73886000.0
    }
}