{
    "2023-03-31": {
        "Tax Effect Of Unusual Items": 0.0,
        "Tax Rate For Calcs": 0.0,
        "Normalized EBITDA": -12757768.0,
        "Total Unusual Items": -20865.0,
        "Total Unusual Items Excluding Goodwill": -20865.0,
        "Net Income From Continuing Operation Net Minority Interest": -12311634.0,
        "Reconciled Depreciation": 926564.0,
        "Reconciled Cost Of Revenue": 407650.0,
        "EBITDA": -12778633.0,
        "EBIT": -13705197.0,
        "Net Interest Income": 1438838.0,
        "Interest Income": 1438838.0,
        "Normalized Income": -12290769.0,
        "Net Income From Continuing And Discontinued Operation": -12311634.0,
        "Total Expenses": 14209624.0,
        "Total Operating Income As Reported": -13705197.0,
        "Diluted Average Shares": 119287917.0,
        "Basic Average Shares": 119287917.0,
        "Diluted EPS": -0.1,
        "Basic EPS": -0.1,
        "Diluted NI Availto Com Stockholders": -12311634.0,
        "Net Income Common Stockholders": -12311634.0,
        "Net Income": -12311634.0,
        "Net Income Including Noncontrolling Interests": -12311634.0,
        "Net Income Continuous Operations": -12311634.0,
        "Tax Provision": 0.0,
        "Pretax Income": -12311634.0,
        "Other Income Expense": -45275.0,
        "Other Non Operating Income Expenses": -24410.0,
        "Special Income Charges": NaN,
        "Other Special Charges": NaN,
        "Write Off": NaN,
        "Restructuring And Mergern Acquisition": NaN,
        "Gain On Sale Of Security": -20865.0,
        "Net Non Operating Interest Income Expense": 1438838.0,
        "Interest Income Non Operating": 1438838.0,
        "Operating Income": -13705197.0,
        "Operating Expense": 13801974.0,
        "Research And Development": 2583703.0,
        "Selling General And Administration": 11218271.0,
        "Selling And Marketing Expense": 2339300.0,
        "General And Administrative Expense": 8878971.0,
        "Other Gand A": 8878971.0,
        "Gross Profit": 96777.0,
        "Cost Of Revenue": 407650.0,
        "Total Revenue": 504427.0,
        "Operating Revenue": 504427.0
    },
    "2022-12-31": {
        "Tax Effect Of Unusual Items": -3124963.2,
        "Tax Rate For Calcs": 0.4,
        "Normalized EBITDA": -34431209.0,
        "Total Unusual Items": -7812408.0,
        "Total Unusual Items Excluding Goodwill": -7812408.0,
        "Net Income From Continuing Operation Net Minority Interest": -64025427.0,
        "Reconciled Depreciation": 1554087.0,
        "Reconciled Cost Of Revenue": 24299826.0,
        "EBITDA": -42243617.0,
        "EBIT": -43797704.0,
        "Net Interest Income": 1975372.0,
        "Interest Income": 1211202.0,
        "Normalized Income": -59337982.2,
        "Net Income From Continuing And Discontinued Operation": -64025427.0,
        "Total Expenses": 45176298.0,
        "Total Operating Income As Reported": -49982000.0,
        "Diluted Average Shares": 119041012.0,
        "Basic Average Shares": 119041012.0,
        "Diluted EPS": -0.54,
        "Basic EPS": -0.54,
        "Diluted NI Availto Com Stockholders": -64025427.0,
        "Net Income Common Stockholders": -64025427.0,
        "Net Income": -64025427.0,
        "Net Income Including Noncontrolling Interests": -64025427.0,
        "Net Income Continuous Operations": -64025427.0,
        "Tax Provision": 22707.0,
        "Pretax Income": -64002720.0,
        "Other Income Expense": -23588733.0,
        "Other Non Operating Income Expenses": -15776325.0,
        "Special Income Charges": NaN,
        "Other Special Charges": NaN,
        "Write Off": NaN,
        "Restructuring And Mergern Acquisition": NaN,
        "Gain On Sale Of Security": -219767.0,
        "Net Non Operating Interest Income Expense": 1975372.0,
        "Interest Income Non Operating": 1211202.0,
        "Operating Income": -42389359.0,
        "Operating Expense": 20876472.0,
        "Research And Development": 5203817.0,
        "Selling General And Administration": 19941569.0,
        "Selling And Marketing Expense": 5567913.0,
        "General And Administrative Expense": 14373656.0,
        "Other Gand A": 28221049.0,
        "Gross Profit": -21512887.0,
        "Cost Of Revenue": 24299826.0,
        "Total Revenue": 2786939.0,
        "Operating Revenue": 2786939.0
    },
    "2022-09-30": {
        "Tax Effect Of Unusual Items": 0.0,
        "Tax Rate For Calcs": 0.0,
        "Normalized EBITDA": -19548886.0,
        "Total Unusual Items": 71640.0,
        "Total Unusual Items Excluding Goodwill": 71640.0,
        "Net Income From Continuing Operation Net Minority Interest": -21544803.0,
        "Reconciled Depreciation": 1612421.0,
        "Reconciled Cost Of Revenue": 2395217.0,
        "EBITDA": -19477246.0,
        "EBIT": -21089667.0,
        "Net Interest Income": 308947.0,
        "Interest Expense": 455136.0,
        "Interest Income": 764083.0,
        "Normalized Income": -21616443.0,
        "Net Income From Continuing And Discontinued Operation": -21544803.0,
        "Total Expenses": 23383452.0,
        "Rent Expense Supplemental": 436352.0,
        "Total Operating Income As Reported": -21943303.0,
        "Diluted Average Shares": 111720726.0,
        "Basic Average Shares": 111720726.0,
        "Diluted EPS": -0.18,
        "Basic EPS": -0.18,
        "Diluted NI Availto Com Stockholders": -21544803.0,
        "Net Income Common Stockholders": -21544803.0,
        "Net Income": -21544803.0,
        "Net Income Including Noncontrolling Interests": -21544803.0,
        "Net Income Continuous Operations": -21544803.0,
        "Tax Provision": 0.0,
        "Pretax Income": -21544803.0,
        "Other Income Expense": 89553.0,
        "Other Non Operating Income Expenses": 17913.0,
        "Special Income Charges": NaN,
        "Other Special Charges": NaN,
        "Write Off": NaN,
        "Restructuring And Mergern Acquisition": NaN,
        "Gain On Sale Of Security": 71640.0,
        "Net Non Operating Interest Income Expense": 308947.0,
        "Interest Expense Non Operating": 455136.0,
        "Interest Income Non Operating": 764083.0,
        "Operating Income": -21943303.0,
        "Operating Expense": 20988235.0,
        "Depreciation Amortization Depletion Income Statement": 1612421.0,
        "Depreciation And Amortization In Income Statement": 1612421.0,
        "Amortization": 1612421.0,
        "Amortization Of Intangibles Income Statement": 1612421.0,
        "Research And Development": 6542030.0,
        "Selling General And Administration": 12833784.0,
        "Selling And Marketing Expense": 3171797.0,
        "General And Administrative Expense": 9661987.0,
        "Other Gand A": 4579927.0,
        "Insurance And Claims": 752483.0,
        "Rent And Landing Fees": 436352.0,
        "Salaries And Wages": 3893225.0,
        "Gross Profit": -955068.0,
        "Cost Of Revenue": 2395217.0,
        "Total Revenue": 1440149.0,
        "Operating Revenue": 1440149.0
    },
    "2022-06-30": {
        "Tax Effect Of Unusual Items": 9002.8,
        "Tax Rate For Calcs": 0.4,
        "Normalized EBITDA": -18663240.0,
        "Total Unusual Items": 22507.0,
        "Total Unusual Items Excluding Goodwill": 22507.0,
        "Net Income From Continuing Operation Net Minority Interest": -20296746.0,
        "Reconciled Depreciation": 1391113.0,
        "Reconciled Cost Of Revenue": 3430603.0,
        "EBITDA": -18640733.0,
        "EBIT": -20031846.0,
        "Net Interest Income": -20582.0,
        "Interest Expense": 264053.0,
        "Interest Income": 243471.0,
        "Normalized Income": -20310250.2,
        "Net Income From Continuing And Discontinued Operation": -20296746.0,
        "Total Expenses": 21815778.0,
        "Rent Expense Supplemental": 368785.0,
        "Total Operating Income As Reported": -20269063.0,
        "Diluted Average Shares": 118612731.0,
        "Basic Average Shares": 118612731.0,
        "Diluted EPS": -0.16,
        "Basic EPS": -0.16,
        "Diluted NI Availto Com Stockholders": -20296746.0,
        "Net Income Common Stockholders": -20296746.0,
        "Net Income": -20296746.0,
        "Net Income Including Noncontrolling Interests": -20296746.0,
        "Net Income Continuous Operations": -20296746.0,
        "Tax Provision": 847.0,
        "Pretax Income": -20295899.0,
        "Other Income Expense": -6254.0,
        "Other Non Operating Income Expenses": -28761.0,
        "Special Income Charges": NaN,
        "Other Special Charges": NaN,
        "Gain On Sale Of Security": 22507.0,
        "Net Non Operating Interest Income Expense": -20582.0,
        "Interest Expense Non Operating": 264053.0,
        "Interest Income Non Operating": 243471.0,
        "Operating Income": -20269063.0,
        "Operating Expense": 18385175.0,
        "Depreciation Amortization Depletion Income Statement": 1391113.0,
        "Depreciation And Amortization In Income Statement": 1391113.0,
        "Amortization": 1391113.0,
        "Amortization Of Intangibles Income Statement": 1391113.0,
        "Research And Development": 5614265.0,
        "Selling General And Administration": 11379797.0,
        "Selling And Marketing Expense": 3007920.0,
        "General And Administrative Expense": 8371877.0,
        "Other Gand A": 3907056.0,
        "Insurance And Claims": 782935.0,
        "Rent And Landing Fees": 368785.0,
        "Salaries And Wages": 3313101.0,
        "Gross Profit": -1883888.0,
        "Cost Of Revenue": 3430603.0,
        "Total Revenue": 1546715.0,
        "Operating Revenue": 1546715.0
    },
    "2022-03-31": {
        "Diluted EPS": -0.03,
        "Total Revenue": 82,
        "Gross Profit": 49,
        "Operating Income": -3,
        "EBIT": 3,
        "Net Income": -2
    },
    "2021-12-31": {
        "Diluted EPS": 0.0,
        "Total Revenue": 176,
        "Gross Profit": 112,
        "Operating Income": 17,
        "EBIT": 23,
        "Net Income": -32
    },
    "2021-09-30": {
        "Diluted EPS": 0.0,
        "Total Revenue": 69,
        "Gross Profit": 41,
        "Operating Income": 4,
        "EBIT": 9,
        "Net Income": 1
    },
    "2021-06-30": {
        "Diluted EPS": 0.0,
        "Total Revenue": 89,
        "Gross Profit": 60,
        "Operating Income": 23,
        "EBIT": 27,
        "Net Income": 19
    },
    "2021-03-31": {
        "Diluted EPS": 0.0,
        "Total Revenue": 69,
        "Gross Profit": 46,
        "Operating Income": 24,
        "EBIT": 28,
        "Net Income": 22
    },
    "2020-12-31": {
        "Diluted EPS": 0.0,
        "Total Revenue": NaN,
        "Gross Profit": NaN,
        "Operating Income": NaN,
        "EBIT": NaN,
        "Net Income": NaN
    },
    "2020-09-30": {
        "Diluted EPS": 0.13,
        "Total Revenue": 29,
        "Gross Profit": 21,
        "Operating Income": 11,
        "EBIT": 11,
        "Net Income": 10
    },
    "2023-06-30": {
        "Tax Effect Of Unusual Items": 308907.2,
        "Tax Rate For Calcs": 0.4,
        "Normalized EBITDA": -13517415.0,
        "Total Unusual Items": 772268.0,
        "Total Unusual Items Excluding Goodwill": 772268.0,
        "Net Income From Continuing Operation Net Minority Interest": -12867985.0,
        "Reconciled Depreciation": 783278.0,
        "Reconciled Cost Of Revenue": 1305998.0,
        "EBITDA": -12745147.0,
        "EBIT": -13528425.0,
        "Net Interest Income": 1358179.0,
        "Interest Income": 1358179.0,
        "Normalized Income": -13331345.8,
        "Net Income From Continuing And Discontinued Operation": -12867985.0,
        "Total Expenses": 13632427.0,
        "Total Operating Income As Reported": -13528425.0,
        "Diluted Average Shares": 119287917.0,
        "Basic Average Shares": 119287917.0,
        "Diluted EPS": -0.1,
        "Basic EPS": -0.1,
        "Diluted NI Availto Com Stockholders": -12867985.0,
        "Net Income Common Stockholders": -12867985.0,
        "Net Income": -12867985.0,
        "Net Income Including Noncontrolling Interests": -12867985.0,
        "Net Income Continuous Operations": -12867985.0,
        "Tax Provision": 1000.0,
        "Pretax Income": -12866985.0,
        "Other Income Expense": -696739.0,
        "Other Non Operating Income Expenses": -1469007.0,
        "Special Income Charges": 858366.0,
        "Other Special Charges": -858366.0,
        "Write Off": NaN,
        "Restructuring And Mergern Acquisition": NaN,
        "Gain On Sale Of Security": -86098.0,
        "Net Non Operating Interest Income Expense": 1358179.0,
        "Interest Income Non Operating": 1358179.0,
        "Operating Income": -13528425.0,
        "Operating Expense": 12326429.0,
        "Research And Development": 3651072.0,
        "Selling General And Administration": 8675357.0,
        "Selling And Marketing Expense": 552496.0,
        "General And Administrative Expense": 8122861.0,
        "Other Gand A": 8122861.0,
        "Gross Profit": -1201996.0,
        "Cost Of Revenue": 1305998.0,
        "Total Revenue": 104002.0,
        "Operating Revenue": 104002.0
    },
    "2023-09-30": {
        "Tax Effect Of Unusual Items": 0.0,
        "Tax Rate For Calcs": 0.0,
        "Normalized EBITDA": 4458750.0,
        "Total Unusual Items": -11803285.0,
        "Total Unusual Items Excluding Goodwill": -11803285.0,
        "Net Income From Continuing Operation Net Minority Interest": -18796764.0,
        "Reconciled Depreciation": 873204.0,
        "Reconciled Cost Of Revenue": -521883.0,
        "EBITDA": -7344535.0,
        "EBIT": -8217739.0,
        "Net Interest Income": 1154986.0,
        "Interest Income": 1154986.0,
        "Normalized Income": -6993479.0,
        "Net Income From Continuing And Discontinued Operation": -18796764.0,
        "Total Expenses": 8217739.0,
        "Total Operating Income As Reported": -13996696.0,
        "Diluted Average Shares": 119287917.0,
        "Basic Average Shares": 119287917.0,
        "Diluted EPS": -0.16,
        "Basic EPS": -0.16,
        "Diluted NI Availto Com Stockholders": -18796764.0,
        "Net Income Common Stockholders": -18796764.0,
        "Net Income": -18796764.0,
        "Net Income Including Noncontrolling Interests": -18796764.0,
        "Net Income Continuous Operations": -18796764.0,
        "Tax Provision": 0.0,
        "Pretax Income": -18796764.0,
        "Other Income Expense": -11734011.0,
        "Other Non Operating Income Expenses": 69274.0,
        "Special Income Charges": -11778957.0,
        "Other Special Charges": NaN,
        "Write Off": 6000000.0,
        "Restructuring And Mergern Acquisition": 5778957.0,
        "Gain On Sale Of Security": -24328.0,
        "Net Non Operating Interest Income Expense": 1154986.0,
        "Interest Income Non Operating": 1154986.0,
        "Operating Income": -8217739.0,
        "Operating Expense": 8739622.0,
        "Research And Development": 2346022.0,
        "Selling General And Administration": 6393600.0,
        "Selling And Marketing Expense": 66405.0,
        "General And Administrative Expense": 6327195.0,
        "Other Gand A": 6327195.0,
        "Gross Profit": 521883.0,
        "Cost Of Revenue": -521883.0,
        "Total Revenue": 0.0,
        "Operating Revenue": 0.0
    }
}