{
    "2023-03-31": {
        "Tax Effect Of Unusual Items": NaN,
        "Tax Rate For Calcs": NaN,
        "Normalized EBITDA": NaN,
        "Total Unusual Items": NaN,
        "Total Unusual Items Excluding Goodwill": NaN,
        "Net Income From Continuing Operation Net Minority Interest": NaN,
        "Reconciled Depreciation": NaN,
        "Reconciled Cost Of Revenue": NaN,
        "EBITDA": NaN,
        "EBIT": NaN,
        "Net Interest Income": NaN,
        "Interest Expense": NaN,
        "Normalized Income": NaN,
        "Net Income From Continuing And Discontinued Operation": NaN,
        "Total Expenses": NaN,
        "Total Operating Income As Reported": NaN,
        "Diluted Average Shares": 10955267.0,
        "Basic Average Shares": 10955267.0,
        "Diluted EPS": -7.47,
        "Basic EPS": -7.47,
        "Diluted NI Availto Com Stockholders": NaN,
        "Average Dilution Earnings": 0.0,
        "Net Income Common Stockholders": NaN,
        "Preferred Stock Dividends": NaN,
        "Net Income": NaN,
        "Net Income Including Noncontrolling Interests": NaN,
        "Net Income Continuous Operations": NaN,
        "Tax Provision": NaN,
        "Pretax Income": NaN,
        "Other Income Expense": NaN,
        "Other Non Operating Income Expenses": NaN,
        "Special Income Charges": NaN,
        "Other Special Charges": NaN,
        "Restructuring And Mergern Acquisition": NaN,
        "Gain On Sale Of Security": NaN,
        "Net Non Operating Interest Income Expense": NaN,
        "Interest Expense Non Operating": NaN,
        "Operating Income": NaN,
        "Operating Expense": NaN,
        "Other Operating Expenses": NaN,
        "Research And Development": NaN,
        "Selling General And Administration": NaN,
        "Selling And Marketing Expense": NaN,
        "General And Administrative Expense": NaN,
        "Other Gand A": NaN,
        "Gross Profit": NaN,
        "Cost Of Revenue": NaN,
        "Total Revenue": NaN,
        "Operating Revenue": NaN
    },
    "2022-12-31": {
        "Tax Effect Of Unusual Items": -4288.220229,
        "Tax Rate For Calcs": 0.000444,
        "Normalized EBITDA": -9623000.0,
        "Total Unusual Items": -9668000.0,
        "Total Unusual Items Excluding Goodwill": -9668000.0,
        "Net Income From Continuing Operation Net Minority Interest": -69860000.0,
        "Reconciled Depreciation": 45791000.0,
        "Reconciled Cost Of Revenue": 90049000.0,
        "EBITDA": -19291000.0,
        "EBIT": -65082000.0,
        "Net Interest Income": -4809000.0,
        "Interest Expense": 4809000.0,
        "Normalized Income": -60196288.220229,
        "Net Income From Continuing And Discontinued Operation": -69860000.0,
        "Total Expenses": 196669000.0,
        "Total Operating Income As Reported": -61900000.0,
        "Diluted Average Shares": NaN,
        "Basic Average Shares": NaN,
        "Diluted EPS": NaN,
        "Basic EPS": NaN,
        "Diluted NI Availto Com Stockholders": -73746000.0,
        "Average Dilution Earnings": NaN,
        "Net Income Common Stockholders": -73746000.0,
        "Preferred Stock Dividends": NaN,
        "Net Income": -69860000.0,
        "Net Income Including Noncontrolling Interests": -69860000.0,
        "Net Income Continuous Operations": -69860000.0,
        "Tax Provision": -31000.0,
        "Pretax Income": -69891000.0,
        "Other Income Expense": -3182000.0,
        "Other Non Operating Income Expenses": 6486000.0,
        "Special Income Charges": 1401000.0,
        "Restructuring And Mergern Acquisition": -1401000.0,
        "Gain On Sale Of Security": -11069000.0,
        "Net Non Operating Interest Income Expense": -4809000.0,
        "Interest Expense Non Operating": 4809000.0,
        "Operating Income": -61900000.0,
        "Operating Expense": 106620000.0,
        "Other Operating Expenses": 53225000.0,
        "Research And Development": 6247000.0,
        "Selling General And Administration": 47148000.0,
        "Selling And Marketing Expense": 15977000.0,
        "General And Administrative Expense": 31171000.0,
        "Other Gand A": 31171000.0,
        "Gross Profit": 44720000.0,
        "Cost Of Revenue": 90049000.0,
        "Total Revenue": 134769000.0,
        "Operating Revenue": 134769000.0
    },
    "2022-09-30": {
        "Tax Effect Of Unusual Items": -15492.6,
        "Tax Rate For Calcs": 0.0057,
        "Normalized EBITDA": -24927000.0,
        "Total Unusual Items": -2718000.0,
        "Total Unusual Items Excluding Goodwill": -2718000.0,
        "Net Income From Continuing Operation Net Minority Interest": -73689000.0,
        "Reconciled Depreciation": 41516000.0,
        "Reconciled Cost Of Revenue": 76884000.0,
        "EBITDA": -27645000.0,
        "EBIT": -69161000.0,
        "Net Interest Income": -4112000.0,
        "Interest Expense": 4112000.0,
        "Normalized Income": -70986492.6,
        "Net Income From Continuing And Discontinued Operation": -73689000.0,
        "Total Expenses": 185794000.0,
        "Total Operating Income As Reported": -61268000.0,
        "Diluted Average Shares": 10784117.0,
        "Basic Average Shares": 10784117.0,
        "Diluted EPS": -6.83,
        "Basic EPS": -6.83,
        "Diluted NI Availto Com Stockholders": -68856000.0,
        "Average Dilution Earnings": NaN,
        "Net Income Common Stockholders": -68856000.0,
        "Preferred Stock Dividends": -4833000.0,
        "Net Income": -73689000.0,
        "Net Income Including Noncontrolling Interests": -73689000.0,
        "Net Income Continuous Operations": -73689000.0,
        "Tax Provision": 416000.0,
        "Pretax Income": -73273000.0,
        "Other Income Expense": -7893000.0,
        "Other Non Operating Income Expenses": -5175000.0,
        "Special Income Charges": -2223000.0,
        "Restructuring And Mergern Acquisition": 2223000.0,
        "Gain On Sale Of Security": -495000.0,
        "Net Non Operating Interest Income Expense": -4112000.0,
        "Interest Expense Non Operating": 4112000.0,
        "Operating Income": -61268000.0,
        "Operating Expense": 108910000.0,
        "Other Operating Expenses": 55586000.0,
        "Research And Development": 6936000.0,
        "Selling General And Administration": 46388000.0,
        "Selling And Marketing Expense": 13372000.0,
        "General And Administrative Expense": 33016000.0,
        "Other Gand A": 33016000.0,
        "Gross Profit": 47642000.0,
        "Cost Of Revenue": 76884000.0,
        "Total Revenue": 124526000.0,
        "Operating Revenue": 124526000.0
    },
    "2022-06-30": {
        "Tax Effect Of Unusual Items": 12248800.0,
        "Tax Rate For Calcs": 0.4,
        "Normalized EBITDA": -31320000.0,
        "Total Unusual Items": 30622000.0,
        "Total Unusual Items Excluding Goodwill": 30622000.0,
        "Net Income From Continuing Operation Net Minority Interest": -43775000.0,
        "Reconciled Depreciation": 38578000.0,
        "Reconciled Cost Of Revenue": 79187000.0,
        "EBITDA": -698000.0,
        "EBIT": -39276000.0,
        "Net Interest Income": -4382000.0,
        "Interest Expense": 4382000.0,
        "Normalized Income": -62148200.0,
        "Net Income From Continuing And Discontinued Operation": -43775000.0,
        "Total Expenses": 184969000.0,
        "Total Operating Income As Reported": -67680000.0,
        "Diluted Average Shares": 215085516.0,
        "Basic Average Shares": 215085516.0,
        "Diluted EPS": -0.21,
        "Basic EPS": -0.21,
        "Diluted NI Availto Com Stockholders": -43775000.0,
        "Average Dilution Earnings": NaN,
        "Net Income Common Stockholders": -43775000.0,
        "Net Income": -43775000.0,
        "Net Income Including Noncontrolling Interests": -43775000.0,
        "Net Income Continuous Operations": -43775000.0,
        "Tax Provision": 117000.0,
        "Pretax Income": -43658000.0,
        "Other Income Expense": 24371000.0,
        "Other Non Operating Income Expenses": -6251000.0,
        "Special Income Charges": 19312000.0,
        "Restructuring And Mergern Acquisition": -19312000.0,
        "Gain On Sale Of Security": 11310000.0,
        "Net Non Operating Interest Income Expense": -4382000.0,
        "Interest Expense Non Operating": 4382000.0,
        "Operating Income": -63647000.0,
        "Operating Expense": 105782000.0,
        "Other Operating Expenses": 54003000.0,
        "Research And Development": 8088000.0,
        "Selling General And Administration": 43691000.0,
        "Selling And Marketing Expense": 12414000.0,
        "General And Administrative Expense": 31277000.0,
        "Other Gand A": 31277000.0,
        "Gross Profit": 42135000.0,
        "Cost Of Revenue": 79187000.0,
        "Total Revenue": 121322000.0,
        "Operating Revenue": 121322000.0
    },
    "2022-03-31": {
        "Diluted EPS": -0.18,
        "Total Revenue": 80,
        "Gross Profit": 7,
        "Operating Income": -96,
        "EBIT": -47,
        "Net Income": 10
    },
    "2021-12-31": {
        "Diluted EPS": -5.95,
        "Total Revenue": 87,
        "Gross Profit": 21,
        "Operating Income": -69,
        "EBIT": -51,
        "Net Income": -77
    },
    "2021-09-30": {
        "Diluted EPS": -5.29,
        "Total Revenue": 67,
        "Gross Profit": 15,
        "Operating Income": -55,
        "EBIT": -39,
        "Net Income": -65
    },
    "2021-06-30": {
        "Diluted EPS": -6.41,
        "Total Revenue": 47,
        "Gross Profit": 4,
        "Operating Income": -65,
        "EBIT": -50,
        "Net Income": -74
    },
    "2021-03-31": {
        "Diluted EPS": -7.37,
        "Total Revenue": 32,
        "Gross Profit": -8,
        "Operating Income": -71,
        "EBIT": -65,
        "Net Income": -79
    },
    "2020-12-31": {
        "Diluted EPS": 0.0,
        "Total Revenue": NaN,
        "Gross Profit": NaN,
        "Operating Income": NaN,
        "EBIT": NaN,
        "Net Income": NaN
    },
    "2020-09-30": {
        "Diluted EPS": 0.0,
        "Total Revenue": NaN,
        "Gross Profit": NaN,
        "Operating Income": 0,
        "EBIT": 0,
        "Net Income": 0
    },
    "2023-06-30": {
        "Tax Effect Of Unusual Items": 147.641894,
        "Tax Rate For Calcs": 9.1e-05,
        "Normalized EBITDA": 4351000.0,
        "Total Unusual Items": 1631000.0,
        "Total Unusual Items Excluding Goodwill": 1631000.0,
        "Net Income From Continuing Operation Net Minority Interest": -44184000.0,
        "Reconciled Depreciation": 44015000.0,
        "Reconciled Cost Of Revenue": 94760000.0,
        "EBITDA": 5982000.0,
        "EBIT": -38033000.0,
        "Net Interest Income": -6155000.0,
        "Interest Expense": 6155000.0,
        "Normalized Income": -45814852.358106,
        "Net Income From Continuing And Discontinued Operation": -44184000.0,
        "Total Expenses": 199012000.0,
        "Total Operating Income As Reported": -41586000.0,
        "Diluted Average Shares": 10901375.0,
        "Basic Average Shares": 10901375.0,
        "Diluted EPS": -4.05,
        "Basic EPS": -4.05,
        "Diluted NI Availto Com Stockholders": -44184000.0,
        "Net Income Common Stockholders": -44184000.0,
        "Preferred Stock Dividends": NaN,
        "Net Income": -44184000.0,
        "Net Income Including Noncontrolling Interests": -44184000.0,
        "Net Income Continuous Operations": -44184000.0,
        "Tax Provision": -4000.0,
        "Pretax Income": -44188000.0,
        "Other Income Expense": 3576000.0,
        "Other Non Operating Income Expenses": 1945000.0,
        "Special Income Charges": 1123000.0,
        "Other Special Charges": -665000.0,
        "Restructuring And Mergern Acquisition": -458000.0,
        "Gain On Sale Of Security": 508000.0,
        "Net Non Operating Interest Income Expense": -6155000.0,
        "Interest Expense Non Operating": 6155000.0,
        "Operating Income": -41609000.0,
        "Operating Expense": 104252000.0,
        "Other Operating Expenses": 50540000.0,
        "Research And Development": 5563000.0,
        "Selling General And Administration": 48149000.0,
        "Selling And Marketing Expense": 18231000.0,
        "General And Administrative Expense": 29918000.0,
        "Other Gand A": 29918000.0,
        "Gross Profit": 62643000.0,
        "Cost Of Revenue": 94760000.0,
        "Total Revenue": 157403000.0,
        "Operating Revenue": 157403000.0
    },
    "2023-09-30": {
        "Tax Effect Of Unusual Items": 2861.5,
        "Tax Rate For Calcs": 0.0059,
        "Normalized EBITDA": -13324000.0,
        "Total Unusual Items": 485000.0,
        "Total Unusual Items Excluding Goodwill": 485000.0,
        "Net Income From Continuing Operation Net Minority Interest": -64276000.0,
        "Reconciled Depreciation": 44638000.0,
        "Reconciled Cost Of Revenue": 110711000.0,
        "EBITDA": -12839000.0,
        "EBIT": -57477000.0,
        "Net Interest Income": -6423000.0,
        "Interest Expense": 6423000.0,
        "Normalized Income": -64758138.5,
        "Net Income From Continuing And Discontinued Operation": -64276000.0,
        "Total Expenses": 217826000.0,
        "Total Operating Income As Reported": -56930000.0,
        "Diluted Average Shares": 10960030.0,
        "Basic Average Shares": 10960030.0,
        "Diluted EPS": -5.86,
        "Basic EPS": -5.86,
        "Diluted NI Availto Com Stockholders": -61020000.0,
        "Net Income Common Stockholders": -61020000.0,
        "Preferred Stock Dividends": -3256000.0,
        "Net Income": -64276000.0,
        "Net Income Including Noncontrolling Interests": -64276000.0,
        "Net Income Continuous Operations": -64276000.0,
        "Tax Provision": 376000.0,
        "Pretax Income": -63900000.0,
        "Other Income Expense": -547000.0,
        "Other Non Operating Income Expenses": -1032000.0,
        "Special Income Charges": 209000.0,
        "Other Special Charges": NaN,
        "Restructuring And Mergern Acquisition": -209000.0,
        "Gain On Sale Of Security": 276000.0,
        "Net Non Operating Interest Income Expense": -6423000.0,
        "Interest Expense Non Operating": 6423000.0,
        "Operating Income": -56930000.0,
        "Operating Expense": 107115000.0,
        "Other Operating Expenses": 53224000.0,
        "Research And Development": 5344000.0,
        "Selling General And Administration": 48547000.0,
        "Selling And Marketing Expense": 20996000.0,
        "General And Administrative Expense": 27551000.0,
        "Other Gand A": 27551000.0,
        "Gross Profit": 50185000.0,
        "Cost Of Revenue": 110711000.0,
        "Total Revenue": 160896000.0,
        "Operating Revenue": 160896000.0
    },
    "2023-12-31": {
        "Tax Effect Of Unusual Items": -916163.824279,
        "Tax Rate For Calcs": 0.015533,
        "Normalized EBITDA": 22666000.0,
        "Total Unusual Items": -58983000.0,
        "Total Unusual Items Excluding Goodwill": -58983000.0,
        "Net Income From Continuing Operation Net Minority Interest": -99634000.0,
        "Reconciled Depreciation": 57765000.0,
        "Reconciled Cost Of Revenue": 96910000.0,
        "EBITDA": -36317000.0,
        "EBIT": -94082000.0,
        "Net Interest Income": -7124000.0,
        "Interest Expense": 7124000.0,
        "Normalized Income": -41567163.824279,
        "Net Income From Continuing And Discontinued Operation": -99634000.0,
        "Total Expenses": 198232000.0,
        "Total Operating Income As Reported": -94357000.0,
        "Diluted Average Shares": NaN,
        "Basic Average Shares": NaN,
        "Diluted EPS": NaN,
        "Basic EPS": NaN,
        "Diluted NI Availto Com Stockholders": -97556000.0,
        "Net Income Common Stockholders": -97556000.0,
        "Preferred Stock Dividends": NaN,
        "Net Income": -99634000.0,
        "Net Income Including Noncontrolling Interests": -99634000.0,
        "Net Income Continuous Operations": -99634000.0,
        "Tax Provision": -1572000.0,
        "Pretax Income": -101206000.0,
        "Other Income Expense": -58879000.0,
        "Other Non Operating Income Expenses": 104000.0,
        "Special Income Charges": -58924000.0,
        "Other Special Charges": NaN,
        "Restructuring And Mergern Acquisition": -241000.0,
        "Gain On Sale Of Security": -59000.0,
        "Net Non Operating Interest Income Expense": -7124000.0,
        "Interest Expense Non Operating": 7124000.0,
        "Operating Income": -35203000.0,
        "Operating Expense": 101322000.0,
        "Other Operating Expenses": 51324000.0,
        "Research And Development": 4878000.0,
        "Selling General And Administration": 45120000.0,
        "Selling And Marketing Expense": 23503000.0,
        "General And Administrative Expense": 21617000.0,
        "Other Gand A": 21617000.0,
        "Gross Profit": 66119000.0,
        "Cost Of Revenue": 96910000.0,
        "Total Revenue": 163029000.0,
        "Operating Revenue": 163029000.0
    },
    "2024-06-30": {
        "Tax Effect Of Unusual Items": 510580.372302,
        "Tax Rate For Calcs": 0.007185,
        "Normalized EBITDA": 16936000.0,
        "Total Unusual Items": 71059000.0,
        "Total Unusual Items Excluding Goodwill": 71059000.0,
        "Net Income From Continuing Operation Net Minority Interest": 32747000.0,
        "Reconciled Depreciation": 46995000.0,
        "Reconciled Cost Of Revenue": 94652000.0,
        "EBITDA": 87995000.0,
        "EBIT": 41000000.0,
        "Net Interest Income": -8016000.0,
        "Interest Expense": 8016000.0,
        "Normalized Income": -37801419.627698,
        "Net Income From Continuing And Discontinued Operation": 32747000.0,
        "Total Expenses": 196300000.0,
        "Total Operating Income As Reported": -31699000.0,
        "Diluted Average Shares": 11150682.0,
        "Basic Average Shares": 11150682.0,
        "Diluted EPS": 2.94,
        "Basic EPS": 2.94,
        "Diluted NI Availto Com Stockholders": 32747000.0,
        "Net Income Common Stockholders": 32747000.0,
        "Preferred Stock Dividends": NaN,
        "Net Income": 32747000.0,
        "Net Income Including Noncontrolling Interests": 32747000.0,
        "Net Income Continuous Operations": 32747000.0,
        "Tax Provision": 237000.0,
        "Pretax Income": 32984000.0,
        "Other Income Expense": 72699000.0,
        "Other Non Operating Income Expenses": 1640000.0,
        "Special Income Charges": 71123000.0,
        "Other Special Charges": -71123000.0,
        "Restructuring And Mergern Acquisition": 0.0,
        "Gain On Sale Of Security": -64000.0,
        "Net Non Operating Interest Income Expense": -8016000.0,
        "Interest Expense Non Operating": 8016000.0,
        "Operating Income": -31699000.0,
        "Operating Expense": 101648000.0,
        "Other Operating Expenses": 46411000.0,
        "Research And Development": 4393000.0,
        "Selling General And Administration": 50844000.0,
        "Selling And Marketing Expense": 21572000.0,
        "General And Administrative Expense": 29272000.0,
        "Other Gand A": 29272000.0,
        "Gross Profit": 69949000.0,
        "Cost Of Revenue": 94652000.0,
        "Total Revenue": 164601000.0,
        "Operating Revenue": 164601000.0
    },
    "2024-03-31": {
        "Tax Effect Of Unusual Items": -523950.0,
        "Tax Rate For Calcs": 0.21,
        "Normalized EBITDA": 11740000.0,
        "Total Unusual Items": -2495000.0,
        "Total Unusual Items Excluding Goodwill": -2495000.0,
        "Net Income From Continuing Operation Net Minority Interest": -50487000.0,
        "Reconciled Depreciation": 52222000.0,
        "Reconciled Cost Of Revenue": 100363000.0,
        "EBITDA": 9245000.0,
        "EBIT": -42977000.0,
        "Net Interest Income": -7323000.0,
        "Interest Expense": 7323000.0,
        "Normalized Income": -48515950.0,
        "Net Income From Continuing And Discontinued Operation": -50487000.0,
        "Total Expenses": 198548000.0,
        "Total Operating Income As Reported": -67661000.0,
        "Diluted Average Shares": 11031861.0,
        "Basic Average Shares": 11031861.0,
        "Diluted EPS": -4.58,
        "Basic EPS": -4.58,
        "Diluted NI Availto Com Stockholders": -50487000.0,
        "Net Income Common Stockholders": -50487000.0,
        "Preferred Stock Dividends": NaN,
        "Net Income": -50487000.0,
        "Net Income Including Noncontrolling Interests": -50487000.0,
        "Net Income Continuous Operations": -50487000.0,
        "Tax Provision": 187000.0,
        "Pretax Income": -50300000.0,
        "Other Income Expense": 22092000.0,
        "Other Non Operating Income Expenses": 24587000.0,
        "Special Income Charges": -2576000.0,
        "Other Special Charges": NaN,
        "Restructuring And Mergern Acquisition": 2576000.0,
        "Gain On Sale Of Security": 81000.0,
        "Net Non Operating Interest Income Expense": -7323000.0,
        "Interest Expense Non Operating": 7323000.0,
        "Operating Income": -65069000.0,
        "Operating Expense": 98185000.0,
        "Other Operating Expenses": 49980000.0,
        "Research And Development": 4671000.0,
        "Selling General And Administration": 43534000.0,
        "Selling And Marketing Expense": 19249000.0,
        "General And Administrative Expense": 24285000.0,
        "Other Gand A": 24285000.0,
        "Gross Profit": 33116000.0,
        "Cost Of Revenue": 100363000.0,
        "Total Revenue": 133479000.0,
        "Operating Revenue": 133479000.0
    }
}