{
    "2023-03-31": {
        "Tax Effect Of Unusual Items": NaN,
        "Tax Rate For Calcs": NaN,
        "Normalized EBITDA": NaN,
        "Total Unusual Items": NaN,
        "Total Unusual Items Excluding Goodwill": NaN,
        "Net Income From Continuing Operation Net Minority Interest": NaN,
        "Reconciled Depreciation": NaN,
        "Reconciled Cost Of Revenue": NaN,
        "EBITDA": NaN,
        "EBIT": NaN,
        "Net Interest Income": 0.0,
        "Interest Expense": 0.0,
        "Normalized Income": NaN,
        "Net Income From Continuing And Discontinued Operation": NaN,
        "Total Expenses": NaN,
        "Total Operating Income As Reported": NaN,
        "Diluted Average Shares": 4109590.0,
        "Basic Average Shares": 4090704.0,
        "Diluted EPS": 0.1,
        "Basic EPS": 0.1,
        "Diluted NI Availto Com Stockholders": NaN,
        "Net Income Common Stockholders": NaN,
        "Net Income": NaN,
        "Net Income Including Noncontrolling Interests": NaN,
        "Net Income Continuous Operations": NaN,
        "Tax Provision": NaN,
        "Pretax Income": NaN,
        "Other Income Expense": NaN,
        "Other Non Operating Income Expenses": NaN,
        "Special Income Charges": NaN,
        "Gain On Sale Of Ppe": NaN,
        "Write Off": NaN,
        "Net Non Operating Interest Income Expense": 0.0,
        "Interest Expense Non Operating": 0.0,
        "Operating Income": NaN,
        "Operating Expense": NaN,
        "Research And Development": NaN,
        "Selling General And Administration": NaN,
        "Selling And Marketing Expense": NaN,
        "General And Administrative Expense": NaN,
        "Other Gand A": NaN,
        "Gross Profit": NaN,
        "Cost Of Revenue": NaN,
        "Total Revenue": NaN,
        "Operating Revenue": NaN
    },
    "2022-12-31": {
        "Tax Effect Of Unusual Items": NaN,
        "Tax Rate For Calcs": NaN,
        "Normalized EBITDA": NaN,
        "Total Unusual Items": NaN,
        "Total Unusual Items Excluding Goodwill": NaN,
        "Net Income From Continuing Operation Net Minority Interest": NaN,
        "Reconciled Depreciation": NaN,
        "Reconciled Cost Of Revenue": NaN,
        "EBITDA": NaN,
        "EBIT": NaN,
        "Net Interest Income": -1000.0,
        "Interest Expense": 1000.0,
        "Normalized Income": NaN,
        "Net Income From Continuing And Discontinued Operation": NaN,
        "Total Expenses": NaN,
        "Total Operating Income As Reported": NaN,
        "Diluted Average Shares": NaN,
        "Basic Average Shares": NaN,
        "Diluted EPS": NaN,
        "Basic EPS": NaN,
        "Diluted NI Availto Com Stockholders": NaN,
        "Net Income Common Stockholders": NaN,
        "Net Income": NaN,
        "Net Income Including Noncontrolling Interests": NaN,
        "Net Income Continuous Operations": NaN,
        "Tax Provision": NaN,
        "Pretax Income": NaN,
        "Other Income Expense": NaN,
        "Other Non Operating Income Expenses": NaN,
        "Special Income Charges": NaN,
        "Gain On Sale Of Ppe": NaN,
        "Net Non Operating Interest Income Expense": -1000.0,
        "Interest Expense Non Operating": 1000.0,
        "Operating Income": NaN,
        "Operating Expense": NaN,
        "Research And Development": NaN,
        "Selling General And Administration": NaN,
        "Selling And Marketing Expense": NaN,
        "General And Administrative Expense": NaN,
        "Other Gand A": NaN,
        "Gross Profit": NaN,
        "Cost Of Revenue": NaN,
        "Total Revenue": NaN,
        "Operating Revenue": NaN
    },
    "2022-09-30": {
        "Tax Effect Of Unusual Items": NaN,
        "Tax Rate For Calcs": NaN,
        "Normalized EBITDA": NaN,
        "Total Unusual Items": 600000.0,
        "Total Unusual Items Excluding Goodwill": 600000.0,
        "Net Income From Continuing Operation Net Minority Interest": NaN,
        "Reconciled Depreciation": NaN,
        "Reconciled Cost Of Revenue": NaN,
        "EBITDA": NaN,
        "EBIT": NaN,
        "Net Interest Income": NaN,
        "Interest Expense": NaN,
        "Normalized Income": NaN,
        "Net Income From Continuing And Discontinued Operation": NaN,
        "Total Expenses": NaN,
        "Total Operating Income As Reported": NaN,
        "Diluted Average Shares": 36085226.0,
        "Basic Average Shares": 36085226.0,
        "Diluted EPS": -0.04,
        "Basic EPS": -0.04,
        "Diluted NI Availto Com Stockholders": NaN,
        "Net Income Common Stockholders": NaN,
        "Net Income": NaN,
        "Net Income Including Noncontrolling Interests": NaN,
        "Net Income Continuous Operations": NaN,
        "Tax Provision": NaN,
        "Pretax Income": NaN,
        "Other Income Expense": NaN,
        "Other Non Operating Income Expenses": NaN,
        "Special Income Charges": 600000.0,
        "Gain On Sale Of Ppe": -130000.0,
        "Other Special Charges": -730000.0,
        "Net Non Operating Interest Income Expense": NaN,
        "Interest Expense Non Operating": NaN,
        "Operating Income": NaN,
        "Operating Expense": NaN,
        "Research And Development": NaN,
        "Selling General And Administration": NaN,
        "Selling And Marketing Expense": NaN,
        "General And Administrative Expense": NaN,
        "Other Gand A": NaN,
        "Gross Profit": NaN,
        "Cost Of Revenue": NaN,
        "Total Revenue": NaN,
        "Operating Revenue": NaN
    },
    "2022-06-30": {
        "Tax Effect Of Unusual Items": 0.0,
        "Tax Rate For Calcs": 0.4,
        "Normalized EBITDA": -3929000.0,
        "Total Unusual Items": NaN,
        "Total Unusual Items Excluding Goodwill": NaN,
        "Net Income From Continuing Operation Net Minority Interest": -4225000.0,
        "Reconciled Depreciation": 200000.0,
        "Reconciled Cost Of Revenue": 9108000.0,
        "EBITDA": -3929000.0,
        "EBIT": -4129000.0,
        "Net Interest Income": -35000.0,
        "Interest Expense": 35000.0,
        "Normalized Income": -4225000.0,
        "Net Income From Continuing And Discontinued Operation": -4225000.0,
        "Total Expenses": 16175000.0,
        "Total Operating Income As Reported": -4220000.0,
        "Diluted Average Shares": 19283496.0,
        "Basic Average Shares": 19283496.0,
        "Diluted EPS": -0.22,
        "Basic EPS": -0.22,
        "Diluted NI Availto Com Stockholders": -4225000.0,
        "Net Income Common Stockholders": -4225000.0,
        "Net Income": -4225000.0,
        "Net Income Including Noncontrolling Interests": -4225000.0,
        "Net Income Continuous Operations": -4225000.0,
        "Tax Provision": 61000.0,
        "Pretax Income": -4164000.0,
        "Other Income Expense": 91000.0,
        "Other Non Operating Income Expenses": 91000.0,
        "Special Income Charges": NaN,
        "Gain On Sale Of Ppe": NaN,
        "Other Special Charges": NaN,
        "Net Non Operating Interest Income Expense": -35000.0,
        "Interest Expense Non Operating": 35000.0,
        "Operating Income": -4220000.0,
        "Operating Expense": 7067000.0,
        "Research And Development": 2721000.0,
        "Selling General And Administration": 4346000.0,
        "Selling And Marketing Expense": 2073000.0,
        "General And Administrative Expense": 2273000.0,
        "Other Gand A": 2273000.0,
        "Gross Profit": 2847000.0,
        "Cost Of Revenue": 9108000.0,
        "Total Revenue": 11955000.0,
        "Operating Revenue": 11955000.0
    },
    "2022-03-31": {
        "Diluted EPS": -0.38,
        "Total Revenue": 13,
        "Gross Profit": 2,
        "Operating Income": -7,
        "EBIT": -7,
        "Net Income": -7
    },
    "2021-12-31": {
        "Diluted EPS": -0.36,
        "Total Revenue": 16,
        "Gross Profit": 0,
        "Operating Income": -12,
        "EBIT": -11,
        "Net Income": -12
    },
    "2021-09-30": {
        "Diluted EPS": -1.31,
        "Total Revenue": 14,
        "Gross Profit": 2,
        "Operating Income": -11,
        "EBIT": -10,
        "Net Income": -11
    },
    "2021-06-30": {
        "Diluted EPS": -1.01,
        "Total Revenue": 12,
        "Gross Profit": 3,
        "Operating Income": -6,
        "EBIT": -6,
        "Net Income": -7
    },
    "2021-03-31": {
        "Diluted EPS": -1.4,
        "Total Revenue": 12,
        "Gross Profit": 2,
        "Operating Income": -9,
        "EBIT": -8,
        "Net Income": -9
    },
    "2020-12-31": {
        "Diluted EPS": 1.5,
        "Total Revenue": 16,
        "Gross Profit": 4,
        "Operating Income": -7,
        "EBIT": -7,
        "Net Income": -6
    },
    "2020-09-30": {
        "Diluted EPS": -0.98,
        "Total Revenue": 14,
        "Gross Profit": 4,
        "Operating Income": -6,
        "EBIT": -5,
        "Net Income": -6
    },
    "2020-06-30": {
        "Diluted EPS": -2.2,
        "Total Revenue": 21,
        "Gross Profit": 5,
        "Operating Income": -7,
        "EBIT": -6,
        "Net Income": -7
    },
    "2020-03-31": {
        "Diluted EPS": -4.8,
        "Total Revenue": 13,
        "Gross Profit": 2,
        "Operating Income": -9,
        "EBIT": -8,
        "Net Income": -10
    },
    "2019-12-31": {
        "Diluted EPS": -4.3,
        "Total Revenue": 17,
        "Gross Profit": 4,
        "Operating Income": -7,
        "EBIT": -7,
        "Net Income": -8
    },
    "2019-09-30": {
        "Diluted EPS": -3.3,
        "Total Revenue": 29,
        "Gross Profit": 7,
        "Operating Income": -6,
        "EBIT": -5,
        "Net Income": -7
    },
    "2019-06-30": {
        "Diluted EPS": -3.1,
        "Total Revenue": 44,
        "Gross Profit": 14,
        "Operating Income": -5,
        "EBIT": -4,
        "Net Income": -6
    },
    "2019-03-31": {
        "Diluted EPS": -3.2,
        "Total Revenue": 26,
        "Gross Profit": 9,
        "Operating Income": -4,
        "EBIT": -3,
        "Net Income": -5
    },
    "2018-12-31": {
        "Diluted EPS": 91.2,
        "Total Revenue": 47,
        "Gross Profit": 18,
        "Operating Income": 6,
        "EBIT": 6,
        "Net Income": 4
    },
    "2018-09-30": {
        "Diluted EPS": -9.1,
        "Total Revenue": 39,
        "Gross Profit": 14,
        "Operating Income": 3,
        "EBIT": 4,
        "Net Income": -1
    },
    "2018-06-30": {
        "Diluted EPS": -30.1,
        "Total Revenue": 31,
        "Gross Profit": 11,
        "Operating Income": 1,
        "EBIT": 1,
        "Net Income": -3
    },
    "2018-03-31": {
        "Diluted EPS": -77.7,
        "Total Revenue": 18,
        "Gross Profit": 5,
        "Operating Income": -4,
        "EBIT": -4,
        "Net Income": -8
    },
    "2023-06-30": {
        "Tax Effect Of Unusual Items": 0.0,
        "Tax Rate For Calcs": 0.123924,
        "Normalized EBITDA": 1139000.0,
        "Total Unusual Items": 0.0,
        "Total Unusual Items Excluding Goodwill": 0.0,
        "Net Income From Continuing Operation Net Minority Interest": 509000.0,
        "Reconciled Depreciation": 553000.0,
        "Reconciled Cost Of Revenue": 22409000.0,
        "EBITDA": 1139000.0,
        "EBIT": 586000.0,
        "Net Interest Income": -5000.0,
        "Interest Expense": 5000.0,
        "Normalized Income": 509000.0,
        "Net Income From Continuing And Discontinued Operation": 509000.0,
        "Total Expenses": 26088000.0,
        "Total Operating Income As Reported": 747000.0,
        "Diluted Average Shares": 445857.0,
        "Basic Average Shares": 422269.0,
        "Diluted EPS": 1.1,
        "Basic EPS": 1.2,
        "Diluted NI Availto Com Stockholders": 509000.0,
        "Net Income Common Stockholders": 509000.0,
        "Net Income": 509000.0,
        "Net Income Including Noncontrolling Interests": 509000.0,
        "Net Income Continuous Operations": 509000.0,
        "Tax Provision": 72000.0,
        "Pretax Income": 581000.0,
        "Other Income Expense": -161000.0,
        "Other Non Operating Income Expenses": -161000.0,
        "Special Income Charges": 0.0,
        "Gain On Sale Of Ppe": NaN,
        "Write Off": 0.0,
        "Net Non Operating Interest Income Expense": -5000.0,
        "Interest Expense Non Operating": 5000.0,
        "Operating Income": 747000.0,
        "Operating Expense": 3679000.0,
        "Research And Development": 0.0,
        "Selling General And Administration": 3679000.0,
        "Selling And Marketing Expense": 1827000.0,
        "General And Administrative Expense": 1852000.0,
        "Other Gand A": 1852000.0,
        "Gross Profit": 4426000.0,
        "Cost Of Revenue": 22409000.0,
        "Total Revenue": 26835000.0,
        "Operating Revenue": 26618000.0
    },
    "2023-09-30": {
        "Tax Effect Of Unusual Items": 0.0,
        "Tax Rate For Calcs": 0.154093,
        "Normalized EBITDA": 696000.0,
        "Total Unusual Items": 0.0,
        "Total Unusual Items Excluding Goodwill": 0.0,
        "Net Income From Continuing Operation Net Minority Interest": 527000.0,
        "Reconciled Depreciation": 67000.0,
        "Reconciled Cost Of Revenue": 21963000.0,
        "EBITDA": 696000.0,
        "EBIT": 629000.0,
        "Net Interest Income": -6000.0,
        "Interest Expense": 6000.0,
        "Normalized Income": 527000.0,
        "Net Income From Continuing And Discontinued Operation": 527000.0,
        "Total Expenses": 26878000.0,
        "Total Operating Income As Reported": 688000.0,
        "Diluted Average Shares": 4299268.0,
        "Basic Average Shares": 4185172.0,
        "Diluted EPS": 0.1,
        "Basic EPS": 0.1,
        "Diluted NI Availto Com Stockholders": 527000.0,
        "Net Income Common Stockholders": 527000.0,
        "Net Income": 527000.0,
        "Net Income Including Noncontrolling Interests": 527000.0,
        "Net Income Continuous Operations": 527000.0,
        "Tax Provision": 96000.0,
        "Pretax Income": 623000.0,
        "Other Income Expense": -59000.0,
        "Other Non Operating Income Expenses": -59000.0,
        "Special Income Charges": 0.0,
        "Gain On Sale Of Ppe": 0.0,
        "Write Off": NaN,
        "Net Non Operating Interest Income Expense": -6000.0,
        "Interest Expense Non Operating": 6000.0,
        "Operating Income": 688000.0,
        "Operating Expense": 4915000.0,
        "Research And Development": 741000.0,
        "Selling General And Administration": 4174000.0,
        "Selling And Marketing Expense": 2133000.0,
        "General And Administrative Expense": 2041000.0,
        "Other Gand A": 2041000.0,
        "Gross Profit": 5603000.0,
        "Cost Of Revenue": 21963000.0,
        "Total Revenue": 27566000.0,
        "Operating Revenue": 27141000.0
    },
    "2023-12-31": {
        "Tax Effect Of Unusual Items": 0.0,
        "Tax Rate For Calcs": 0.21,
        "Normalized EBITDA": -300000.0,
        "Total Unusual Items": NaN,
        "Total Unusual Items Excluding Goodwill": NaN,
        "Net Income From Continuing Operation Net Minority Interest": -1353000.0,
        "Reconciled Depreciation": 956000.0,
        "Reconciled Cost Of Revenue": 8310000.0,
        "EBITDA": -300000.0,
        "EBIT": -1256000.0,
        "Net Interest Income": -4000.0,
        "Interest Expense": 4000.0,
        "Normalized Income": -1353000.0,
        "Net Income From Continuing And Discontinued Operation": -1353000.0,
        "Total Expenses": 14685000.0,
        "Total Operating Income As Reported": -1255000.0,
        "Diluted Average Shares": NaN,
        "Basic Average Shares": NaN,
        "Diluted EPS": NaN,
        "Basic EPS": NaN,
        "Diluted NI Availto Com Stockholders": -1353000.0,
        "Net Income Common Stockholders": -1353000.0,
        "Net Income": -1353000.0,
        "Net Income Including Noncontrolling Interests": -1353000.0,
        "Net Income Continuous Operations": -1353000.0,
        "Tax Provision": 93000.0,
        "Pretax Income": -1260000.0,
        "Other Income Expense": -1000.0,
        "Other Non Operating Income Expenses": -1000.0,
        "Special Income Charges": NaN,
        "Gain On Sale Of Ppe": NaN,
        "Write Off": NaN,
        "Net Non Operating Interest Income Expense": -4000.0,
        "Interest Expense Non Operating": 4000.0,
        "Operating Income": -1255000.0,
        "Operating Expense": 6375000.0,
        "Research And Development": 926000.0,
        "Selling General And Administration": 5449000.0,
        "Selling And Marketing Expense": 3051000.0,
        "General And Administrative Expense": 2398000.0,
        "Other Gand A": 2398000.0,
        "Gross Profit": 5120000.0,
        "Cost Of Revenue": 8310000.0,
        "Total Revenue": 13430000.0,
        "Operating Revenue": 12709000.0
    },
    "2024-03-31": {
        "Tax Effect Of Unusual Items": 0.0,
        "Tax Rate For Calcs": 0.21,
        "Normalized EBITDA": -1809000.0,
        "Total Unusual Items": NaN,
        "Total Unusual Items Excluding Goodwill": NaN,
        "Net Income From Continuing Operation Net Minority Interest": -2906000.0,
        "Reconciled Depreciation": 880000.0,
        "Reconciled Cost Of Revenue": 13874000.0,
        "EBITDA": -1809000.0,
        "EBIT": -2689000.0,
        "Net Interest Income": NaN,
        "Interest Expense": NaN,
        "Normalized Income": -2906000.0,
        "Net Income From Continuing And Discontinued Operation": -2906000.0,
        "Total Expenses": 19465000.0,
        "Total Operating Income As Reported": -2689000.0,
        "Diluted Average Shares": 4319372.0,
        "Basic Average Shares": 4319372.0,
        "Diluted EPS": -0.7,
        "Basic EPS": -0.7,
        "Diluted NI Availto Com Stockholders": -2906000.0,
        "Net Income Common Stockholders": -2906000.0,
        "Net Income": -2906000.0,
        "Net Income Including Noncontrolling Interests": -2906000.0,
        "Net Income Continuous Operations": -2906000.0,
        "Tax Provision": 125000.0,
        "Pretax Income": -2781000.0,
        "Other Income Expense": -92000.0,
        "Other Non Operating Income Expenses": -92000.0,
        "Special Income Charges": NaN,
        "Gain On Sale Of Ppe": NaN,
        "Write Off": NaN,
        "Net Non Operating Interest Income Expense": NaN,
        "Interest Expense Non Operating": NaN,
        "Operating Income": -2689000.0,
        "Operating Expense": 5591000.0,
        "Research And Development": 456000.0,
        "Selling General And Administration": 5135000.0,
        "Selling And Marketing Expense": 2492000.0,
        "General And Administrative Expense": 2643000.0,
        "Other Gand A": 2643000.0,
        "Gross Profit": 2902000.0,
        "Cost Of Revenue": 13874000.0,
        "Total Revenue": 16775000.0,
        "Operating Revenue": 16587000.0
    },
    "2024-06-30": {
        "Tax Effect Of Unusual Items": -675570.0,
        "Tax Rate For Calcs": 0.21,
        "Normalized EBITDA": -2500000.0,
        "Total Unusual Items": -3217000.0,
        "Total Unusual Items Excluding Goodwill": -3217000.0,
        "Net Income From Continuing Operation Net Minority Interest": -6616000.0,
        "Reconciled Depreciation": 845000.0,
        "Reconciled Cost Of Revenue": 8547000.0,
        "EBITDA": -5717000.0,
        "EBIT": -6562000.0,
        "Net Interest Income": -17000.0,
        "Interest Expense": 17000.0,
        "Normalized Income": -4074570.0,
        "Net Income From Continuing And Discontinued Operation": -6616000.0,
        "Total Expenses": 14769000.0,
        "Total Operating Income As Reported": -6470000.0,
        "Diluted Average Shares": 468535.0,
        "Basic Average Shares": 468535.0,
        "Diluted EPS": -14.1,
        "Basic EPS": -14.1,
        "Diluted NI Availto Com Stockholders": -6616000.0,
        "Net Income Common Stockholders": -6616000.0,
        "Net Income": -6616000.0,
        "Net Income Including Noncontrolling Interests": -6616000.0,
        "Net Income Continuous Operations": -6616000.0,
        "Tax Provision": 37000.0,
        "Pretax Income": -6579000.0,
        "Other Income Expense": -3309000.0,
        "Other Non Operating Income Expenses": -92000.0,
        "Special Income Charges": -3217000.0,
        "Gain On Sale Of Ppe": NaN,
        "Write Off": 3217000.0,
        "Net Non Operating Interest Income Expense": -17000.0,
        "Interest Expense Non Operating": 17000.0,
        "Operating Income": -3253000.0,
        "Operating Expense": 6222000.0,
        "Research And Development": 557000.0,
        "Selling General And Administration": 5665000.0,
        "Selling And Marketing Expense": 3219000.0,
        "General And Administrative Expense": 2446000.0,
        "Other Gand A": 2446000.0,
        "Gross Profit": 2969000.0,
        "Cost Of Revenue": 8547000.0,
        "Total Revenue": 11516000.0,
        "Operating Revenue": 11083000.0
    }
}