{
    "2023-03-31": {
        "Tax Effect Of Unusual Items": NaN,
        "Tax Rate For Calcs": NaN,
        "Normalized EBITDA": NaN,
        "Total Unusual Items": -1168000.0,
        "Total Unusual Items Excluding Goodwill": -1168000.0,
        "Net Income From Continuing Operation Net Minority Interest": NaN,
        "Reconciled Depreciation": NaN,
        "Reconciled Cost Of Revenue": NaN,
        "EBITDA": NaN,
        "EBIT": NaN,
        "Net Interest Income": NaN,
        "Interest Expense": 306000.0,
        "Interest Income": 862000.0,
        "Normalized Income": NaN,
        "Net Income From Continuing And Discontinued Operation": NaN,
        "Total Expenses": NaN,
        "Total Operating Income As Reported": NaN,
        "Diluted Average Shares": NaN,
        "Basic Average Shares": NaN,
        "Diluted EPS": NaN,
        "Basic EPS": NaN,
        "Diluted NI Availto Com Stockholders": NaN,
        "Net Income Common Stockholders": NaN,
        "Net Income": NaN,
        "Net Income Including Noncontrolling Interests": NaN,
        "Net Income Continuous Operations": NaN,
        "Tax Provision": NaN,
        "Pretax Income": NaN,
        "Other Income Expense": -1168000.0,
        "Gain On Sale Of Security": -1168000.0,
        "Net Non Operating Interest Income Expense": NaN,
        "Total Other Finance Cost": NaN,
        "Interest Expense Non Operating": 306000.0,
        "Interest Income Non Operating": 862000.0,
        "Operating Income": NaN,
        "Operating Expense": NaN,
        "Other Operating Expenses": NaN,
        "Research And Development": NaN,
        "Selling General And Administration": NaN,
        "Selling And Marketing Expense": NaN,
        "General And Administrative Expense": NaN,
        "Other Gand A": NaN,
        "Gross Profit": NaN,
        "Cost Of Revenue": NaN,
        "Total Revenue": NaN,
        "Operating Revenue": NaN
    },
    "2022-12-31": {
        "Tax Effect Of Unusual Items": NaN,
        "Tax Rate For Calcs": NaN,
        "Normalized EBITDA": NaN,
        "Total Unusual Items": NaN,
        "Total Unusual Items Excluding Goodwill": NaN,
        "Net Income From Continuing Operation Net Minority Interest": NaN,
        "Reconciled Depreciation": NaN,
        "Reconciled Cost Of Revenue": NaN,
        "EBITDA": NaN,
        "EBIT": NaN,
        "Net Interest Income": NaN,
        "Interest Expense": NaN,
        "Interest Income": NaN,
        "Normalized Income": NaN,
        "Net Income From Continuing And Discontinued Operation": NaN,
        "Total Expenses": NaN,
        "Total Operating Income As Reported": NaN,
        "Diluted Average Shares": 64218959.0,
        "Basic Average Shares": 64218959.0,
        "Diluted EPS": -0.22,
        "Basic EPS": -0.22,
        "Diluted NI Availto Com Stockholders": NaN,
        "Net Income Common Stockholders": NaN,
        "Net Income": NaN,
        "Net Income Including Noncontrolling Interests": NaN,
        "Net Income Continuous Operations": NaN,
        "Tax Provision": NaN,
        "Pretax Income": NaN,
        "Other Income Expense": NaN,
        "Gain On Sale Of Security": NaN,
        "Net Non Operating Interest Income Expense": NaN,
        "Total Other Finance Cost": NaN,
        "Interest Expense Non Operating": NaN,
        "Interest Income Non Operating": NaN,
        "Operating Income": NaN,
        "Operating Expense": NaN,
        "Other Operating Expenses": NaN,
        "Research And Development": NaN,
        "Selling General And Administration": NaN,
        "Selling And Marketing Expense": NaN,
        "General And Administrative Expense": NaN,
        "Other Gand A": NaN,
        "Gross Profit": NaN,
        "Cost Of Revenue": NaN,
        "Total Revenue": NaN,
        "Operating Revenue": NaN
    },
    "2022-09-30": {
        "Tax Effect Of Unusual Items": NaN,
        "Tax Rate For Calcs": NaN,
        "Normalized EBITDA": NaN,
        "Total Unusual Items": NaN,
        "Total Unusual Items Excluding Goodwill": NaN,
        "Net Income From Continuing Operation Net Minority Interest": NaN,
        "Reconciled Depreciation": NaN,
        "Reconciled Cost Of Revenue": NaN,
        "EBITDA": NaN,
        "EBIT": NaN,
        "Net Interest Income": NaN,
        "Interest Expense": NaN,
        "Interest Income": NaN,
        "Normalized Income": NaN,
        "Net Income From Continuing And Discontinued Operation": NaN,
        "Total Expenses": NaN,
        "Total Operating Income As Reported": NaN,
        "Diluted Average Shares": NaN,
        "Basic Average Shares": NaN,
        "Diluted EPS": NaN,
        "Basic EPS": NaN,
        "Diluted NI Availto Com Stockholders": NaN,
        "Net Income Common Stockholders": NaN,
        "Net Income": NaN,
        "Net Income Including Noncontrolling Interests": NaN,
        "Net Income Continuous Operations": NaN,
        "Tax Provision": NaN,
        "Pretax Income": NaN,
        "Other Income Expense": NaN,
        "Gain On Sale Of Security": NaN,
        "Net Non Operating Interest Income Expense": NaN,
        "Total Other Finance Cost": -224000.0,
        "Interest Expense Non Operating": NaN,
        "Interest Income Non Operating": NaN,
        "Operating Income": NaN,
        "Operating Expense": NaN,
        "Other Operating Expenses": NaN,
        "Research And Development": NaN,
        "Selling General And Administration": NaN,
        "Selling And Marketing Expense": NaN,
        "General And Administrative Expense": NaN,
        "Other Gand A": NaN,
        "Gross Profit": NaN,
        "Cost Of Revenue": NaN,
        "Total Revenue": NaN,
        "Operating Revenue": NaN
    },
    "2022-06-30": {
        "Tax Effect Of Unusual Items": 0.0,
        "Tax Rate For Calcs": 0.000243,
        "Normalized EBITDA": -22692000.0,
        "Net Income From Continuing Operation Net Minority Interest": -24681000.0,
        "Reconciled Depreciation": 1387000.0,
        "Reconciled Cost Of Revenue": 4047000.0,
        "EBITDA": -22692000.0,
        "EBIT": -24079000.0,
        "Net Interest Income": -608000.0,
        "Interest Expense": 608000.0,
        "Normalized Income": -24681000.0,
        "Net Income From Continuing And Discontinued Operation": -24681000.0,
        "Total Expenses": 35746000.0,
        "Total Operating Income As Reported": -24079000.0,
        "Diluted Average Shares": 64089566.0,
        "Basic Average Shares": 64089566.0,
        "Diluted EPS": -0.39,
        "Basic EPS": -0.39,
        "Diluted NI Availto Com Stockholders": -24681000.0,
        "Net Income Common Stockholders": -24681000.0,
        "Net Income": -24681000.0,
        "Net Income Including Noncontrolling Interests": -24681000.0,
        "Net Income Continuous Operations": -24681000.0,
        "Tax Provision": -6000.0,
        "Pretax Income": -24687000.0,
        "Net Non Operating Interest Income Expense": -608000.0,
        "Total Other Finance Cost": NaN,
        "Interest Expense Non Operating": 608000.0,
        "Operating Income": -24079000.0,
        "Operating Expense": 31699000.0,
        "Other Operating Expenses": -223000.0,
        "Research And Development": 8990000.0,
        "Selling General And Administration": 22932000.0,
        "Selling And Marketing Expense": 8235000.0,
        "General And Administrative Expense": 14697000.0,
        "Other Gand A": 14697000.0,
        "Gross Profit": 7620000.0,
        "Cost Of Revenue": 4047000.0,
        "Total Revenue": 11667000.0,
        "Operating Revenue": 11667000.0
    },
    "2022-03-31": {
        "Diluted EPS": -0.4,
        "Total Revenue": 11,
        "Gross Profit": 7,
        "Operating Income": -25,
        "EBIT": -24,
        "Net Income": -25
    },
    "2021-12-31": {
        "Diluted EPS": -0.34,
        "Total Revenue": 11,
        "Gross Profit": 7,
        "Operating Income": -21,
        "EBIT": -20,
        "Net Income": -21
    },
    "2021-09-30": {
        "Diluted EPS": -0.35,
        "Total Revenue": 10,
        "Gross Profit": 7,
        "Operating Income": -21,
        "EBIT": -20,
        "Net Income": -21
    },
    "2021-06-30": {
        "Diluted EPS": -0.38,
        "Total Revenue": 10,
        "Gross Profit": 6,
        "Operating Income": -16,
        "EBIT": -15,
        "Net Income": -18
    },
    "2021-03-31": {
        "Diluted EPS": -0.26,
        "Total Revenue": 9,
        "Gross Profit": 6,
        "Operating Income": -14,
        "EBIT": -13,
        "Net Income": -13
    },
    "2020-12-31": {
        "Diluted EPS": -0.22,
        "Total Revenue": 8,
        "Gross Profit": 5,
        "Operating Income": -11,
        "EBIT": -11,
        "Net Income": -10
    },
    "2020-09-30": {
        "Diluted EPS": -0.24,
        "Total Revenue": 7,
        "Gross Profit": 4,
        "Operating Income": -9,
        "EBIT": -9,
        "Net Income": -10
    },
    "2020-06-30": {
        "Diluted EPS": -0.2,
        "Total Revenue": 6,
        "Gross Profit": 4,
        "Operating Income": -7,
        "EBIT": -6,
        "Net Income": -8
    },
    "2020-03-31": {
        "Diluted EPS": -0.27,
        "Total Revenue": 7,
        "Gross Profit": 5,
        "Operating Income": -10,
        "EBIT": -9,
        "Net Income": -11
    },
    "2019-12-31": {
        "Diluted EPS": 0.0,
        "Total Revenue": NaN,
        "Gross Profit": NaN,
        "Operating Income": NaN,
        "EBIT": NaN,
        "Net Income": NaN
    },
    "2023-06-30": {
        "Tax Effect Of Unusual Items": NaN,
        "Tax Rate For Calcs": NaN,
        "Normalized EBITDA": NaN,
        "Total Unusual Items": -2410000.0,
        "Total Unusual Items Excluding Goodwill": -2410000.0,
        "Net Income From Continuing Operation Net Minority Interest": NaN,
        "Reconciled Depreciation": NaN,
        "Reconciled Cost Of Revenue": NaN,
        "EBITDA": NaN,
        "EBIT": NaN,
        "Net Interest Income": NaN,
        "Interest Expense": 1276000.0,
        "Interest Income": 1134000.0,
        "Normalized Income": NaN,
        "Net Income From Continuing And Discontinued Operation": NaN,
        "Total Expenses": NaN,
        "Total Operating Income As Reported": NaN,
        "Diluted Average Shares": 64498686.0,
        "Basic Average Shares": 64498686.0,
        "Diluted EPS": -0.33,
        "Basic EPS": -0.33,
        "Diluted NI Availto Com Stockholders": NaN,
        "Net Income Common Stockholders": NaN,
        "Net Income": NaN,
        "Net Income Including Noncontrolling Interests": NaN,
        "Net Income Continuous Operations": NaN,
        "Tax Provision": NaN,
        "Pretax Income": NaN,
        "Other Income Expense": -2410000.0,
        "Gain On Sale Of Security": -2410000.0,
        "Net Non Operating Interest Income Expense": NaN,
        "Total Other Finance Cost": NaN,
        "Interest Expense Non Operating": 1276000.0,
        "Interest Income Non Operating": 1134000.0,
        "Operating Income": NaN,
        "Operating Expense": NaN,
        "Other Operating Expenses": NaN,
        "Research And Development": NaN,
        "Selling General And Administration": NaN,
        "Selling And Marketing Expense": NaN,
        "General And Administrative Expense": NaN,
        "Other Gand A": NaN,
        "Gross Profit": NaN,
        "Cost Of Revenue": NaN,
        "Total Revenue": NaN,
        "Operating Revenue": NaN
    },
    "2023-09-30": {
        "Tax Effect Of Unusual Items": 0.0,
        "Tax Rate For Calcs": 0.085,
        "Normalized EBITDA": -14343000.0,
        "Total Unusual Items": NaN,
        "Total Unusual Items Excluding Goodwill": NaN,
        "Net Income From Continuing Operation Net Minority Interest": -13824000.0,
        "Reconciled Depreciation": 2201000.0,
        "Reconciled Cost Of Revenue": 5030000.0,
        "EBITDA": -14343000.0,
        "EBIT": -16544000.0,
        "Net Interest Income": 3019000.0,
        "Interest Expense": NaN,
        "Interest Income": NaN,
        "Normalized Income": -13824000.0,
        "Net Income From Continuing And Discontinued Operation": -13824000.0,
        "Total Expenses": 32847000.0,
        "Total Operating Income As Reported": -16544000.0,
        "Diluted Average Shares": 65072600.0,
        "Basic Average Shares": 65072600.0,
        "Diluted EPS": -0.21,
        "Basic EPS": -0.21,
        "Diluted NI Availto Com Stockholders": -13824000.0,
        "Net Income Common Stockholders": -13824000.0,
        "Net Income": -13824000.0,
        "Net Income Including Noncontrolling Interests": -13824000.0,
        "Net Income Continuous Operations": -13824000.0,
        "Tax Provision": 299000.0,
        "Pretax Income": -13525000.0,
        "Other Income Expense": NaN,
        "Gain On Sale Of Security": NaN,
        "Net Non Operating Interest Income Expense": 3019000.0,
        "Total Other Finance Cost": -3019000.0,
        "Interest Expense Non Operating": NaN,
        "Interest Income Non Operating": NaN,
        "Operating Income": -16544000.0,
        "Operating Expense": 27817000.0,
        "Other Operating Expenses": -746000.0,
        "Research And Development": 8984000.0,
        "Selling General And Administration": 19579000.0,
        "Selling And Marketing Expense": 6830000.0,
        "General And Administrative Expense": 12749000.0,
        "Other Gand A": 12749000.0,
        "Gross Profit": 11273000.0,
        "Cost Of Revenue": 5030000.0,
        "Total Revenue": 16303000.0,
        "Operating Revenue": 16303000.0
    },
    "2023-12-31": {
        "Tax Effect Of Unusual Items": 0.0,
        "Tax Rate For Calcs": 0.085,
        "Normalized EBITDA": -20047000.0,
        "Total Unusual Items": NaN,
        "Total Unusual Items Excluding Goodwill": NaN,
        "Net Income From Continuing Operation Net Minority Interest": -24061000.0,
        "Reconciled Depreciation": 1981000.0,
        "Reconciled Cost Of Revenue": 5149000.0,
        "EBITDA": -20047000.0,
        "EBIT": -22028000.0,
        "Net Interest Income": 2522000.0,
        "Interest Expense": NaN,
        "Interest Income": NaN,
        "Normalized Income": -24061000.0,
        "Net Income From Continuing And Discontinued Operation": -24061000.0,
        "Total Expenses": 35995000.0,
        "Total Operating Income As Reported": -18947000.0,
        "Diluted Average Shares": NaN,
        "Basic Average Shares": NaN,
        "Diluted EPS": NaN,
        "Basic EPS": NaN,
        "Diluted NI Availto Com Stockholders": -24061000.0,
        "Net Income Common Stockholders": -24061000.0,
        "Net Income": -24061000.0,
        "Net Income Including Noncontrolling Interests": -24061000.0,
        "Net Income Continuous Operations": -24061000.0,
        "Tax Provision": 8000.0,
        "Pretax Income": -24053000.0,
        "Other Income Expense": NaN,
        "Gain On Sale Of Security": NaN,
        "Net Non Operating Interest Income Expense": 2522000.0,
        "Total Other Finance Cost": NaN,
        "Interest Expense Non Operating": NaN,
        "Interest Income Non Operating": NaN,
        "Operating Income": -18947000.0,
        "Operating Expense": 30846000.0,
        "Other Operating Expenses": -149000.0,
        "Research And Development": 9760000.0,
        "Selling General And Administration": 21235000.0,
        "Selling And Marketing Expense": 7966000.0,
        "General And Administrative Expense": 13269000.0,
        "Other Gand A": 13269000.0,
        "Gross Profit": 11899000.0,
        "Cost Of Revenue": 5149000.0,
        "Total Revenue": 17048000.0,
        "Operating Revenue": 17048000.0
    },
    "2024-03-31": {
        "Tax Effect Of Unusual Items": 391850.0,
        "Tax Rate For Calcs": 0.085,
        "Normalized EBITDA": -21307000.0,
        "Total Unusual Items": 4610000.0,
        "Total Unusual Items Excluding Goodwill": 4610000.0,
        "Net Income From Continuing Operation Net Minority Interest": -13704000.0,
        "Reconciled Depreciation": 2059000.0,
        "Reconciled Cost Of Revenue": 5374000.0,
        "EBITDA": -16697000.0,
        "EBIT": -18756000.0,
        "Net Interest Income": 758000.0,
        "Interest Expense": NaN,
        "Interest Income": 758000.0,
        "Normalized Income": -17922150.0,
        "Net Income From Continuing And Discontinued Operation": -13704000.0,
        "Total Expenses": 34535000.0,
        "Total Operating Income As Reported": -18756000.0,
        "Diluted Average Shares": 65308830.0,
        "Basic Average Shares": 65308830.0,
        "Diluted EPS": -0.21,
        "Basic EPS": -0.21,
        "Diluted NI Availto Com Stockholders": -13704000.0,
        "Net Income Common Stockholders": -13704000.0,
        "Net Income": -13704000.0,
        "Net Income Including Noncontrolling Interests": -13704000.0,
        "Net Income Continuous Operations": -13704000.0,
        "Tax Provision": 316000.0,
        "Pretax Income": -13388000.0,
        "Other Income Expense": 4610000.0,
        "Gain On Sale Of Security": 4610000.0,
        "Net Non Operating Interest Income Expense": 758000.0,
        "Total Other Finance Cost": NaN,
        "Interest Expense Non Operating": NaN,
        "Interest Income Non Operating": 758000.0,
        "Operating Income": -18756000.0,
        "Operating Expense": 29161000.0,
        "Other Operating Expenses": -6000.0,
        "Research And Development": 9391000.0,
        "Selling General And Administration": 19776000.0,
        "Selling And Marketing Expense": 6951000.0,
        "General And Administrative Expense": 12825000.0,
        "Other Gand A": 12825000.0,
        "Gross Profit": 10405000.0,
        "Cost Of Revenue": 5374000.0,
        "Total Revenue": 15779000.0,
        "Operating Revenue": 15779000.0
    },
    "2024-06-30": {
        "Tax Effect Of Unusual Items": -40545.0,
        "Tax Rate For Calcs": 0.085,
        "Normalized EBITDA": -12491000.0,
        "Total Unusual Items": -477000.0,
        "Total Unusual Items Excluding Goodwill": -477000.0,
        "Net Income From Continuing Operation Net Minority Interest": -15193000.0,
        "Reconciled Depreciation": 2037000.0,
        "Reconciled Cost Of Revenue": 5032000.0,
        "EBITDA": -12968000.0,
        "EBIT": -15005000.0,
        "Net Interest Income": 450000.0,
        "Interest Expense": NaN,
        "Interest Income": 450000.0,
        "Normalized Income": -14756545.0,
        "Net Income From Continuing And Discontinued Operation": -15193000.0,
        "Total Expenses": 30813000.0,
        "Total Operating Income As Reported": -15005000.0,
        "Diluted Average Shares": 65916269.0,
        "Basic Average Shares": 65916269.0,
        "Diluted EPS": -0.23,
        "Basic EPS": -0.23,
        "Diluted NI Availto Com Stockholders": -15193000.0,
        "Net Income Common Stockholders": -15193000.0,
        "Net Income": -15193000.0,
        "Net Income Including Noncontrolling Interests": -15193000.0,
        "Net Income Continuous Operations": -15193000.0,
        "Tax Provision": 161000.0,
        "Pretax Income": -15032000.0,
        "Other Income Expense": -477000.0,
        "Gain On Sale Of Security": -477000.0,
        "Net Non Operating Interest Income Expense": 450000.0,
        "Total Other Finance Cost": NaN,
        "Interest Expense Non Operating": NaN,
        "Interest Income Non Operating": 450000.0,
        "Operating Income": -15005000.0,
        "Operating Expense": 25781000.0,
        "Other Operating Expenses": -18000.0,
        "Research And Development": 7958000.0,
        "Selling General And Administration": 17841000.0,
        "Selling And Marketing Expense": 7258000.0,
        "General And Administrative Expense": 10583000.0,
        "Other Gand A": 10583000.0,
        "Gross Profit": 10776000.0,
        "Cost Of Revenue": 5032000.0,
        "Total Revenue": 15808000.0,
        "Operating Revenue": 15808000.0
    },
    "2024-09-30": {
        "Tax Effect Of Unusual Items": -273020.0,
        "Tax Rate For Calcs": 0.085,
        "Normalized EBITDA": -9938000.0,
        "Total Unusual Items": -3212000.0,
        "Total Unusual Items Excluding Goodwill": -3212000.0,
        "Net Income From Continuing Operation Net Minority Interest": -18438000.0,
        "Reconciled Depreciation": 2213000.0,
        "Reconciled Cost Of Revenue": 5199000.0,
        "EBITDA": -13150000.0,
        "EBIT": -15363000.0,
        "Net Interest Income": 267000.0,
        "Interest Expense": NaN,
        "Interest Income": 267000.0,
        "Normalized Income": -15499020.0,
        "Net Income From Continuing And Discontinued Operation": -18438000.0,
        "Total Expenses": 31216000.0,
        "Total Operating Income As Reported": -15363000.0,
        "Diluted Average Shares": 66383160.0,
        "Basic Average Shares": 66383160.0,
        "Diluted EPS": -0.28,
        "Basic EPS": -0.28,
        "Diluted NI Availto Com Stockholders": -18438000.0,
        "Net Income Common Stockholders": -18438000.0,
        "Net Income": -18438000.0,
        "Net Income Including Noncontrolling Interests": -18438000.0,
        "Net Income Continuous Operations": -18438000.0,
        "Tax Provision": 130000.0,
        "Pretax Income": -18308000.0,
        "Other Income Expense": -3212000.0,
        "Gain On Sale Of Security": -3212000.0,
        "Net Non Operating Interest Income Expense": 267000.0,
        "Total Other Finance Cost": NaN,
        "Interest Expense Non Operating": NaN,
        "Interest Income Non Operating": 267000.0,
        "Operating Income": -15363000.0,
        "Operating Expense": 26017000.0,
        "Other Operating Expenses": -43000.0,
        "Research And Development": 7874000.0,
        "Selling General And Administration": 18186000.0,
        "Selling And Marketing Expense": 7306000.0,
        "General And Administrative Expense": 10880000.0,
        "Other Gand A": 10880000.0,
        "Gross Profit": 10654000.0,
        "Cost Of Revenue": 5199000.0,
        "Total Revenue": 15853000.0,
        "Operating Revenue": 15853000.0
    }
}