{
    "2022-06-30": {
        "Diluted EPS": 0.0,
        "Total Revenue": NaN,
        "Gross Profit": NaN,
        "Operating Income": NaN,
        "Net Income": NaN
    },
    "2018-12-31": {
        "Diluted EPS": 344.0,
        "Total Revenue": 18,
        "Gross Profit": 16,
        "Operating Income": -15,
        "EBIT": -15,
        "Net Income": -15
    },
    "2018-09-30": {
        "Diluted EPS": -85.0,
        "Total Revenue": 18,
        "Gross Profit": 15,
        "Operating Income": -12,
        "EBIT": -12,
        "Net Income": -11
    },
    "2018-06-30": {
        "Diluted EPS": -80.0,
        "Total Revenue": 23,
        "Gross Profit": 20,
        "Operating Income": -11,
        "EBIT": -11,
        "Net Income": -11
    },
    "2018-03-31": {
        "Diluted EPS": -230.0,
        "Total Revenue": 17,
        "Gross Profit": 13,
        "Operating Income": -30,
        "EBIT": -30,
        "Net Income": -30
    },
    "2017-12-31": {
        "Diluted EPS": 265.0,
        "Total Revenue": 40,
        "Gross Profit": 37,
        "Operating Income": -4,
        "EBIT": -4,
        "Net Income": -4
    },
    "2017-09-30": {
        "Diluted EPS": -35.0,
        "Total Revenue": 27,
        "Gross Profit": 24,
        "Operating Income": -4,
        "EBIT": -4,
        "Net Income": -4
    },
    "2017-06-30": {
        "Diluted EPS": -965.0,
        "Total Revenue": 15,
        "Gross Profit": 12,
        "Operating Income": -14,
        "EBIT": -14,
        "Net Income": -96
    },
    "2017-03-31": {
        "Diluted EPS": -505.0,
        "Total Revenue": 10,
        "Gross Profit": 7,
        "Operating Income": -15,
        "EBIT": -15,
        "Net Income": -17
    },
    "2016-12-31": {
        "Diluted EPS": 0.0,
        "Total Revenue": NaN,
        "Gross Profit": NaN,
        "Operating Income": NaN,
        "EBIT": NaN,
        "Net Income": NaN
    },
    "2016-06-30": {
        "Diluted EPS": -225.0,
        "Total Revenue": 14,
        "Gross Profit": 11,
        "Operating Income": -6,
        "EBIT": -6,
        "Net Income": -7
    },
    "2016-03-31": {
        "Diluted EPS": -355.0,
        "Total Revenue": 14,
        "Gross Profit": 10,
        "Operating Income": -10,
        "EBIT": -10,
        "Net Income": -12
    },
    "2015-12-31": {
        "Diluted EPS": 0.0,
        "Total Revenue": NaN,
        "Gross Profit": NaN,
        "Operating Income": NaN,
        "EBIT": NaN,
        "Net Income": NaN
    },
    "2014-12-31": {
        "Diluted EPS": 0.0,
        "Total Revenue": NaN,
        "Gross Profit": NaN,
        "Operating Income": NaN,
        "EBIT": NaN,
        "Net Income": NaN
    }
}