{
    "2023-06-30": {
        "Tax Effect Of Unusual Items": 6976443.377607,
        "Tax Rate For Calcs": 0.208327,
        "Total Unusual Items": 33488000.0,
        "Total Unusual Items Excluding Goodwill": 33488000.0,
        "Net Income From Continuing Operation Net Minority Interest": 29683000.0,
        "Reconciled Depreciation": 1542000.0,
        "Net Interest Income": 34581000.0,
        "Interest Expense": 16240000.0,
        "Interest Income": 50821000.0,
        "Normalized Income": 3171443.377607,
        "Net Income From Continuing And Discontinued Operation": 29683000.0,
        "Diluted Average Shares": 17386515.0,
        "Basic Average Shares": 17048432.0,
        "Diluted EPS": 1.71,
        "Basic EPS": 1.74,
        "Diluted NI Availto Com Stockholders": 29683000.0,
        "Net Income Common Stockholders": 29683000.0,
        "Net Income": 29683000.0,
        "Net Income Including Noncontrolling Interests": 29683000.0,
        "Net Income Continuous Operations": 29683000.0,
        "Tax Provision": 7811000.0,
        "Pretax Income": 37494000.0,
        "Special Income Charges": 33488000.0,
        "Gain On Sale Of Business": 33488000.0,
        "Gain On Sale Of Security": -3409000.0,
        "Selling General And Administration": 24221000.0,
        "Selling And Marketing Expense": 784000.0,
        "General And Administrative Expense": 23437000.0,
        "Salaries And Wages": 23437000.0,
        "Total Revenue": 43480000.0,
        "Operating Revenue": 43480000.0,
        "Occupancy And Equipment": 4303000.0,
        "Professional Expense And Contract Services Expense": 1716000.0,
        "Other Non Interest Expense": 5534000.0
    },
    "2023-03-31": {
        "Tax Effect Of Unusual Items": 0.0,
        "Tax Rate For Calcs": 0.205501,
        "Total Unusual Items": NaN,
        "Total Unusual Items Excluding Goodwill": NaN,
        "Net Income From Continuing Operation Net Minority Interest": 9244000.0,
        "Reconciled Depreciation": 1698000.0,
        "Net Interest Income": 34315000.0,
        "Interest Expense": 13133000.0,
        "Interest Income": 47448000.0,
        "Normalized Income": 9244000.0,
        "Net Income From Continuing And Discontinued Operation": 9244000.0,
        "Diluted Average Shares": 17560756.0,
        "Basic Average Shares": 17046713.0,
        "Diluted EPS": 0.53,
        "Basic EPS": 0.54,
        "Diluted NI Availto Com Stockholders": 9244000.0,
        "Net Income Common Stockholders": 9244000.0,
        "Net Income": 9244000.0,
        "Net Income Including Noncontrolling Interests": 9244000.0,
        "Net Income Continuous Operations": 9244000.0,
        "Tax Provision": 2391000.0,
        "Pretax Income": 11635000.0,
        "Special Income Charges": NaN,
        "Gain On Sale Of Business": NaN,
        "Gain On Sale Of Security": NaN,
        "Selling General And Administration": 20190000.0,
        "Selling And Marketing Expense": 936000.0,
        "General And Administrative Expense": 19254000.0,
        "Salaries And Wages": 19254000.0,
        "Total Revenue": 43654000.0,
        "Operating Revenue": 43654000.0,
        "Occupancy And Equipment": 3832000.0,
        "Professional Expense And Contract Services Expense": 1648000.0,
        "Other Non Interest Expense": 5339000.0
    },
    "2022-12-31": {
        "Tax Effect Of Unusual Items": 0.0,
        "Tax Rate For Calcs": 0.213253,
        "Total Unusual Items": NaN,
        "Total Unusual Items Excluding Goodwill": NaN,
        "Net Income From Continuing Operation Net Minority Interest": 12621000.0,
        "Reconciled Depreciation": 1688000.0,
        "Net Interest Income": 36322000.0,
        "Interest Expense": 9906000.0,
        "Interest Income": 46228000.0,
        "Normalized Income": 12621000.0,
        "Net Income From Continuing And Discontinued Operation": 12621000.0,
        "Diluted Average Shares": 17751674.0,
        "Basic Average Shares": 17007914.0,
        "Diluted EPS": 0.71,
        "Basic EPS": 0.74,
        "Diluted NI Availto Com Stockholders": 12621000.0,
        "Net Income Common Stockholders": 12621000.0,
        "Net Income": 12621000.0,
        "Net Income Including Noncontrolling Interests": 12621000.0,
        "Net Income Continuous Operations": 12621000.0,
        "Tax Provision": 3421000.0,
        "Pretax Income": 16042000.0,
        "Special Income Charges": NaN,
        "Gain On Sale Of Business": NaN,
        "Gain On Sale Of Security": NaN,
        "Selling General And Administration": 19926000.0,
        "Selling And Marketing Expense": 1223000.0,
        "General And Administrative Expense": 18703000.0,
        "Salaries And Wages": 18703000.0,
        "Total Revenue": 47672000.0,
        "Operating Revenue": 47672000.0
    },
    "2022-09-30": {
        "Tax Effect Of Unusual Items": NaN,
        "Tax Rate For Calcs": NaN,
        "Total Unusual Items": 0.0,
        "Total Unusual Items Excluding Goodwill": 0.0,
        "Net Income From Continuing Operation Net Minority Interest": NaN,
        "Reconciled Depreciation": NaN,
        "Net Interest Income": NaN,
        "Interest Expense": NaN,
        "Interest Income": NaN,
        "Normalized Income": NaN,
        "Net Income From Continuing And Discontinued Operation": NaN,
        "Diluted Average Shares": NaN,
        "Basic Average Shares": NaN,
        "Diluted EPS": NaN,
        "Basic EPS": NaN,
        "Diluted NI Availto Com Stockholders": NaN,
        "Net Income Common Stockholders": NaN,
        "Net Income": NaN,
        "Net Income Including Noncontrolling Interests": NaN,
        "Net Income Continuous Operations": NaN,
        "Tax Provision": NaN,
        "Pretax Income": NaN,
        "Special Income Charges": 0.0,
        "Gain On Sale Of Business": 0.0,
        "Gain On Sale Of Security": 0.0,
        "Selling General And Administration": NaN,
        "Selling And Marketing Expense": NaN,
        "General And Administrative Expense": NaN,
        "Salaries And Wages": NaN,
        "Total Revenue": NaN,
        "Operating Revenue": NaN
    },
    "2022-06-30": {
        "Tax Effect Of Unusual Items": 0.0,
        "Tax Rate For Calcs": 0.200682,
        "Total Unusual Items": NaN,
        "Total Unusual Items Excluding Goodwill": NaN,
        "Net Income From Continuing Operation Net Minority Interest": 15936000.0,
        "Reconciled Depreciation": 1803000.0,
        "Net Interest Income": 37105000.0,
        "Interest Expense": 3647000.0,
        "Interest Income": 40752000.0,
        "Normalized Income": 15936000.0,
        "Net Income From Continuing And Discontinued Operation": 15936000.0,
        "Diluted Average Shares": 18020548.0,
        "Basic Average Shares": 17490706.0,
        "Diluted EPS": 0.88,
        "Basic EPS": 0.91,
        "Diluted NI Availto Com Stockholders": 15936000.0,
        "Net Income Common Stockholders": 15936000.0,
        "Net Income": 15936000.0,
        "Net Income Including Noncontrolling Interests": 15936000.0,
        "Net Income Continuous Operations": 15936000.0,
        "Tax Provision": 4001000.0,
        "Pretax Income": 19937000.0,
        "Special Income Charges": NaN,
        "Gain On Sale Of Business": NaN,
        "Gain On Sale Of Security": NaN,
        "Selling General And Administration": 22695000.0,
        "Selling And Marketing Expense": 705000.0,
        "General And Administrative Expense": 21990000.0,
        "Other Gand A": 941000.0,
        "Salaries And Wages": 21990000.0,
        "Total Revenue": 55940000.0,
        "Operating Revenue": 55940000.0
    },
    "2022-03-31": {
        "Diluted EPS": 0.78,
        "Total Revenue": 57,
        "Gross Profit": 54,
        "Operating Income": 18,
        "EBIT": NaN,
        "Net Income": 14
    },
    "2021-12-31": {
        "Diluted EPS": 0.79,
        "Total Revenue": 58,
        "Gross Profit": 54,
        "Operating Income": 18,
        "EBIT": NaN,
        "Net Income": 15
    },
    "2021-09-30": {
        "Diluted EPS": 0.82,
        "Total Revenue": 60,
        "Gross Profit": 57,
        "Operating Income": 19,
        "EBIT": NaN,
        "Net Income": 15
    },
    "2021-06-30": {
        "Diluted EPS": 0.74,
        "Total Revenue": 55,
        "Gross Profit": 52,
        "Operating Income": 17,
        "EBIT": NaN,
        "Net Income": 14
    },
    "2021-03-31": {
        "Diluted EPS": 0.82,
        "Total Revenue": 59,
        "Gross Profit": 56,
        "Operating Income": 19,
        "EBIT": NaN,
        "Net Income": 15
    },
    "2020-12-31": {
        "Diluted EPS": 0.86,
        "Total Revenue": 60,
        "Gross Profit": 57,
        "Operating Income": 20,
        "EBIT": NaN,
        "Net Income": 16
    },
    "2020-09-30": {
        "Diluted EPS": 0.92,
        "Total Revenue": 66,
        "Gross Profit": 63,
        "Operating Income": 21,
        "EBIT": NaN,
        "Net Income": 17
    },
    "2020-06-30": {
        "Diluted EPS": 0.31,
        "Total Revenue": 59,
        "Gross Profit": 55,
        "Operating Income": 7,
        "EBIT": NaN,
        "Net Income": 6
    },
    "2020-03-31": {
        "Diluted EPS": 0.38,
        "Total Revenue": 55,
        "Gross Profit": 49,
        "Operating Income": 9,
        "EBIT": NaN,
        "Net Income": 7
    },
    "2019-12-31": {
        "Diluted EPS": 0.57,
        "Total Revenue": 52,
        "Gross Profit": 45,
        "Operating Income": 13,
        "EBIT": NaN,
        "Net Income": 10
    },
    "2019-09-30": {
        "Diluted EPS": 0.45,
        "Total Revenue": 48,
        "Gross Profit": 41,
        "Operating Income": 10,
        "EBIT": NaN,
        "Net Income": 8
    },
    "2019-06-30": {
        "Diluted EPS": 0.37,
        "Total Revenue": 46,
        "Gross Profit": 39,
        "Operating Income": 8,
        "EBIT": NaN,
        "Net Income": 6
    },
    "2019-03-31": {
        "Diluted EPS": 0.32,
        "Total Revenue": 44,
        "Gross Profit": 37,
        "Operating Income": 6,
        "EBIT": NaN,
        "Net Income": 5
    },
    "2018-12-31": {
        "Diluted EPS": 0.4,
        "Total Revenue": 46,
        "Gross Profit": 39,
        "Operating Income": 3,
        "EBIT": NaN,
        "Net Income": 6
    },
    "2018-09-30": {
        "Diluted EPS": 0.33,
        "Total Revenue": 44,
        "Gross Profit": 38,
        "Operating Income": 6,
        "EBIT": NaN,
        "Net Income": 5
    },
    "2018-06-30": {
        "Diluted EPS": 0.88,
        "Total Revenue": 41,
        "Gross Profit": 36,
        "Operating Income": 6,
        "EBIT": NaN,
        "Net Income": 13
    },
    "2018-03-31": {
        "Diluted EPS": 0.37,
        "Total Revenue": 39,
        "Gross Profit": 34,
        "Operating Income": 6,
        "EBIT": NaN,
        "Net Income": 6
    },
    "2017-12-31": {
        "Diluted EPS": 0.0,
        "Total Revenue": NaN,
        "Gross Profit": NaN,
        "Operating Income": NaN,
        "EBIT": NaN,
        "Net Income": NaN
    },
    "2023-09-30": {
        "Tax Effect Of Unusual Items": 62180.24102,
        "Tax Rate For Calcs": 0.214415,
        "Total Unusual Items": 290000.0,
        "Total Unusual Items Excluding Goodwill": 290000.0,
        "Net Income From Continuing Operation Net Minority Interest": 13494000.0,
        "Reconciled Depreciation": 1544000.0,
        "Net Interest Income": 35689000.0,
        "Interest Expense": 20839000.0,
        "Interest Income": 56528000.0,
        "Normalized Income": 13266180.24102,
        "Net Income From Continuing And Discontinued Operation": 13494000.0,
        "Diluted Average Shares": 17354182.0,
        "Basic Average Shares": 16842594.0,
        "Diluted EPS": 0.78,
        "Basic EPS": 0.8,
        "Diluted NI Availto Com Stockholders": 13494000.0,
        "Net Income Common Stockholders": 13494000.0,
        "Net Income": 13494000.0,
        "Net Income Including Noncontrolling Interests": 13494000.0,
        "Net Income Continuous Operations": 13494000.0,
        "Tax Provision": 3683000.0,
        "Pretax Income": 17177000.0,
        "Special Income Charges": 290000.0,
        "Gain On Sale Of Business": 290000.0,
        "Gain On Sale Of Security": 0.0,
        "Selling General And Administration": 19562000.0,
        "Selling And Marketing Expense": 853000.0,
        "General And Administrative Expense": 18709000.0,
        "Salaries And Wages": 18709000.0,
        "Total Revenue": 46225000.0,
        "Operating Revenue": 46225000.0,
        "Occupancy And Equipment": 4111000.0,
        "Professional Expense And Contract Services Expense": 1560000.0,
        "Other Non Interest Expense": 4805000.0
    },
    "2023-12-31": {
        "Tax Effect Of Unusual Items": 0.0,
        "Tax Rate For Calcs": 0.21257,
        "Total Unusual Items": 0.0,
        "Total Unusual Items Excluding Goodwill": 0.0,
        "Net Income From Continuing Operation Net Minority Interest": 10324000.0,
        "Reconciled Depreciation": 1628000.0,
        "Net Interest Income": 35162000.0,
        "Interest Expense": 22074000.0,
        "Interest Income": 57236000.0,
        "Normalized Income": 10324000.0,
        "Net Income From Continuing And Discontinued Operation": 10324000.0,
        "Diluted Average Shares": 17008892.0,
        "Basic Average Shares": 16443908.0,
        "Diluted EPS": 0.61,
        "Basic EPS": 0.63,
        "Diluted NI Availto Com Stockholders": 10324000.0,
        "Net Income Common Stockholders": 10324000.0,
        "Net Income": 10324000.0,
        "Net Income Including Noncontrolling Interests": 10324000.0,
        "Net Income Continuous Operations": 10324000.0,
        "Tax Provision": 2787000.0,
        "Pretax Income": 13111000.0,
        "Special Income Charges": 0.0,
        "Gain On Sale Of Business": 0.0,
        "Gain On Sale Of Security": 0.0,
        "Selling General And Administration": 18857000.0,
        "Selling And Marketing Expense": 880000.0,
        "General And Administrative Expense": 17977000.0,
        "Salaries And Wages": 17977000.0,
        "Total Revenue": 42870000.0,
        "Operating Revenue": 42870000.0,
        "Occupancy And Equipment": 3856000.0,
        "Professional Expense And Contract Services Expense": 1509000.0,
        "Other Non Interest Expense": 4937000.0
    },
    "2024-03-31": {
        "Tax Effect Of Unusual Items": 0.0,
        "Tax Rate For Calcs": 0.224228,
        "Total Unusual Items": NaN,
        "Total Unusual Items Excluding Goodwill": NaN,
        "Net Income From Continuing Operation Net Minority Interest": 10874000.0,
        "Reconciled Depreciation": 1625000.0,
        "Net Interest Income": 35368000.0,
        "Interest Expense": 23359000.0,
        "Interest Income": 58727000.0,
        "Normalized Income": 10874000.0,
        "Net Income From Continuing And Discontinued Operation": 10874000.0,
        "Diluted Average Shares": 16938857.0,
        "Basic Average Shares": 16429919.0,
        "Diluted EPS": 0.64,
        "Basic EPS": 0.66,
        "Diluted NI Availto Com Stockholders": 10874000.0,
        "Net Income Common Stockholders": 10874000.0,
        "Net Income": 10874000.0,
        "Net Income Including Noncontrolling Interests": 10874000.0,
        "Net Income Continuous Operations": 10874000.0,
        "Tax Provision": 3143000.0,
        "Pretax Income": 14017000.0,
        "Special Income Charges": NaN,
        "Gain On Sale Of Business": NaN,
        "Gain On Sale Of Security": NaN,
        "Selling General And Administration": 19742000.0,
        "Selling And Marketing Expense": 754000.0,
        "General And Administrative Expense": 18988000.0,
        "Salaries And Wages": 18988000.0,
        "Total Revenue": 45380000.0,
        "Operating Revenue": 45380000.0,
        "Occupancy And Equipment": 3920000.0,
        "Professional Expense And Contract Services Expense": 1483000.0,
        "Other Non Interest Expense": 5388000.0
    },
    "2024-06-30": {
        "Tax Effect Of Unusual Items": 0.0,
        "Tax Rate For Calcs": 0.218667,
        "Total Unusual Items": 0.0,
        "Total Unusual Items Excluding Goodwill": 0.0,
        "Net Income From Continuing Operation Net Minority Interest": 11134000.0,
        "Reconciled Depreciation": 1632000.0,
        "Net Interest Income": 35888000.0,
        "Interest Expense": 23320000.0,
        "Interest Income": 59208000.0,
        "Normalized Income": 11134000.0,
        "Net Income From Continuing And Discontinued Operation": 11134000.0,
        "Diluted Average Shares": 16932077.0,
        "Basic Average Shares": 16425360.0,
        "Diluted EPS": 0.66,
        "Basic EPS": 0.68,
        "Diluted NI Availto Com Stockholders": 11134000.0,
        "Net Income Common Stockholders": 11134000.0,
        "Net Income": 11134000.0,
        "Net Income Including Noncontrolling Interests": 11134000.0,
        "Net Income Continuous Operations": 11134000.0,
        "Tax Provision": 3116000.0,
        "Pretax Income": 14250000.0,
        "Special Income Charges": 0.0,
        "Gain On Sale Of Business": 0.0,
        "Gain On Sale Of Security": 0.0,
        "Selling General And Administration": 20059000.0,
        "Selling And Marketing Expense": 860000.0,
        "General And Administrative Expense": 19199000.0,
        "Salaries And Wages": 19199000.0,
        "Total Revenue": 47081000.0,
        "Operating Revenue": 47081000.0,
        "Occupancy And Equipment": 4029000.0,
        "Professional Expense And Contract Services Expense": 1738000.0,
        "Other Non Interest Expense": 5230000.0
    }
}