{
    "2023-03-31": {
        "Tax Effect Of Unusual Items": -1795500.0,
        "Tax Rate For Calcs": 0.14,
        "Normalized EBITDA": 4329000.0,
        "Total Unusual Items": -12825000.0,
        "Total Unusual Items Excluding Goodwill": -12825000.0,
        "Net Income From Continuing Operation Net Minority Interest": -53979000.0,
        "Reconciled Depreciation": 54132000.0,
        "Reconciled Cost Of Revenue": 179008000.0,
        "EBITDA": -8496000.0,
        "EBIT": -62628000.0,
        "Net Interest Income": 2640000.0,
        "Interest Expense": 0.0,
        "Interest Income": 2640000.0,
        "Normalized Income": -42949500.0,
        "Net Income From Continuing And Discontinued Operation": -56847000.0,
        "Total Expenses": 413010000.0,
        "Total Operating Income As Reported": -70262000.0,
        "Diluted Average Shares": 34727000.0,
        "Basic Average Shares": 34727000.0,
        "Diluted EPS": -1.64,
        "Basic EPS": -1.64,
        "Diluted NI Availto Com Stockholders": -56847000.0,
        "Net Income Common Stockholders": -56847000.0,
        "Net Income": -56847000.0,
        "Minority Interests": 0.0,
        "Net Income Including Noncontrolling Interests": -56847000.0,
        "Net Income Discontinuous Operations": -2868000.0,
        "Net Income Continuous Operations": -53979000.0,
        "Tax Provision": -8649000.0,
        "Pretax Income": -62628000.0,
        "Other Income Expense": -15555000.0,
        "Other Non Operating Income Expenses": 153000.0,
        "Special Income Charges": -20549000.0,
        "Other Special Charges": 51000.0,
        "Write Off": NaN,
        "Restructuring And Mergern Acquisition": 20498000.0,
        "Earnings From Equity Interest": -2883000.0,
        "Gain On Sale Of Security": 7724000.0,
        "Net Non Operating Interest Income Expense": 2640000.0,
        "Interest Expense Non Operating": 0.0,
        "Interest Income Non Operating": 2640000.0,
        "Operating Income": -49713000.0,
        "Operating Expense": 202869000.0,
        "Other Operating Expenses": NaN,
        "Depreciation Amortization Depletion Income Statement": 22999000.0,
        "Depreciation And Amortization In Income Statement": 22999000.0,
        "Selling General And Administration": 179870000.0,
        "Gross Profit": 153156000.0,
        "Cost Of Revenue": 210141000.0,
        "Total Revenue": 363297000.0,
        "Operating Revenue": 363297000.0
    },
    "2022-12-31": {
        "Tax Effect Of Unusual Items": -1485750.0,
        "Tax Rate For Calcs": 0.21,
        "Normalized EBITDA": -12287000.0,
        "Total Unusual Items": -7075000.0,
        "Total Unusual Items Excluding Goodwill": -7075000.0,
        "Net Income From Continuing Operation Net Minority Interest": -30281000.0,
        "Reconciled Depreciation": 29059000.0,
        "Reconciled Cost Of Revenue": 68727000.0,
        "EBITDA": -19362000.0,
        "EBIT": -48421000.0,
        "Net Interest Income": 2669000.0,
        "Interest Expense": 0.0,
        "Interest Income": 2669000.0,
        "Normalized Income": -24691750.0,
        "Net Income From Continuing And Discontinued Operation": 67584000.0,
        "Total Expenses": 202201000.0,
        "Total Operating Income As Reported": -49735000.0,
        "Diluted Average Shares": 34710000.0,
        "Basic Average Shares": 34684000.0,
        "Diluted EPS": 1.95,
        "Basic EPS": 1.95,
        "Diluted NI Availto Com Stockholders": 67584000.0,
        "Net Income Common Stockholders": 67584000.0,
        "Net Income": 67584000.0,
        "Minority Interests": -2973000.0,
        "Net Income Including Noncontrolling Interests": 70557000.0,
        "Net Income Discontinuous Operations": 97865000.0,
        "Net Income Continuous Operations": -27308000.0,
        "Tax Provision": -21113000.0,
        "Pretax Income": -48421000.0,
        "Other Income Expense": -8430000.0,
        "Other Non Operating Income Expenses": -1355000.0,
        "Special Income Charges": -7075000.0,
        "Other Special Charges": NaN,
        "Write Off": -1000000.0,
        "Restructuring And Mergern Acquisition": 8075000.0,
        "Earnings From Equity Interest": 0.0,
        "Gain On Sale Of Security": -2544000.0,
        "Net Non Operating Interest Income Expense": 2669000.0,
        "Interest Expense Non Operating": 0.0,
        "Interest Income Non Operating": 2669000.0,
        "Operating Income": -42660000.0,
        "Operating Expense": 111801000.0,
        "Other Operating Expenses": NaN,
        "Depreciation Amortization Depletion Income Statement": 7386000.0,
        "Depreciation And Amortization In Income Statement": 7386000.0,
        "Selling General And Administration": 104415000.0,
        "Gross Profit": 69141000.0,
        "Cost Of Revenue": 90400000.0,
        "Total Revenue": 159541000.0,
        "Operating Revenue": 159541000.0
    },
    "2022-09-30": {
        "Tax Effect Of Unusual Items": 1919600.0,
        "Tax Rate For Calcs": 0.4,
        "Normalized EBITDA": -6633000.0,
        "Total Unusual Items": 4799000.0,
        "Total Unusual Items Excluding Goodwill": 4799000.0,
        "Net Income From Continuing Operation Net Minority Interest": -44757000.0,
        "Reconciled Depreciation": 37535000.0,
        "Reconciled Cost Of Revenue": 246121000.0,
        "EBITDA": -1834000.0,
        "EBIT": -39369000.0,
        "Net Interest Income": 1787000.0,
        "Interest Expense": 2167000.0,
        "Interest Income": 3954000.0,
        "Normalized Income": -47636400.0,
        "Net Income From Continuing And Discontinued Operation": -44757000.0,
        "Total Expenses": 448066000.0,
        "Total Operating Income As Reported": -44848000.0,
        "Diluted Average Shares": 34403000.0,
        "Basic Average Shares": 34403000.0,
        "Diluted EPS": -1.3,
        "Basic EPS": -1.3,
        "Diluted NI Availto Com Stockholders": -44757000.0,
        "Net Income Common Stockholders": -44757000.0,
        "Net Income": -44757000.0,
        "Minority Interests": -714000.0,
        "Net Income Including Noncontrolling Interests": -44043000.0,
        "Net Income Discontinuous Operations": NaN,
        "Net Income Continuous Operations": -44043000.0,
        "Tax Provision": 2507000.0,
        "Pretax Income": -41536000.0,
        "Other Income Expense": 3525000.0,
        "Other Non Operating Income Expenses": 854000.0,
        "Special Income Charges": 2000000.0,
        "Other Special Charges": -2000000.0,
        "Write Off": NaN,
        "Impairment Of Capital Assets": -2000000.0,
        "Restructuring And Mergern Acquisition": NaN,
        "Earnings From Equity Interest": -2128000.0,
        "Gain On Sale Of Security": 2799000.0,
        "Net Non Operating Interest Income Expense": 1787000.0,
        "Interest Expense Non Operating": 2167000.0,
        "Interest Income Non Operating": 3954000.0,
        "Operating Income": -46848000.0,
        "Operating Expense": 194165000.0,
        "Other Operating Expenses": NaN,
        "Depreciation Amortization Depletion Income Statement": 29755000.0,
        "Depreciation And Amortization In Income Statement": 29755000.0,
        "Selling General And Administration": 164410000.0,
        "Gross Profit": 147317000.0,
        "Cost Of Revenue": 253901000.0,
        "Total Revenue": 401218000.0,
        "Operating Revenue": 401218000.0
    },
    "2022-06-30": {
        "Tax Effect Of Unusual Items": -5666654.502052,
        "Tax Rate For Calcs": 0.148148,
        "Normalized EBITDA": -38272000.0,
        "Total Unusual Items": -38250000.0,
        "Total Unusual Items Excluding Goodwill": -38250000.0,
        "Net Income From Continuing Operation Net Minority Interest": -99943000.0,
        "Reconciled Depreciation": 36027000.0,
        "Reconciled Cost Of Revenue": 284750000.0,
        "EBITDA": -76522000.0,
        "EBIT": -112549000.0,
        "Net Interest Income": -2021000.0,
        "Interest Expense": 3909000.0,
        "Interest Income": 1888000.0,
        "Normalized Income": -67359654.502052,
        "Net Income From Continuing And Discontinued Operation": -99943000.0,
        "Total Expenses": 507859000.0,
        "Total Operating Income As Reported": -56752000.0,
        "Diluted Average Shares": 34330000.0,
        "Basic Average Shares": 34330000.0,
        "Diluted EPS": -3.0,
        "Basic EPS": -3.0,
        "Diluted NI Availto Com Stockholders": -99943000.0,
        "Net Income Common Stockholders": -99943000.0,
        "Net Income": -99943000.0,
        "Minority Interests": -738000.0,
        "Net Income Including Noncontrolling Interests": -99205000.0,
        "Net Income Discontinuous Operations": NaN,
        "Net Income Continuous Operations": -99205000.0,
        "Tax Provision": -17253000.0,
        "Pretax Income": -116458000.0,
        "Other Income Expense": -60120000.0,
        "Other Non Operating Income Expenses": -21352000.0,
        "Special Income Charges": -38250000.0,
        "Other Special Charges": 35815000.0,
        "Write Off": 2435000.0,
        "Impairment Of Capital Assets": NaN,
        "Restructuring And Mergern Acquisition": 0.0,
        "Earnings From Equity Interest": -518000.0,
        "Gain On Sale Of Security": -21539000.0,
        "Net Non Operating Interest Income Expense": -2021000.0,
        "Interest Expense Non Operating": 3909000.0,
        "Interest Income Non Operating": 1888000.0,
        "Operating Income": -54317000.0,
        "Operating Expense": 223109000.0,
        "Depreciation Amortization Depletion Income Statement": 36027000.0,
        "Depreciation And Amortization In Income Statement": 36027000.0,
        "Selling General And Administration": 187082000.0,
        "Gross Profit": 168792000.0,
        "Cost Of Revenue": 284750000.0,
        "Total Revenue": 453542000.0,
        "Operating Revenue": 453542000.0
    },
    "2022-03-31": {
        "Diluted EPS": -0.51,
        "Total Revenue": 353,
        "Gross Profit": 155,
        "Operating Income": 1,
        "EBIT": 39,
        "Net Income": -17
    },
    "2021-12-31": {
        "Diluted EPS": 0.07,
        "Total Revenue": 516,
        "Gross Profit": 220,
        "Operating Income": 35,
        "EBIT": 74,
        "Net Income": 2
    },
    "2021-09-30": {
        "Diluted EPS": -2.32,
        "Total Revenue": 295,
        "Gross Profit": 129,
        "Operating Income": -83,
        "EBIT": -45,
        "Net Income": -79
    },
    "2021-06-30": {
        "Diluted EPS": -1.12,
        "Total Revenue": 261,
        "Gross Profit": 128,
        "Operating Income": -44,
        "EBIT": -13,
        "Net Income": -47
    },
    "2021-03-31": {
        "Diluted EPS": -0.79,
        "Total Revenue": 214,
        "Gross Profit": 104,
        "Operating Income": -39,
        "EBIT": 3,
        "Net Income": -18
    },
    "2020-12-31": {
        "Diluted EPS": -1.64,
        "Total Revenue": 169,
        "Gross Profit": 76,
        "Operating Income": -47,
        "EBIT": -20,
        "Net Income": -56
    },
    "2020-09-30": {
        "Diluted EPS": -1.05,
        "Total Revenue": 171,
        "Gross Profit": 71,
        "Operating Income": -59,
        "EBIT": -30,
        "Net Income": -36
    },
    "2020-06-30": {
        "Diluted EPS": 5.26,
        "Total Revenue": 9,
        "Gross Profit": -315,
        "Operating Income": -284,
        "EBIT": -259,
        "Net Income": 127
    },
    "2020-03-31": {
        "Diluted EPS": -5.62,
        "Total Revenue": 182,
        "Gross Profit": 57,
        "Operating Income": -156,
        "EBIT": -130,
        "Net Income": -135
    },
    "2019-12-31": {
        "Diluted EPS": 3.39,
        "Total Revenue": 394,
        "Gross Profit": 184,
        "Operating Income": 70,
        "EBIT": 97,
        "Net Income": 81
    },
    "2019-09-30": {
        "Diluted EPS": -2.33,
        "Total Revenue": 178,
        "Gross Profit": 46,
        "Operating Income": -68,
        "EBIT": -41,
        "Net Income": -56
    },
    "2019-06-30": {
        "Diluted EPS": 0.0,
        "Total Revenue": NaN,
        "Gross Profit": NaN,
        "Operating Income": NaN,
        "EBIT": NaN,
        "Net Income": NaN
    },
    "2018-06-30": {
        "Diluted EPS": 0.0,
        "Total Revenue": NaN,
        "Gross Profit": NaN,
        "Operating Income": NaN,
        "EBIT": NaN,
        "Net Income": NaN
    },
    "2023-06-30": {
        "Tax Effect Of Unusual Items": -336463.207146,
        "Tax Rate For Calcs": 0.338154,
        "Normalized EBITDA": 311160000.0,
        "Total Unusual Items": -995000.0,
        "Total Unusual Items Excluding Goodwill": -995000.0,
        "Net Income From Continuing Operation Net Minority Interest": 208154000.0,
        "Reconciled Depreciation": -9571000.0,
        "Reconciled Cost Of Revenue": -316724000.0,
        "EBITDA": 310165000.0,
        "EBIT": 319736000.0,
        "Net Interest Income": 1424000.0,
        "Interest Expense": 0.0,
        "Interest Income": 1424000.0,
        "Normalized Income": 208812536.792854,
        "Net Income From Continuing And Discontinued Operation": 536792000.0,
        "Total Expenses": -344010000.0,
        "Total Operating Income As Reported": -216636000.0,
        "Diluted Average Shares": 35232000.0,
        "Basic Average Shares": 34792000.0,
        "Diluted EPS": 15.24,
        "Basic EPS": 15.43,
        "Diluted NI Availto Com Stockholders": 536792000.0,
        "Net Income Common Stockholders": 536792000.0,
        "Net Income": 536792000.0,
        "Minority Interests": -3462000.0,
        "Net Income Including Noncontrolling Interests": 540254000.0,
        "Net Income Discontinuous Operations": 328638000.0,
        "Net Income Continuous Operations": 211616000.0,
        "Tax Provision": 108120000.0,
        "Pretax Income": 319736000.0,
        "Other Income Expense": 539963000.0,
        "Other Non Operating Income Expenses": -2860000.0,
        "Special Income Charges": 5015000.0,
        "Other Special Charges": NaN,
        "Write Off": NaN,
        "Restructuring And Mergern Acquisition": -6256000.0,
        "Earnings From Equity Interest": 543818000.0,
        "Gain On Sale Of Security": -6010000.0,
        "Net Non Operating Interest Income Expense": 1424000.0,
        "Interest Expense Non Operating": 0.0,
        "Interest Income Non Operating": 1424000.0,
        "Operating Income": -221651000.0,
        "Operating Expense": -27286000.0,
        "Other Operating Expenses": NaN,
        "Depreciation Amortization Depletion Income Statement": -37374000.0,
        "Depreciation And Amortization In Income Statement": -37374000.0,
        "Selling General And Administration": 10088000.0,
        "Gross Profit": -248937000.0,
        "Cost Of Revenue": -316724000.0,
        "Total Revenue": -565661000.0,
        "Operating Revenue": -565661000.0
    },
    "2023-09-30": {
        "Tax Effect Of Unusual Items": 12443760.0,
        "Tax Rate For Calcs": 0.21,
        "Normalized EBITDA": -111395000.0,
        "Total Unusual Items": 59256000.0,
        "Total Unusual Items Excluding Goodwill": 59256000.0,
        "Net Income From Continuing Operation Net Minority Interest": 67072000.0,
        "Reconciled Depreciation": 14259000.0,
        "Reconciled Cost Of Revenue": 84499000.0,
        "EBITDA": -52139000.0,
        "EBIT": -66398000.0,
        "Net Interest Income": 4378000.0,
        "Interest Expense": NaN,
        "Interest Income": 4378000.0,
        "Normalized Income": 20259760.0,
        "Net Income From Continuing And Discontinued Operation": 66425000.0,
        "Total Expenses": 184405000.0,
        "Total Operating Income As Reported": -69789000.0,
        "Diluted Average Shares": 35226000.0,
        "Basic Average Shares": 34911000.0,
        "Diluted EPS": 1.89,
        "Basic EPS": 1.9,
        "Diluted NI Availto Com Stockholders": 66425000.0,
        "Net Income Common Stockholders": 66425000.0,
        "Net Income": 66425000.0,
        "Minority Interests": 0.0,
        "Net Income Including Noncontrolling Interests": 66425000.0,
        "Net Income Discontinuous Operations": -647000.0,
        "Net Income Continuous Operations": 67072000.0,
        "Tax Provision": -90287000.0,
        "Pretax Income": -23215000.0,
        "Other Income Expense": 38805000.0,
        "Other Non Operating Income Expenses": -1424000.0,
        "Special Income Charges": 59256000.0,
        "Other Special Charges": -62647000.0,
        "Write Off": NaN,
        "Restructuring And Mergern Acquisition": 3391000.0,
        "Earnings From Equity Interest": -19027000.0,
        "Gain On Sale Of Security": NaN,
        "Net Non Operating Interest Income Expense": 4378000.0,
        "Interest Expense Non Operating": NaN,
        "Interest Income Non Operating": 4378000.0,
        "Operating Income": -66398000.0,
        "Operating Expense": 99906000.0,
        "Other Operating Expenses": -1497000.0,
        "Depreciation Amortization Depletion Income Statement": 14259000.0,
        "Depreciation And Amortization In Income Statement": 14259000.0,
        "Selling General And Administration": 87144000.0,
        "Gross Profit": 33508000.0,
        "Cost Of Revenue": 84499000.0,
        "Total Revenue": 118007000.0,
        "Operating Revenue": 118007000.0
    },
    "2023-12-31": {
        "Tax Effect Of Unusual Items": -4740880.0,
        "Tax Rate For Calcs": 0.04,
        "Normalized EBITDA": 43667000.0,
        "Total Unusual Items": -118522000.0,
        "Total Unusual Items Excluding Goodwill": -118522000.0,
        "Net Income From Continuing Operation Net Minority Interest": -173248000.0,
        "Reconciled Depreciation": 80031000.0,
        "Reconciled Cost Of Revenue": 159766000.0,
        "EBITDA": -74855000.0,
        "EBIT": -154886000.0,
        "Net Interest Income": -19902000.0,
        "Interest Expense": 25828000.0,
        "Interest Income": 5926000.0,
        "Normalized Income": -59466880.0,
        "Net Income From Continuing And Discontinued Operation": -173248000.0,
        "Total Expenses": 355317000.0,
        "Total Operating Income As Reported": -159682000.0,
        "Diluted Average Shares": 35309000.0,
        "Basic Average Shares": 35309000.0,
        "Diluted EPS": -4.91,
        "Basic EPS": -4.91,
        "Diluted NI Availto Com Stockholders": -173248000.0,
        "Net Income Common Stockholders": -173248000.0,
        "Net Income": -173248000.0,
        "Minority Interests": 0.0,
        "Net Income Including Noncontrolling Interests": -173248000.0,
        "Net Income Discontinuous Operations": 0.0,
        "Net Income Continuous Operations": -173248000.0,
        "Tax Provision": -7466000.0,
        "Pretax Income": -180714000.0,
        "Other Income Expense": -119652000.0,
        "Other Non Operating Income Expenses": -1130000.0,
        "Special Income Charges": -118522000.0,
        "Other Special Charges": NaN,
        "Write Off": 117235000.0,
        "Restructuring And Mergern Acquisition": 1287000.0,
        "Earnings From Equity Interest": 0.0,
        "Gain On Sale Of Security": NaN,
        "Net Non Operating Interest Income Expense": -19902000.0,
        "Interest Expense Non Operating": 25828000.0,
        "Interest Income Non Operating": 5926000.0,
        "Operating Income": -41160000.0,
        "Operating Expense": 195551000.0,
        "Other Operating Expenses": NaN,
        "Depreciation Amortization Depletion Income Statement": 80031000.0,
        "Depreciation And Amortization In Income Statement": 80031000.0,
        "Selling General And Administration": 115520000.0,
        "Gross Profit": 154391000.0,
        "Cost Of Revenue": 159766000.0,
        "Total Revenue": 314157000.0,
        "Operating Revenue": 314157000.0
    }
}