{
    "2023-04-30": {
        "Tax Effect Of Unusual Items": 0.0,
        "Tax Rate For Calcs": 0.21,
        "Normalized EBITDA": -156335000.0,
        "Net Income From Continuing Operation Net Minority Interest": -196420000.0,
        "Reconciled Depreciation": 24677000.0,
        "Reconciled Cost Of Revenue": 207235000.0,
        "EBITDA": -156335000.0,
        "EBIT": -181012000.0,
        "Net Interest Income": 13080000.0,
        "Interest Expense": 10858000.0,
        "Interest Income": 23938000.0,
        "Normalized Income": -196420000.0,
        "Net Income From Continuing And Discontinued Operation": -196420000.0,
        "Total Expenses": 958064000.0,
        "Total Operating Income As Reported": -206556000.0,
        "Diluted Average Shares": 164991000.0,
        "Basic Average Shares": NaN,
        "Diluted EPS": NaN,
        "Basic EPS": -1.19,
        "Diluted NI Availto Com Stockholders": -196420000.0,
        "Average Dilution Earnings": NaN,
        "Net Income Common Stockholders": -196420000.0,
        "Net Income": -196420000.0,
        "Net Income Including Noncontrolling Interests": -196420000.0,
        "Net Income Continuous Operations": -196420000.0,
        "Tax Provision": 4550000.0,
        "Pretax Income": -191870000.0,
        "Other Income Expense": 1606000.0,
        "Other Non Operating Income Expenses": 1606000.0,
        "Net Non Operating Interest Income Expense": 13080000.0,
        "Interest Expense Non Operating": 10858000.0,
        "Interest Income Non Operating": 23938000.0,
        "Operating Income": -206556000.0,
        "Operating Expense": 750829000.0,
        "Research And Development": 236952000.0,
        "Selling General And Administration": 513877000.0,
        "Selling And Marketing Expense": 406505000.0,
        "General And Administrative Expense": 107372000.0,
        "Other Gand A": 107372000.0,
        "Salaries And Wages": 426939000.0,
        "Gross Profit": 544273000.0,
        "Cost Of Revenue": 207235000.0,
        "Total Revenue": 751508000.0,
        "Operating Revenue": 751508000.0
    },
    "2023-01-31": {
        "Tax Effect Of Unusual Items": 0.0,
        "Tax Rate For Calcs": 0.21,
        "Normalized EBITDA": 302805000.0,
        "Net Income From Continuing Operation Net Minority Interest": 268792000.0,
        "Reconciled Depreciation": 26024000.0,
        "Reconciled Cost Of Revenue": 205283000.0,
        "EBITDA": 302805000.0,
        "EBIT": 276781000.0,
        "Net Interest Income": 1252000.0,
        "Interest Expense": 11230000.0,
        "Interest Income": 12482000.0,
        "Normalized Income": 268792000.0,
        "Net Income From Continuing And Discontinued Operation": 268792000.0,
        "Total Expenses": 985034000.0,
        "Total Operating Income As Reported": 266071000.0,
        "Diluted Average Shares": 187002000.0,
        "Basic Average Shares": 164262000.0,
        "Diluted EPS": 1.44,
        "Basic EPS": 1.64,
        "Diluted NI Availto Com Stockholders": 268792000.0,
        "Average Dilution Earnings": NaN,
        "Net Income Common Stockholders": 268792000.0,
        "Net Income": 268792000.0,
        "Net Income Including Noncontrolling Interests": 268792000.0,
        "Net Income Continuous Operations": 268792000.0,
        "Tax Provision": -3241000.0,
        "Pretax Income": 265551000.0,
        "Other Income Expense": -1772000.0,
        "Other Non Operating Income Expenses": -1772000.0,
        "Net Non Operating Interest Income Expense": 1252000.0,
        "Interest Expense Non Operating": 11230000.0,
        "Interest Income Non Operating": 12482000.0,
        "Operating Income": 266071000.0,
        "Operating Expense": 779751000.0,
        "Research And Development": 243027000.0,
        "Selling General And Administration": 536724000.0,
        "Selling And Marketing Expense": 427589000.0,
        "General And Administrative Expense": 109135000.0,
        "Other Gand A": 109135000.0,
        "Salaries And Wages": NaN,
        "Gross Profit": 1045822000.0,
        "Cost Of Revenue": 205283000.0,
        "Total Revenue": 1251105000.0,
        "Operating Revenue": 1251105000.0
    },
    "2022-10-31": {
        "Tax Effect Of Unusual Items": 0.0,
        "Tax Rate For Calcs": 0.21,
        "Normalized EBITDA": 8457000.0,
        "Net Income From Continuing Operation Net Minority Interest": -32620000.0,
        "Reconciled Depreciation": 25494000.0,
        "Reconciled Cost Of Revenue": 201765000.0,
        "EBITDA": 8457000.0,
        "EBIT": -17037000.0,
        "Net Interest Income": -4528000.0,
        "Interest Expense": 11228000.0,
        "Interest Income": 6700000.0,
        "Normalized Income": -32620000.0,
        "Net Income From Continuing And Discontinued Operation": -32620000.0,
        "Total Expenses": 949561000.0,
        "Total Operating Income As Reported": -19792000.0,
        "Diluted Average Shares": 163044000.0,
        "Basic Average Shares": 163044000.0,
        "Diluted EPS": -0.2,
        "Basic EPS": -0.2,
        "Diluted NI Availto Com Stockholders": -32620000.0,
        "Average Dilution Earnings": 0.0,
        "Net Income Common Stockholders": -32620000.0,
        "Net Income": -32620000.0,
        "Net Income Including Noncontrolling Interests": -32620000.0,
        "Net Income Continuous Operations": -32620000.0,
        "Tax Provision": 4355000.0,
        "Pretax Income": -28265000.0,
        "Other Income Expense": -3945000.0,
        "Other Non Operating Income Expenses": -3945000.0,
        "Net Non Operating Interest Income Expense": -4528000.0,
        "Interest Expense Non Operating": 11228000.0,
        "Interest Income Non Operating": 6700000.0,
        "Operating Income": -19792000.0,
        "Operating Expense": 747796000.0,
        "Research And Development": 241395000.0,
        "Selling General And Administration": 506401000.0,
        "Selling And Marketing Expense": 388094000.0,
        "General And Administrative Expense": 118307000.0,
        "Other Gand A": 118307000.0,
        "Salaries And Wages": NaN,
        "Gross Profit": 728004000.0,
        "Cost Of Revenue": 201765000.0,
        "Total Revenue": 929769000.0,
        "Operating Revenue": 929769000.0
    },
    "2022-07-31": {
        "Tax Effect Of Unusual Items": 0.0,
        "Tax Rate For Calcs": 0.4,
        "Normalized EBITDA": -164233000.0,
        "Net Income From Continuing Operation Net Minority Interest": -209712000.0,
        "Reconciled Depreciation": 24631000.0,
        "Reconciled Cost Of Revenue": 206791000.0,
        "EBITDA": -164233000.0,
        "EBIT": -188864000.0,
        "Net Interest Income": -8058000.0,
        "Interest Expense": 12905000.0,
        "Interest Income": 4847000.0,
        "Normalized Income": -209712000.0,
        "Net Income From Continuing And Discontinued Operation": -209712000.0,
        "Total Expenses": 988851000.0,
        "Total Operating Income As Reported": -190098000.0,
        "Diluted Average Shares": 161787000.0,
        "Basic Average Shares": 161787000.0,
        "Diluted EPS": -1.3,
        "Basic EPS": -1.3,
        "Diluted NI Availto Com Stockholders": -209712000.0,
        "Net Income Common Stockholders": -209712000.0,
        "Net Income": -209712000.0,
        "Net Income Including Noncontrolling Interests": -209712000.0,
        "Net Income Continuous Operations": -209712000.0,
        "Tax Provision": 7943000.0,
        "Pretax Income": -201769000.0,
        "Other Income Expense": -3613000.0,
        "Other Non Operating Income Expenses": -3613000.0,
        "Net Non Operating Interest Income Expense": -8058000.0,
        "Interest Expense Non Operating": 12905000.0,
        "Interest Income Non Operating": 4847000.0,
        "Operating Income": -190098000.0,
        "Operating Expense": 782060000.0,
        "Research And Development": 257057000.0,
        "Selling General And Administration": 525003000.0,
        "Selling And Marketing Expense": 410622000.0,
        "General And Administrative Expense": 114381000.0,
        "Other Gand A": 114381000.0,
        "Salaries And Wages": NaN,
        "Gross Profit": 591962000.0,
        "Cost Of Revenue": 206791000.0,
        "Total Revenue": 798753000.0,
        "Operating Revenue": 798753000.0
    },
    "2022-04-30": {
        "Diluted EPS": -1.9,
        "Total Revenue": 674,
        "Gross Profit": 472,
        "Operating Income": -292,
        "EBIT": -240,
        "Net Income": -304
    },
    "2022-01-31": {
        "Diluted EPS": -0.92,
        "Total Revenue": 901,
        "Gross Profit": 711,
        "Operating Income": -79,
        "EBIT": 22,
        "Net Income": -141
    },
    "2021-10-31": {
        "Diluted EPS": -2.14,
        "Total Revenue": 665,
        "Gross Profit": 476,
        "Operating Income": -288,
        "EBIT": -191,
        "Net Income": -343
    },
    "2021-07-31": {
        "Diluted EPS": -2.34,
        "Total Revenue": 606,
        "Gross Profit": 422,
        "Operating Income": -344,
        "EBIT": -253,
        "Net Income": -384
    },
    "2021-04-30": {
        "Diluted EPS": -2.89,
        "Total Revenue": 502,
        "Gross Profit": 330,
        "Operating Income": -435,
        "EBIT": -341,
        "Net Income": -471
    },
    "2021-01-31": {
        "Diluted EPS": -0.84,
        "Total Revenue": 745,
        "Gross Profit": 595,
        "Operating Income": -87,
        "EBIT": 10,
        "Net Income": -140
    },
    "2020-10-31": {
        "Diluted EPS": -1.26,
        "Total Revenue": 559,
        "Gross Profit": 422,
        "Operating Income": -166,
        "EBIT": -76,
        "Net Income": -202
    },
    "2020-07-31": {
        "Diluted EPS": -1.64,
        "Total Revenue": 492,
        "Gross Profit": 360,
        "Operating Income": -239,
        "EBIT": -159,
        "Net Income": -261
    },
    "2020-04-30": {
        "Diluted EPS": -1.94,
        "Total Revenue": 434,
        "Gross Profit": 305,
        "Operating Income": -289,
        "EBIT": -221,
        "Net Income": -306
    },
    "2020-01-31": {
        "Diluted EPS": -0.13,
        "Total Revenue": 791,
        "Gross Profit": 663,
        "Operating Income": -8,
        "EBIT": 64,
        "Net Income": -23
    },
    "2019-10-31": {
        "Diluted EPS": -0.38,
        "Total Revenue": 626,
        "Gross Profit": 519,
        "Operating Income": -47,
        "EBIT": 13,
        "Net Income": -58
    },
    "2019-07-31": {
        "Diluted EPS": -0.67,
        "Total Revenue": 517,
        "Gross Profit": 418,
        "Operating Income": -87,
        "EBIT": -29,
        "Net Income": -101
    },
    "2019-04-30": {
        "Diluted EPS": -1.04,
        "Total Revenue": 425,
        "Gross Profit": 329,
        "Operating Income": -145,
        "EBIT": -83,
        "Net Income": -155
    },
    "2019-01-31": {
        "Diluted EPS": 0.03,
        "Total Revenue": 622,
        "Gross Profit": 528,
        "Operating Income": 24,
        "EBIT": 80,
        "Net Income": 2
    },
    "2018-10-31": {
        "Diluted EPS": -0.38,
        "Total Revenue": 481,
        "Gross Profit": 392,
        "Operating Income": -50,
        "EBIT": -5,
        "Net Income": -56
    },
    "2018-07-31": {
        "Diluted EPS": -0.71,
        "Total Revenue": 388,
        "Gross Profit": 305,
        "Operating Income": -104,
        "EBIT": -74,
        "Net Income": -103
    },
    "2018-04-30": {
        "Diluted EPS": -0.83,
        "Total Revenue": 312,
        "Gross Profit": 234,
        "Operating Income": -121,
        "EBIT": -94,
        "Net Income": -118
    },
    "2018-01-31": {
        "Diluted EPS": 0.26,
        "Total Revenue": 460,
        "Gross Profit": 385,
        "Operating Income": 34,
        "EBIT": 59,
        "Net Income": 33
    },
    "2017-10-31": {
        "Diluted EPS": -0.21,
        "Total Revenue": 342,
        "Gross Profit": 278,
        "Operating Income": -30,
        "EBIT": -8,
        "Net Income": -30
    },
    "2017-07-31": {
        "Diluted EPS": -0.57,
        "Total Revenue": 280,
        "Gross Profit": 220,
        "Operating Income": -77,
        "EBIT": -56,
        "Net Income": -79
    },
    "2017-04-30": {
        "Diluted EPS": -0.84,
        "Total Revenue": 227,
        "Gross Profit": 169,
        "Operating Income": -113,
        "EBIT": -93,
        "Net Income": -115
    },
    "2017-01-31": {
        "Diluted EPS": -0.48,
        "Total Revenue": 300,
        "Gross Profit": 242,
        "Operating Income": -63,
        "EBIT": -17,
        "Net Income": -66
    },
    "2016-10-31": {
        "Diluted EPS": -0.69,
        "Total Revenue": 245,
        "Gross Profit": 196,
        "Operating Income": -91,
        "EBIT": -83,
        "Net Income": -93
    },
    "2016-07-31": {
        "Diluted EPS": -0.65,
        "Total Revenue": 213,
        "Gross Profit": 168,
        "Operating Income": -84,
        "EBIT": -75,
        "Net Income": -87
    },
    "2016-04-30": {
        "Diluted EPS": -0.77,
        "Total Revenue": 186,
        "Gross Profit": 146,
        "Operating Income": -98,
        "EBIT": -92,
        "Net Income": -101
    },
    "2016-01-31": {
        "Diluted EPS": -0.62,
        "Total Revenue": 220,
        "Gross Profit": 185,
        "Operating Income": -79,
        "EBIT": -73,
        "Net Income": -79
    },
    "2015-10-31": {
        "Diluted EPS": -0.57,
        "Total Revenue": 174,
        "Gross Profit": 144,
        "Operating Income": -72,
        "EBIT": -67,
        "Net Income": -73
    },
    "2015-07-31": {
        "Diluted EPS": -0.44,
        "Total Revenue": 148,
        "Gross Profit": 123,
        "Operating Income": -66,
        "EBIT": -61,
        "Net Income": -55
    },
    "2015-04-30": {
        "Diluted EPS": -0.57,
        "Total Revenue": 126,
        "Gross Profit": 103,
        "Operating Income": -71,
        "EBIT": -68,
        "Net Income": -71
    },
    "2015-01-31": {
        "Diluted EPS": -0.47,
        "Total Revenue": 147,
        "Gross Profit": 126,
        "Operating Income": -57,
        "EBIT": -54,
        "Net Income": -57
    },
    "2014-10-31": {
        "Diluted EPS": -0.4,
        "Total Revenue": 116,
        "Gross Profit": 98,
        "Operating Income": -48,
        "EBIT": -45,
        "Net Income": -49
    },
    "2014-07-31": {
        "Diluted EPS": -0.51,
        "Total Revenue": 102,
        "Gross Profit": 86,
        "Operating Income": -60,
        "EBIT": -57,
        "Net Income": -61
    },
    "2014-04-30": {
        "Diluted EPS": -0.43,
        "Total Revenue": 86,
        "Gross Profit": 72,
        "Operating Income": -50,
        "EBIT": -47,
        "Net Income": -51
    },
    "2014-01-31": {
        "Diluted EPS": -0.3,
        "Total Revenue": 100,
        "Gross Profit": 89,
        "Operating Income": -32,
        "EBIT": -30,
        "Net Income": -33
    },
    "2013-10-31": {
        "Diluted EPS": -0.16,
        "Total Revenue": 79,
        "Gross Profit": 68,
        "Operating Income": -17,
        "EBIT": -15,
        "Net Income": -17
    },
    "2013-07-31": {
        "Diluted EPS": -0.13,
        "Total Revenue": 67,
        "Gross Profit": 59,
        "Operating Income": -13,
        "EBIT": -12,
        "Net Income": -14
    },
    "2013-04-30": {
        "Diluted EPS": -0.16,
        "Total Revenue": 57,
        "Gross Profit": 51,
        "Operating Income": -16,
        "EBIT": -14,
        "Net Income": -16
    },
    "2013-01-31": {
        "Diluted EPS": 0.36,
        "Total Revenue": 65,
        "Gross Profit": 59,
        "Operating Income": -6,
        "EBIT": -5,
        "Net Income": -6
    },
    "2012-10-31": {
        "Diluted EPS": -0.06,
        "Total Revenue": 52,
        "Gross Profit": 46,
        "Operating Income": -5,
        "EBIT": -4,
        "Net Income": -5
    },
    "2012-07-31": {
        "Diluted EPS": -0.05,
        "Total Revenue": 44,
        "Gross Profit": 40,
        "Operating Income": -5,
        "EBIT": -3,
        "Net Income": -5
    },
    "2012-04-30": {
        "Diluted EPS": -0.71,
        "Total Revenue": 37,
        "Gross Profit": 33,
        "Operating Income": -6,
        "EBIT": -5,
        "Net Income": -20
    },
    "2012-01-31": {
        "Diluted EPS": -0.06,
        "Total Revenue": 43,
        "Gross Profit": 40,
        "Operating Income": -1,
        "EBIT": 0,
        "Net Income": -1
    },
    "2011-10-31": {
        "Diluted EPS": -0.17,
        "Total Revenue": 31,
        "Gross Profit": 28,
        "Operating Income": -3,
        "EBIT": -2,
        "Net Income": -4
    },
    "2011-07-31": {
        "Diluted EPS": -0.2,
        "Total Revenue": 26,
        "Gross Profit": 23,
        "Operating Income": -3,
        "EBIT": -3,
        "Net Income": -4
    },
    "2011-04-30": {
        "Diluted EPS": -0.12,
        "Total Revenue": 21,
        "Gross Profit": 19,
        "Operating Income": -2,
        "EBIT": -1,
        "Net Income": -2
    },
    "2011-01-31": {
        "Diluted EPS": 0.0,
        "Total Revenue": NaN,
        "Gross Profit": NaN,
        "Operating Income": NaN,
        "EBIT": NaN,
        "Net Income": NaN
    },
    "2010-01-31": {
        "Diluted EPS": 0.0,
        "Total Revenue": NaN,
        "Gross Profit": NaN,
        "Operating Income": NaN,
        "EBIT": NaN,
        "Net Income": NaN
    },
    "2023-07-31": {
        "Tax Effect Of Unusual Items": 0.0,
        "Tax Rate For Calcs": 0.21,
        "Normalized EBITDA": -23007000.0,
        "Net Income From Continuing Operation Net Minority Interest": -63248000.0,
        "Reconciled Depreciation": 22268000.0,
        "Reconciled Cost Of Revenue": 211903000.0,
        "EBITDA": -23007000.0,
        "EBIT": -45275000.0,
        "Net Interest Income": 17443000.0,
        "Interest Expense": 11243000.0,
        "Interest Income": 28686000.0,
        "Normalized Income": -63248000.0,
        "Net Income From Continuing And Discontinued Operation": -63248000.0,
        "Total Expenses": 979106000.0,
        "Total Operating Income As Reported": -68521000.0,
        "Diluted Average Shares": NaN,
        "Basic Average Shares": 166459000.0,
        "Diluted EPS": -0.38,
        "Basic EPS": NaN,
        "Diluted NI Availto Com Stockholders": -63248000.0,
        "Average Dilution Earnings": NaN,
        "Net Income Common Stockholders": -63248000.0,
        "Net Income": -63248000.0,
        "Net Income Including Noncontrolling Interests": -63248000.0,
        "Net Income Continuous Operations": -63248000.0,
        "Tax Provision": 6730000.0,
        "Pretax Income": -56518000.0,
        "Other Income Expense": -5440000.0,
        "Other Non Operating Income Expenses": -5440000.0,
        "Net Non Operating Interest Income Expense": 17443000.0,
        "Interest Expense Non Operating": 11243000.0,
        "Interest Income Non Operating": 28686000.0,
        "Operating Income": -68521000.0,
        "Operating Expense": 767203000.0,
        "Research And Development": 239099000.0,
        "Selling General And Administration": 528104000.0,
        "Selling And Marketing Expense": 421635000.0,
        "General And Administrative Expense": 106469000.0,
        "Other Gand A": 106469000.0,
        "Salaries And Wages": 92357000.0,
        "Gross Profit": 698682000.0,
        "Cost Of Revenue": 211903000.0,
        "Total Revenue": 910585000.0,
        "Operating Revenue": 910585000.0
    },
    "2023-10-31": {
        "Tax Effect Of Unusual Items": 0.0,
        "Tax Rate For Calcs": 0.0631,
        "Normalized EBITDA": 135985000.0,
        "Net Income From Continuing Operation Net Minority Interest": 96853000.0,
        "Reconciled Depreciation": 22065000.0,
        "Reconciled Cost Of Revenue": 209973000.0,
        "EBITDA": 135985000.0,
        "EBIT": 113920000.0,
        "Net Interest Income": 16175000.0,
        "Interest Expense": 10544000.0,
        "Interest Income": 26719000.0,
        "Normalized Income": 96853000.0,
        "Net Income From Continuing And Discontinued Operation": 96853000.0,
        "Total Expenses": 984588000.0,
        "Total Operating Income As Reported": 82767000.0,
        "Diluted Average Shares": NaN,
        "Basic Average Shares": NaN,
        "Diluted EPS": NaN,
        "Basic EPS": NaN,
        "Diluted NI Availto Com Stockholders": 103114000.0,
        "Average Dilution Earnings": 6261000.0,
        "Net Income Common Stockholders": 96853000.0,
        "Net Income": 96853000.0,
        "Net Income Including Noncontrolling Interests": 96853000.0,
        "Net Income Continuous Operations": 96853000.0,
        "Tax Provision": 6523000.0,
        "Pretax Income": 103376000.0,
        "Other Income Expense": 4434000.0,
        "Other Non Operating Income Expenses": 4434000.0,
        "Net Non Operating Interest Income Expense": 16175000.0,
        "Interest Expense Non Operating": 10544000.0,
        "Interest Income Non Operating": 26719000.0,
        "Operating Income": 82767000.0,
        "Operating Expense": 774615000.0,
        "Research And Development": 232541000.0,
        "Selling General And Administration": 542074000.0,
        "Selling And Marketing Expense": 403584000.0,
        "General And Administrative Expense": 138490000.0,
        "Other Gand A": 138490000.0,
        "Salaries And Wages": NaN,
        "Gross Profit": 857382000.0,
        "Cost Of Revenue": 209973000.0,
        "Total Revenue": 1067355000.0,
        "Operating Revenue": 1067355000.0
    }
}