{
    "2023-03-31": {
        "Tax Effect Of Unusual Items": 0.0,
        "Tax Rate For Calcs": 0.188178,
        "Normalized EBITDA": 24303000.0,
        "Net Income From Continuing Operation Net Minority Interest": 14196000.0,
        "Reconciled Depreciation": 5410000.0,
        "Reconciled Cost Of Revenue": 71692000.0,
        "EBITDA": 24303000.0,
        "EBIT": 18893000.0,
        "Net Interest Income": -1197000.0,
        "Interest Expense": NaN,
        "Normalized Income": 14196000.0,
        "Net Income From Continuing And Discontinued Operation": 14196000.0,
        "Total Expenses": 105828000.0,
        "Total Operating Income As Reported": 18893000.0,
        "Diluted Average Shares": 55570000.0,
        "Basic Average Shares": 55156000.0,
        "Diluted EPS": 0.26,
        "Basic EPS": 0.26,
        "Diluted NI Availto Com Stockholders": 14196000.0,
        "Net Income Common Stockholders": 14196000.0,
        "Net Income": 14196000.0,
        "Minority Interests": -170000.0,
        "Net Income Including Noncontrolling Interests": 14366000.0,
        "Net Income Continuous Operations": 14366000.0,
        "Tax Provision": 3330000.0,
        "Pretax Income": 17696000.0,
        "Net Non Operating Interest Income Expense": -1197000.0,
        "Total Other Finance Cost": 1197000.0,
        "Interest Expense Non Operating": NaN,
        "Operating Income": 18893000.0,
        "Operating Expense": 34136000.0,
        "Research And Development": 15617000.0,
        "Selling General And Administration": 18519000.0,
        "Gross Profit": 53029000.0,
        "Cost Of Revenue": 71692000.0,
        "Total Revenue": 124721000.0,
        "Operating Revenue": 124721000.0
    },
    "2022-12-31": {
        "Tax Effect Of Unusual Items": 0.0,
        "Tax Rate For Calcs": 0.243259,
        "Normalized EBITDA": 16481000.0,
        "Net Income From Continuing Operation Net Minority Interest": 13367000.0,
        "Reconciled Depreciation": 5595000.0,
        "Reconciled Cost Of Revenue": 69158000.0,
        "EBITDA": 16481000.0,
        "EBIT": 16481000.0,
        "Net Interest Income": 1097000.0,
        "Interest Expense": -611000.0,
        "Normalized Income": 13367000.0,
        "Net Income From Continuing And Discontinued Operation": 13367000.0,
        "Total Expenses": 102982000.0,
        "Total Operating Income As Reported": 16481000.0,
        "Diluted Average Shares": 55521000.0,
        "Basic Average Shares": 55140000.0,
        "Diluted EPS": 0.24,
        "Basic EPS": 0.24,
        "Diluted NI Availto Com Stockholders": 13367000.0,
        "Net Income Common Stockholders": 13367000.0,
        "Net Income": 13367000.0,
        "Minority Interests": 65000.0,
        "Net Income Including Noncontrolling Interests": 13302000.0,
        "Net Income Continuous Operations": 13302000.0,
        "Tax Provision": 4276000.0,
        "Pretax Income": 17578000.0,
        "Net Non Operating Interest Income Expense": 1097000.0,
        "Total Other Finance Cost": -1097000.0,
        "Interest Expense Non Operating": -611000.0,
        "Operating Income": 16481000.0,
        "Operating Expense": 33824000.0,
        "Research And Development": 15251000.0,
        "Selling General And Administration": 18573000.0,
        "Gross Profit": 50305000.0,
        "Cost Of Revenue": 69158000.0,
        "Total Revenue": 119463000.0,
        "Operating Revenue": 119463000.0
    },
    "2022-09-30": {
        "Tax Effect Of Unusual Items": 0.0,
        "Tax Rate For Calcs": 0.173921,
        "Normalized EBITDA": 22202000.0,
        "Net Income From Continuing Operation Net Minority Interest": 13393000.0,
        "Reconciled Depreciation": 5650000.0,
        "Reconciled Cost Of Revenue": 68721000.0,
        "EBITDA": 22202000.0,
        "EBIT": 16552000.0,
        "Net Interest Income": 82000.0,
        "Interest Expense": NaN,
        "Interest Income": 82000.0,
        "Normalized Income": 13393000.0,
        "Net Income From Continuing And Discontinued Operation": 13393000.0,
        "Total Expenses": 102444000.0,
        "Total Operating Income As Reported": 16552000.0,
        "Diluted Average Shares": 55581000.0,
        "Basic Average Shares": 55124000.0,
        "Diluted EPS": 0.24,
        "Basic EPS": 0.25,
        "Diluted NI Availto Com Stockholders": 13393000.0,
        "Net Income Common Stockholders": 13393000.0,
        "Net Income": 13393000.0,
        "Minority Interests": -348000.0,
        "Net Income Including Noncontrolling Interests": 13741000.0,
        "Net Income Continuous Operations": 13741000.0,
        "Tax Provision": 2893000.0,
        "Pretax Income": 16634000.0,
        "Net Non Operating Interest Income Expense": 82000.0,
        "Total Other Finance Cost": NaN,
        "Interest Expense Non Operating": NaN,
        "Interest Income Non Operating": 82000.0,
        "Operating Income": 16552000.0,
        "Operating Expense": 33723000.0,
        "Research And Development": 14804000.0,
        "Selling General And Administration": 18919000.0,
        "Gross Profit": 50275000.0,
        "Cost Of Revenue": 68721000.0,
        "Total Revenue": 118996000.0,
        "Operating Revenue": 118996000.0
    },
    "2022-06-30": {
        "Tax Effect Of Unusual Items": 0.0,
        "Tax Rate For Calcs": 0.173925,
        "Normalized EBITDA": 22018000.0,
        "Net Income From Continuing Operation Net Minority Interest": 11910000.0,
        "Reconciled Depreciation": 5108000.0,
        "Reconciled Cost Of Revenue": 68416000.0,
        "EBITDA": 22018000.0,
        "EBIT": 16910000.0,
        "Net Interest Income": -2467000.0,
        "Interest Expense": NaN,
        "Interest Income": NaN,
        "Normalized Income": 11910000.0,
        "Net Income From Continuing And Discontinued Operation": 11910000.0,
        "Total Expenses": 101672000.0,
        "Total Operating Income As Reported": 16910000.0,
        "Diluted Average Shares": 55572000.0,
        "Basic Average Shares": 55110000.0,
        "Diluted EPS": 0.21,
        "Basic EPS": 0.22,
        "Diluted NI Availto Com Stockholders": 11910000.0,
        "Net Income Common Stockholders": 11910000.0,
        "Net Income": 11910000.0,
        "Minority Interests": -21000.0,
        "Net Income Including Noncontrolling Interests": 11931000.0,
        "Net Income Continuous Operations": 11931000.0,
        "Tax Provision": 2512000.0,
        "Pretax Income": 14443000.0,
        "Net Non Operating Interest Income Expense": -2467000.0,
        "Total Other Finance Cost": 2467000.0,
        "Interest Expense Non Operating": NaN,
        "Interest Income Non Operating": NaN,
        "Operating Income": 16910000.0,
        "Operating Expense": 33256000.0,
        "Research And Development": 14451000.0,
        "Selling General And Administration": 18805000.0,
        "Gross Profit": 50166000.0,
        "Cost Of Revenue": 68416000.0,
        "Total Revenue": 118582000.0,
        "Operating Revenue": 118582000.0
    },
    "2023-06-30": {
        "Tax Effect Of Unusual Items": 0.0,
        "Tax Rate For Calcs": 0.188205,
        "Normalized EBITDA": 24954000.0,
        "Net Income From Continuing Operation Net Minority Interest": 15403000.0,
        "Reconciled Depreciation": 5333000.0,
        "Reconciled Cost Of Revenue": 73635000.0,
        "EBITDA": 24954000.0,
        "EBIT": 19621000.0,
        "Net Interest Income": -562000.0,
        "Interest Expense": 562000.0,
        "Normalized Income": 15403000.0,
        "Net Income From Continuing And Discontinued Operation": 15403000.0,
        "Total Expenses": 108678000.0,
        "Total Operating Income As Reported": 19621000.0,
        "Diluted Average Shares": 55582000.0,
        "Basic Average Shares": 55196000.0,
        "Diluted EPS": 0.28,
        "Basic EPS": 0.28,
        "Diluted NI Availto Com Stockholders": 15403000.0,
        "Net Income Common Stockholders": 15403000.0,
        "Net Income": 15403000.0,
        "Minority Interests": -69000.0,
        "Net Income Including Noncontrolling Interests": 15472000.0,
        "Net Income Continuous Operations": 15472000.0,
        "Tax Provision": 3587000.0,
        "Pretax Income": 19059000.0,
        "Net Non Operating Interest Income Expense": -562000.0,
        "Total Other Finance Cost": NaN,
        "Interest Expense Non Operating": 562000.0,
        "Operating Income": 19621000.0,
        "Operating Expense": 35043000.0,
        "Research And Development": 15746000.0,
        "Selling General And Administration": 19297000.0,
        "Gross Profit": 54664000.0,
        "Cost Of Revenue": 73635000.0,
        "Total Revenue": 128299000.0,
        "Operating Revenue": 128299000.0
    },
    "2022-03-31": {
        "Diluted EPS": 0.25,
        "Total Revenue": 118,
        "Gross Profit": 49,
        "Operating Income": 17,
        "EBIT": 22,
        "Net Income": 14
    },
    "2021-12-31": {
        "Diluted EPS": 0.24,
        "Total Revenue": 119,
        "Gross Profit": 49,
        "Operating Income": 16,
        "EBIT": 24,
        "Net Income": 14
    },
    "2021-09-30": {
        "Diluted EPS": 0.24,
        "Total Revenue": 118,
        "Gross Profit": 48,
        "Operating Income": 16,
        "EBIT": 23,
        "Net Income": 13
    },
    "2021-06-30": {
        "Diluted EPS": 0.19,
        "Total Revenue": 114,
        "Gross Profit": 47,
        "Operating Income": 13,
        "EBIT": 20,
        "Net Income": 10
    },
    "2021-03-31": {
        "Diluted EPS": 0.18,
        "Total Revenue": 110,
        "Gross Profit": 44,
        "Operating Income": 12,
        "EBIT": 19,
        "Net Income": 10
    },
    "2020-12-31": {
        "Diluted EPS": 0.16,
        "Total Revenue": 102,
        "Gross Profit": 41,
        "Operating Income": 10,
        "EBIT": 17,
        "Net Income": 8
    },
    "2020-09-30": {
        "Diluted EPS": 0.18,
        "Total Revenue": 98,
        "Gross Profit": 40,
        "Operating Income": 12,
        "EBIT": 18,
        "Net Income": 9
    },
    "2020-06-30": {
        "Diluted EPS": 0.18,
        "Total Revenue": 93,
        "Gross Profit": 38,
        "Operating Income": 12,
        "EBIT": 18,
        "Net Income": 9
    },
    "2020-03-31": {
        "Diluted EPS": 0.13,
        "Total Revenue": 91,
        "Gross Profit": 36,
        "Operating Income": 10,
        "EBIT": 16,
        "Net Income": 7
    },
    "2019-12-31": {
        "Diluted EPS": 0.13,
        "Total Revenue": 87,
        "Gross Profit": 35,
        "Operating Income": 10,
        "EBIT": 15,
        "Net Income": 7
    },
    "2019-09-30": {
        "Diluted EPS": 0.15,
        "Total Revenue": 83,
        "Gross Profit": 33,
        "Operating Income": 10,
        "EBIT": 15,
        "Net Income": 7
    },
    "2019-06-30": {
        "Diluted EPS": 0.14,
        "Total Revenue": 80,
        "Gross Profit": 31,
        "Operating Income": 9,
        "EBIT": 14,
        "Net Income": 7
    },
    "2019-03-31": {
        "Diluted EPS": 0.1,
        "Total Revenue": 77,
        "Gross Profit": 30,
        "Operating Income": 8,
        "EBIT": 13,
        "Net Income": 5
    },
    "2018-12-31": {
        "Diluted EPS": 0.08,
        "Total Revenue": 73,
        "Gross Profit": 28,
        "Operating Income": 7,
        "EBIT": 12,
        "Net Income": 4
    },
    "2018-09-30": {
        "Diluted EPS": 0.1,
        "Total Revenue": 73,
        "Gross Profit": 28,
        "Operating Income": 7,
        "EBIT": 12,
        "Net Income": 5
    },
    "2018-06-30": {
        "Diluted EPS": 0.04,
        "Total Revenue": 72,
        "Gross Profit": 27,
        "Operating Income": 5,
        "EBIT": 10,
        "Net Income": 2
    },
    "2018-03-31": {
        "Diluted EPS": 0.06,
        "Total Revenue": 71,
        "Gross Profit": 27,
        "Operating Income": 5,
        "EBIT": 10,
        "Net Income": 3
    },
    "2017-12-31": {
        "Diluted EPS": 0.07,
        "Total Revenue": 72,
        "Gross Profit": 26,
        "Operating Income": 1,
        "EBIT": 6,
        "Net Income": 3
    },
    "2017-09-30": {
        "Diluted EPS": 0.06,
        "Total Revenue": 72,
        "Gross Profit": 25,
        "Operating Income": 4,
        "EBIT": 9,
        "Net Income": 3
    },
    "2017-06-30": {
        "Diluted EPS": -0.07,
        "Total Revenue": 69,
        "Gross Profit": 23,
        "Operating Income": -3,
        "EBIT": 1,
        "Net Income": -4
    },
    "2017-03-31": {
        "Diluted EPS": -0.05,
        "Total Revenue": 57,
        "Gross Profit": 19,
        "Operating Income": -2,
        "EBIT": 2,
        "Net Income": -2
    },
    "2016-12-31": {
        "Diluted EPS": 0.08,
        "Total Revenue": 57,
        "Gross Profit": 22,
        "Operating Income": 6,
        "EBIT": 8,
        "Net Income": 4
    },
    "2016-09-30": {
        "Diluted EPS": 0.11,
        "Total Revenue": 56,
        "Gross Profit": 22,
        "Operating Income": 7,
        "EBIT": 9,
        "Net Income": 5
    },
    "2016-06-30": {
        "Diluted EPS": 0.11,
        "Total Revenue": 53,
        "Gross Profit": 21,
        "Operating Income": 6,
        "EBIT": 9,
        "Net Income": 5
    },
    "2016-03-31": {
        "Diluted EPS": 0.1,
        "Total Revenue": 50,
        "Gross Profit": 20,
        "Operating Income": 6,
        "EBIT": 9,
        "Net Income": 5
    },
    "2015-12-31": {
        "Diluted EPS": 0.12,
        "Total Revenue": 49,
        "Gross Profit": 20,
        "Operating Income": 7,
        "EBIT": 9,
        "Net Income": 6
    },
    "2015-09-30": {
        "Diluted EPS": 0.09,
        "Total Revenue": 47,
        "Gross Profit": 19,
        "Operating Income": 6,
        "EBIT": 8,
        "Net Income": 5
    },
    "2015-06-30": {
        "Diluted EPS": 0.1,
        "Total Revenue": 46,
        "Gross Profit": 18,
        "Operating Income": 6,
        "EBIT": 8,
        "Net Income": 5
    },
    "2015-03-31": {
        "Diluted EPS": 0.1,
        "Total Revenue": 44,
        "Gross Profit": 17,
        "Operating Income": 6,
        "EBIT": 8,
        "Net Income": 5
    },
    "2014-12-31": {
        "Diluted EPS": 0.1,
        "Total Revenue": 42,
        "Gross Profit": 16,
        "Operating Income": 5,
        "EBIT": 7,
        "Net Income": 5
    },
    "2014-09-30": {
        "Diluted EPS": 0.08,
        "Total Revenue": 40,
        "Gross Profit": 15,
        "Operating Income": 4,
        "EBIT": 6,
        "Net Income": 4
    },
    "2014-06-30": {
        "Diluted EPS": 0.06,
        "Total Revenue": 39,
        "Gross Profit": 14,
        "Operating Income": 3,
        "EBIT": 6,
        "Net Income": 3
    },
    "2014-03-31": {
        "Diluted EPS": 0.06,
        "Total Revenue": 37,
        "Gross Profit": 13,
        "Operating Income": 3,
        "EBIT": 5,
        "Net Income": 3
    },
    "2013-12-31": {
        "Diluted EPS": 0.08,
        "Total Revenue": 36,
        "Gross Profit": 14,
        "Operating Income": 3,
        "EBIT": 5,
        "Net Income": 3
    },
    "2013-09-30": {
        "Diluted EPS": 0.07,
        "Total Revenue": 35,
        "Gross Profit": 13,
        "Operating Income": 3,
        "EBIT": 5,
        "Net Income": 3
    },
    "2013-06-30": {
        "Diluted EPS": 0.06,
        "Total Revenue": 33,
        "Gross Profit": 12,
        "Operating Income": 3,
        "EBIT": 5,
        "Net Income": 3
    },
    "2013-03-31": {
        "Diluted EPS": 0.06,
        "Total Revenue": 32,
        "Gross Profit": 12,
        "Operating Income": 3,
        "EBIT": 5,
        "Net Income": 3
    },
    "2012-12-31": {
        "Diluted EPS": 0.08,
        "Total Revenue": 31,
        "Gross Profit": 12,
        "Operating Income": 4,
        "EBIT": 5,
        "Net Income": 3
    },
    "2012-09-30": {
        "Diluted EPS": 0.08,
        "Total Revenue": 30,
        "Gross Profit": 13,
        "Operating Income": 3,
        "EBIT": 9,
        "Net Income": 3
    },
    "2012-06-30": {
        "Diluted EPS": 0.06,
        "Total Revenue": 27,
        "Gross Profit": 12,
        "Operating Income": 3,
        "EBIT": 3,
        "Net Income": 3
    },
    "2012-03-31": {
        "Diluted EPS": 0.06,
        "Total Revenue": 26,
        "Gross Profit": 11,
        "Operating Income": 2,
        "EBIT": 2,
        "Net Income": 2
    },
    "2011-12-31": {
        "Diluted EPS": 0.02,
        "Total Revenue": 25,
        "Gross Profit": 9,
        "Operating Income": 1,
        "EBIT": 9,
        "Net Income": 1
    },
    "2011-09-30": {
        "Diluted EPS": 0.05,
        "Total Revenue": 18,
        "Gross Profit": 8,
        "Operating Income": 1,
        "EBIT": 1,
        "Net Income": 2
    },
    "2011-06-30": {
        "Diluted EPS": 0.07,
        "Total Revenue": 14,
        "Gross Profit": 7,
        "Operating Income": 2,
        "EBIT": 2,
        "Net Income": 2
    },
    "2011-03-31": {
        "Diluted EPS": 0.07,
        "Total Revenue": 13,
        "Gross Profit": 6,
        "Operating Income": 2,
        "EBIT": 2,
        "Net Income": 2
    },
    "2010-12-31": {
        "Diluted EPS": 0.07,
        "Total Revenue": 15,
        "Gross Profit": 6,
        "Operating Income": 2,
        "EBIT": 2,
        "Net Income": 2
    },
    "2010-09-30": {
        "Diluted EPS": 0.07,
        "Total Revenue": 13,
        "Gross Profit": 5,
        "Operating Income": 2,
        "EBIT": 2,
        "Net Income": 2
    },
    "2010-06-30": {
        "Diluted EPS": 0.06,
        "Total Revenue": 12,
        "Gross Profit": 6,
        "Operating Income": 2,
        "EBIT": 2,
        "Net Income": 1
    },
    "2010-03-31": {
        "Diluted EPS": 0.07,
        "Total Revenue": 12,
        "Gross Profit": 5,
        "Operating Income": 2,
        "EBIT": 2,
        "Net Income": 2
    },
    "2009-12-31": {
        "Diluted EPS": 0.06,
        "Total Revenue": 12,
        "Gross Profit": 4,
        "Operating Income": 1,
        "EBIT": 1,
        "Net Income": 1
    },
    "2009-09-30": {
        "Diluted EPS": 0.05,
        "Total Revenue": 13,
        "Gross Profit": 5,
        "Operating Income": 2,
        "EBIT": 2,
        "Net Income": 1
    },
    "2009-06-30": {
        "Diluted EPS": 0.04,
        "Total Revenue": 10,
        "Gross Profit": 5,
        "Operating Income": 1,
        "EBIT": 1,
        "Net Income": 1
    },
    "2009-03-31": {
        "Diluted EPS": 0.05,
        "Total Revenue": 11,
        "Gross Profit": 5,
        "Operating Income": 1,
        "EBIT": 1,
        "Net Income": 1
    },
    "2023-09-30": {
        "Tax Effect Of Unusual Items": 0.0,
        "Tax Rate For Calcs": 0.188191,
        "Normalized EBITDA": 25311000.0,
        "Net Income From Continuing Operation Net Minority Interest": 15872000.0,
        "Reconciled Depreciation": 5046000.0,
        "Reconciled Cost Of Revenue": 74753000.0,
        "EBITDA": 25311000.0,
        "EBIT": 20265000.0,
        "Net Interest Income": -551000.0,
        "Interest Expense": 551000.0,
        "Normalized Income": 15872000.0,
        "Net Income From Continuing And Discontinued Operation": 15872000.0,
        "Total Expenses": 110440000.0,
        "Total Operating Income As Reported": 20265000.0,
        "Diluted Average Shares": 55813000.0,
        "Basic Average Shares": 55397000.0,
        "Diluted EPS": 0.28,
        "Basic EPS": 0.29,
        "Diluted NI Availto Com Stockholders": 15872000.0,
        "Net Income Common Stockholders": 15872000.0,
        "Net Income": 15872000.0,
        "Minority Interests": -132000.0,
        "Net Income Including Noncontrolling Interests": 16004000.0,
        "Net Income Continuous Operations": 16004000.0,
        "Tax Provision": 3710000.0,
        "Pretax Income": 19714000.0,
        "Net Non Operating Interest Income Expense": -551000.0,
        "Total Other Finance Cost": NaN,
        "Interest Expense Non Operating": 551000.0,
        "Operating Income": 20265000.0,
        "Operating Expense": 35687000.0,
        "Research And Development": 16028000.0,
        "Selling General And Administration": 19659000.0,
        "Gross Profit": 55952000.0,
        "Cost Of Revenue": 74753000.0,
        "Total Revenue": 130705000.0,
        "Operating Revenue": 130705000.0
    }
}