{
    "2023-06-30": {
        "Tax Effect Of Unusual Items": -36700.668636,
        "Tax Rate For Calcs": 0.264034,
        "Normalized EBITDA": 7758000.0,
        "Total Unusual Items": -139000.0,
        "Total Unusual Items Excluding Goodwill": -139000.0,
        "Net Income From Continuing Operation Net Minority Interest": 4733000.0,
        "Reconciled Depreciation": 1265000.0,
        "Reconciled Cost Of Revenue": 6563000.0,
        "EBITDA": 7619000.0,
        "EBIT": 6354000.0,
        "Net Interest Income": 354000.0,
        "Interest Income": 354000.0,
        "Normalized Income": 4835299.331364,
        "Net Income From Continuing And Discontinued Operation": 4733000.0,
        "Total Expenses": 30109000.0,
        "Rent Expense Supplemental": 4766000.0,
        "Total Operating Income As Reported": 6215000.0,
        "Diluted Average Shares": 20255248.0,
        "Basic Average Shares": 19957786.0,
        "Diluted EPS": 0.23,
        "Basic EPS": 0.24,
        "Diluted NI Availto Com Stockholders": 4733000.0,
        "Net Income Common Stockholders": 4733000.0,
        "Net Income": 4733000.0,
        "Net Income Including Noncontrolling Interests": 4733000.0,
        "Net Income Continuous Operations": 4733000.0,
        "Tax Provision": 1698000.0,
        "Pretax Income": 6431000.0,
        "Other Income Expense": -277000.0,
        "Other Non Operating Income Expenses": -138000.0,
        "Special Income Charges": -139000.0,
        "Write Off": 31000.0,
        "Restructuring And Mergern Acquisition": 108000.0,
        "Net Non Operating Interest Income Expense": 354000.0,
        "Interest Income Non Operating": 354000.0,
        "Operating Income": 6354000.0,
        "Operating Expense": 23382000.0,
        "Other Operating Expenses": 765000.0,
        "Other Taxes": 277000.0,
        "Depreciation Amortization Depletion Income Statement": 1101000.0,
        "Depreciation And Amortization In Income Statement": 1101000.0,
        "Amortization": NaN,
        "Amortization Of Intangibles Income Statement": NaN,
        "Depreciation Income Statement": 1101000.0,
        "Research And Development": 2853000.0,
        "Selling General And Administration": 18386000.0,
        "Selling And Marketing Expense": 4354000.0,
        "General And Administrative Expense": 14032000.0,
        "Other Gand A": 2720000.0,
        "Rent And Landing Fees": 4766000.0,
        "Salaries And Wages": 6546000.0,
        "Gross Profit": 29736000.0,
        "Cost Of Revenue": 6727000.0,
        "Total Revenue": 36463000.0,
        "Operating Revenue": 36463000.0
    },
    "2023-03-31": {
        "Tax Effect Of Unusual Items": 47724.117414,
        "Tax Rate For Calcs": 0.381793,
        "Normalized EBITDA": 5703000.0,
        "Total Unusual Items": 125000.0,
        "Total Unusual Items Excluding Goodwill": 125000.0,
        "Net Income From Continuing Operation Net Minority Interest": 3117000.0,
        "Reconciled Depreciation": 1236000.0,
        "Reconciled Cost Of Revenue": 6372000.0,
        "EBITDA": 5828000.0,
        "EBIT": 4592000.0,
        "Net Interest Income": 272000.0,
        "Interest Income": 272000.0,
        "Normalized Income": 3039724.117414,
        "Net Income From Continuing And Discontinued Operation": 3117000.0,
        "Total Expenses": 28588000.0,
        "Rent Expense Supplemental": 4729000.0,
        "Total Operating Income As Reported": 4717000.0,
        "Diluted Average Shares": 20182692.0,
        "Basic Average Shares": 19897445.0,
        "Diluted EPS": 0.15,
        "Basic EPS": 0.16,
        "Diluted NI Availto Com Stockholders": 3117000.0,
        "Net Income Common Stockholders": 3117000.0,
        "Net Income": 3117000.0,
        "Net Income Including Noncontrolling Interests": 3117000.0,
        "Net Income Continuous Operations": 3117000.0,
        "Tax Provision": 1925000.0,
        "Pretax Income": 5042000.0,
        "Other Income Expense": 178000.0,
        "Other Non Operating Income Expenses": 53000.0,
        "Special Income Charges": 125000.0,
        "Write Off": -135000.0,
        "Restructuring And Mergern Acquisition": 10000.0,
        "Net Non Operating Interest Income Expense": 272000.0,
        "Interest Income Non Operating": 272000.0,
        "Operating Income": 4592000.0,
        "Operating Expense": 22052000.0,
        "Other Operating Expenses": 769000.0,
        "Other Taxes": 262000.0,
        "Depreciation Amortization Depletion Income Statement": 1072000.0,
        "Depreciation And Amortization In Income Statement": 1072000.0,
        "Amortization": NaN,
        "Amortization Of Intangibles Income Statement": NaN,
        "Depreciation Income Statement": 1072000.0,
        "Research And Development": 2493000.0,
        "Selling General And Administration": 17456000.0,
        "Selling And Marketing Expense": 1358000.0,
        "General And Administrative Expense": 16098000.0,
        "Other Gand A": 2482000.0,
        "Rent And Landing Fees": 4729000.0,
        "Salaries And Wages": 8887000.0,
        "Gross Profit": 26644000.0,
        "Cost Of Revenue": 6536000.0,
        "Total Revenue": 33180000.0,
        "Operating Revenue": 33180000.0
    },
    "2022-12-31": {
        "Tax Effect Of Unusual Items": NaN,
        "Tax Rate For Calcs": NaN,
        "Normalized EBITDA": NaN,
        "Total Unusual Items": NaN,
        "Total Unusual Items Excluding Goodwill": NaN,
        "Net Income From Continuing Operation Net Minority Interest": NaN,
        "Reconciled Depreciation": NaN,
        "Reconciled Cost Of Revenue": NaN,
        "EBITDA": NaN,
        "EBIT": NaN,
        "Net Interest Income": NaN,
        "Interest Income": NaN,
        "Normalized Income": NaN,
        "Net Income From Continuing And Discontinued Operation": NaN,
        "Total Expenses": NaN,
        "Rent Expense Supplemental": NaN,
        "Total Operating Income As Reported": NaN,
        "Diluted Average Shares": NaN,
        "Basic Average Shares": NaN,
        "Diluted EPS": NaN,
        "Basic EPS": NaN,
        "Diluted NI Availto Com Stockholders": NaN,
        "Net Income Common Stockholders": NaN,
        "Net Income": NaN,
        "Net Income Including Noncontrolling Interests": NaN,
        "Net Income Continuous Operations": NaN,
        "Tax Provision": NaN,
        "Pretax Income": NaN,
        "Other Income Expense": NaN,
        "Other Non Operating Income Expenses": NaN,
        "Special Income Charges": NaN,
        "Write Off": NaN,
        "Restructuring And Mergern Acquisition": NaN,
        "Net Non Operating Interest Income Expense": NaN,
        "Interest Income Non Operating": NaN,
        "Operating Income": NaN,
        "Operating Expense": NaN,
        "Other Operating Expenses": NaN,
        "Other Taxes": NaN,
        "Depreciation Amortization Depletion Income Statement": NaN,
        "Depreciation And Amortization In Income Statement": NaN,
        "Amortization": 0.0,
        "Amortization Of Intangibles Income Statement": 0.0,
        "Depreciation Income Statement": NaN,
        "Research And Development": NaN,
        "Selling General And Administration": NaN,
        "Selling And Marketing Expense": NaN,
        "General And Administrative Expense": NaN,
        "Other Gand A": NaN,
        "Rent And Landing Fees": NaN,
        "Salaries And Wages": NaN,
        "Gross Profit": NaN,
        "Cost Of Revenue": NaN,
        "Total Revenue": NaN,
        "Operating Revenue": NaN
    },
    "2022-09-30": {
        "Tax Effect Of Unusual Items": NaN,
        "Tax Rate For Calcs": NaN,
        "Normalized EBITDA": NaN,
        "Total Unusual Items": NaN,
        "Total Unusual Items Excluding Goodwill": NaN,
        "Net Income From Continuing Operation Net Minority Interest": NaN,
        "Reconciled Depreciation": NaN,
        "Reconciled Cost Of Revenue": NaN,
        "EBITDA": NaN,
        "EBIT": NaN,
        "Net Interest Income": NaN,
        "Interest Income": NaN,
        "Normalized Income": NaN,
        "Net Income From Continuing And Discontinued Operation": NaN,
        "Total Expenses": NaN,
        "Rent Expense Supplemental": NaN,
        "Total Operating Income As Reported": NaN,
        "Diluted Average Shares": NaN,
        "Basic Average Shares": NaN,
        "Diluted EPS": NaN,
        "Basic EPS": NaN,
        "Diluted NI Availto Com Stockholders": NaN,
        "Net Income Common Stockholders": NaN,
        "Net Income": NaN,
        "Net Income Including Noncontrolling Interests": NaN,
        "Net Income Continuous Operations": NaN,
        "Tax Provision": NaN,
        "Pretax Income": NaN,
        "Other Income Expense": NaN,
        "Other Non Operating Income Expenses": NaN,
        "Special Income Charges": NaN,
        "Write Off": NaN,
        "Restructuring And Mergern Acquisition": NaN,
        "Net Non Operating Interest Income Expense": NaN,
        "Interest Income Non Operating": NaN,
        "Operating Income": NaN,
        "Operating Expense": NaN,
        "Other Operating Expenses": NaN,
        "Other Taxes": NaN,
        "Depreciation Amortization Depletion Income Statement": NaN,
        "Depreciation And Amortization In Income Statement": NaN,
        "Amortization": 0.0,
        "Amortization Of Intangibles Income Statement": 0.0,
        "Depreciation Income Statement": NaN,
        "Research And Development": NaN,
        "Selling General And Administration": NaN,
        "Selling And Marketing Expense": NaN,
        "General And Administrative Expense": NaN,
        "Other Gand A": NaN,
        "Rent And Landing Fees": NaN,
        "Salaries And Wages": NaN,
        "Gross Profit": NaN,
        "Cost Of Revenue": NaN,
        "Total Revenue": NaN,
        "Operating Revenue": NaN
    },
    "2022-06-30": {
        "Tax Effect Of Unusual Items": -117894.131185,
        "Tax Rate For Calcs": 0.261987,
        "Normalized EBITDA": 4183000.0,
        "Total Unusual Items": -450000.0,
        "Total Unusual Items Excluding Goodwill": -450000.0,
        "Net Income From Continuing Operation Net Minority Interest": 1924000.0,
        "Reconciled Depreciation": 871000.0,
        "Reconciled Cost Of Revenue": 6980000.0,
        "EBITDA": 3733000.0,
        "EBIT": 2862000.0,
        "Net Interest Income": 170000.0,
        "Interest Income": 170000.0,
        "Normalized Income": 2256105.868815,
        "Net Income From Continuing And Discontinued Operation": 1924000.0,
        "Total Expenses": 30848000.0,
        "Rent Expense Supplemental": 5324000.0,
        "Total Operating Income As Reported": 2412000.0,
        "Diluted Average Shares": 19807430.0,
        "Basic Average Shares": 19693659.0,
        "Diluted EPS": 0.1,
        "Basic EPS": 0.1,
        "Diluted NI Availto Com Stockholders": 1924000.0,
        "Net Income Common Stockholders": 1924000.0,
        "Net Income": 1924000.0,
        "Net Income Including Noncontrolling Interests": 1924000.0,
        "Net Income Continuous Operations": 1924000.0,
        "Tax Provision": 683000.0,
        "Pretax Income": 2607000.0,
        "Other Income Expense": -425000.0,
        "Other Non Operating Income Expenses": 25000.0,
        "Special Income Charges": -450000.0,
        "Write Off": 170000.0,
        "Impairment Of Capital Assets": NaN,
        "Restructuring And Mergern Acquisition": 450000.0,
        "Net Non Operating Interest Income Expense": 170000.0,
        "Interest Income Non Operating": 170000.0,
        "Operating Income": 2862000.0,
        "Operating Expense": 23868000.0,
        "Other Operating Expenses": 6880000.0,
        "Other Taxes": 254000.0,
        "Depreciation Amortization Depletion Income Statement": 871000.0,
        "Depreciation And Amortization In Income Statement": 871000.0,
        "Amortization": 0.0,
        "Amortization Of Intangibles Income Statement": 0.0,
        "Depreciation Income Statement": 701000.0,
        "Research And Development": 2624000.0,
        "Selling General And Administration": 13493000.0,
        "Selling And Marketing Expense": 3874000.0,
        "General And Administrative Expense": 9619000.0,
        "Other Gand A": 9619000.0,
        "Rent And Landing Fees": 5324000.0,
        "Salaries And Wages": 6786000.0,
        "Gross Profit": 26730000.0,
        "Cost Of Revenue": 6980000.0,
        "Total Revenue": 33710000.0,
        "Operating Revenue": 33710000.0
    },
    "2022-03-31": {
        "Diluted EPS": -0.37,
        "Total Revenue": 34,
        "Gross Profit": 22,
        "Operating Income": -9,
        "EBIT": -8,
        "Net Income": -7
    },
    "2021-12-31": {
        "Diluted EPS": -0.85,
        "Total Revenue": 35,
        "Gross Profit": 26,
        "Operating Income": -21,
        "EBIT": -2,
        "Net Income": -17
    },
    "2021-09-30": {
        "Diluted EPS": -0.13,
        "Total Revenue": 36,
        "Gross Profit": 28,
        "Operating Income": -4,
        "EBIT": -5,
        "Net Income": -2
    },
    "2021-06-30": {
        "Diluted EPS": -0.04,
        "Total Revenue": 36,
        "Gross Profit": 28,
        "Operating Income": -2,
        "EBIT": 5,
        "Net Income": -1
    },
    "2021-03-31": {
        "Diluted EPS": -0.12,
        "Total Revenue": 36,
        "Gross Profit": 28,
        "Operating Income": -2,
        "EBIT": 1,
        "Net Income": -2
    },
    "2020-12-31": {
        "Diluted EPS": -2.44,
        "Total Revenue": 37,
        "Gross Profit": 27,
        "Operating Income": -24,
        "EBIT": 3,
        "Net Income": -47
    },
    "2020-09-30": {
        "Diluted EPS": 0.16,
        "Total Revenue": 38,
        "Gross Profit": 31,
        "Operating Income": 3,
        "EBIT": 5,
        "Net Income": 3
    },
    "2020-06-30": {
        "Diluted EPS": 0.2,
        "Total Revenue": 36,
        "Gross Profit": 30,
        "Operating Income": 3,
        "EBIT": 5,
        "Net Income": 4
    },
    "2020-03-31": {
        "Diluted EPS": -0.24,
        "Total Revenue": 37,
        "Gross Profit": 29,
        "Operating Income": -4,
        "EBIT": -2,
        "Net Income": -5
    },
    "2019-12-31": {
        "Diluted EPS": -0.5,
        "Total Revenue": 40,
        "Gross Profit": 37,
        "Operating Income": -12,
        "EBIT": -1,
        "Net Income": -10
    },
    "2019-09-30": {
        "Diluted EPS": -0.07,
        "Total Revenue": 39,
        "Gross Profit": 32,
        "Operating Income": -3,
        "EBIT": 0,
        "Net Income": -1
    },
    "2019-06-30": {
        "Diluted EPS": -0.03,
        "Total Revenue": 40,
        "Gross Profit": 32,
        "Operating Income": -2,
        "EBIT": 0,
        "Net Income": -1
    },
    "2019-03-31": {
        "Diluted EPS": 0.04,
        "Total Revenue": 42,
        "Gross Profit": 26,
        "Operating Income": 1,
        "EBIT": 3,
        "Net Income": 1
    },
    "2018-12-31": {
        "Diluted EPS": 0.0,
        "Total Revenue": 43,
        "Gross Profit": 42,
        "Operating Income": 0,
        "EBIT": 3,
        "Net Income": 0
    },
    "2018-09-30": {
        "Diluted EPS": -0.04,
        "Total Revenue": 42,
        "Gross Profit": 34,
        "Operating Income": -2,
        "EBIT": 1,
        "Net Income": -1
    },
    "2018-06-30": {
        "Diluted EPS": -0.06,
        "Total Revenue": 41,
        "Gross Profit": 33,
        "Operating Income": -2,
        "EBIT": 0,
        "Net Income": -1
    },
    "2018-03-31": {
        "Diluted EPS": 0.02,
        "Total Revenue": 43,
        "Gross Profit": 27,
        "Operating Income": 1,
        "EBIT": 3,
        "Net Income": 0
    },
    "2017-12-31": {
        "Diluted EPS": -1.06,
        "Total Revenue": 44,
        "Gross Profit": 61,
        "Operating Income": 4,
        "EBIT": 6,
        "Net Income": -21
    },
    "2017-09-30": {
        "Diluted EPS": 0.19,
        "Total Revenue": 44,
        "Gross Profit": 29,
        "Operating Income": 3,
        "EBIT": 6,
        "Net Income": 4
    },
    "2017-06-30": {
        "Diluted EPS": 0.07,
        "Total Revenue": 42,
        "Gross Profit": 27,
        "Operating Income": 2,
        "EBIT": 5,
        "Net Income": 1
    },
    "2017-03-31": {
        "Diluted EPS": 0.04,
        "Total Revenue": 41,
        "Gross Profit": 26,
        "Operating Income": 1,
        "EBIT": 5,
        "Net Income": 1
    },
    "2016-12-31": {
        "Diluted EPS": 0.14,
        "Total Revenue": 44,
        "Gross Profit": 61,
        "Operating Income": 5,
        "EBIT": 8,
        "Net Income": 3
    },
    "2016-09-30": {
        "Diluted EPS": 0.2,
        "Total Revenue": 45,
        "Gross Profit": 29,
        "Operating Income": 6,
        "EBIT": 9,
        "Net Income": 4
    },
    "2016-06-30": {
        "Diluted EPS": 0.17,
        "Total Revenue": 45,
        "Gross Profit": 29,
        "Operating Income": 6,
        "EBIT": 9,
        "Net Income": 3
    },
    "2016-03-31": {
        "Diluted EPS": 0.17,
        "Total Revenue": 45,
        "Gross Profit": 29,
        "Operating Income": 6,
        "EBIT": 9,
        "Net Income": 3
    },
    "2015-12-31": {
        "Diluted EPS": 3.2,
        "Total Revenue": 47,
        "Gross Profit": 39,
        "Operating Income": 7,
        "EBIT": 8,
        "Net Income": 69
    },
    "2015-09-30": {
        "Diluted EPS": 0.2,
        "Total Revenue": 46,
        "Gross Profit": 27,
        "Operating Income": 7,
        "EBIT": 10,
        "Net Income": 4
    },
    "2015-06-30": {
        "Diluted EPS": 0.16,
        "Total Revenue": 48,
        "Gross Profit": 28,
        "Operating Income": 6,
        "EBIT": 10,
        "Net Income": 3
    },
    "2015-03-31": {
        "Diluted EPS": 0.18,
        "Total Revenue": 48,
        "Gross Profit": 28,
        "Operating Income": 6,
        "EBIT": 10,
        "Net Income": 4
    },
    "2014-12-31": {
        "Diluted EPS": 0.34,
        "Total Revenue": 51,
        "Gross Profit": 39,
        "Operating Income": 5,
        "EBIT": 6,
        "Net Income": 7
    },
    "2014-09-30": {
        "Diluted EPS": 0.21,
        "Total Revenue": 50,
        "Gross Profit": 31,
        "Operating Income": 8,
        "EBIT": 13,
        "Net Income": 5
    },
    "2014-06-30": {
        "Diluted EPS": 0.19,
        "Total Revenue": 49,
        "Gross Profit": 30,
        "Operating Income": 7,
        "EBIT": 12,
        "Net Income": 4
    },
    "2014-03-31": {
        "Diluted EPS": 0.22,
        "Total Revenue": 50,
        "Gross Profit": 32,
        "Operating Income": 8,
        "EBIT": 13,
        "Net Income": 5
    },
    "2013-12-31": {
        "Diluted EPS": 0.36,
        "Total Revenue": 55,
        "Gross Profit": 36,
        "Operating Income": 12,
        "EBIT": 14,
        "Net Income": 8
    },
    "2013-09-30": {
        "Diluted EPS": 0.26,
        "Total Revenue": 50,
        "Gross Profit": 31,
        "Operating Income": 10,
        "EBIT": 14,
        "Net Income": 6
    },
    "2013-06-30": {
        "Diluted EPS": 0.31,
        "Total Revenue": 52,
        "Gross Profit": 33,
        "Operating Income": 12,
        "EBIT": 16,
        "Net Income": 7
    },
    "2013-03-31": {
        "Diluted EPS": 0.32,
        "Total Revenue": 53,
        "Gross Profit": 34,
        "Operating Income": 12,
        "EBIT": 16,
        "Net Income": 7
    },
    "2012-12-31": {
        "Diluted EPS": 0.1,
        "Total Revenue": 52,
        "Gross Profit": 29,
        "Operating Income": 5,
        "EBIT": 12,
        "Net Income": 2
    },
    "2012-09-30": {
        "Diluted EPS": 0.36,
        "Total Revenue": 55,
        "Gross Profit": 36,
        "Operating Income": 13,
        "EBIT": 18,
        "Net Income": 8
    },
    "2012-06-30": {
        "Diluted EPS": 0.37,
        "Total Revenue": 56,
        "Gross Profit": 37,
        "Operating Income": 14,
        "EBIT": 18,
        "Net Income": 8
    },
    "2012-03-31": {
        "Diluted EPS": 0.37,
        "Total Revenue": 57,
        "Gross Profit": 38,
        "Operating Income": 14,
        "EBIT": 19,
        "Net Income": 8
    },
    "2011-12-31": {
        "Diluted EPS": 0.62,
        "Total Revenue": 50,
        "Gross Profit": 30,
        "Operating Income": 6,
        "EBIT": 11,
        "Net Income": 14
    },
    "2011-09-30": {
        "Diluted EPS": 0.46,
        "Total Revenue": 61,
        "Gross Profit": 40,
        "Operating Income": 16,
        "EBIT": 22,
        "Net Income": 10
    },
    "2011-06-30": {
        "Diluted EPS": 0.82,
        "Total Revenue": 65,
        "Gross Profit": 42,
        "Operating Income": 16,
        "EBIT": 22,
        "Net Income": 19
    },
    "2011-03-31": {
        "Diluted EPS": 1.82,
        "Total Revenue": 57,
        "Gross Profit": 38,
        "Operating Income": 13,
        "EBIT": 18,
        "Net Income": 41
    },
    "2010-12-31": {
        "Diluted EPS": 1.79,
        "Total Revenue": 55,
        "Gross Profit": 37,
        "Operating Income": 13,
        "EBIT": 17,
        "Net Income": 41
    },
    "2010-09-30": {
        "Diluted EPS": 0.69,
        "Total Revenue": 57,
        "Gross Profit": 39,
        "Operating Income": 16,
        "EBIT": 22,
        "Net Income": 15
    },
    "2010-06-30": {
        "Diluted EPS": 0.58,
        "Total Revenue": 59,
        "Gross Profit": 41,
        "Operating Income": 14,
        "EBIT": 21,
        "Net Income": 13
    },
    "2010-03-31": {
        "Diluted EPS": 0.39,
        "Total Revenue": 63,
        "Gross Profit": 43,
        "Operating Income": 15,
        "EBIT": 22,
        "Net Income": 9
    },
    "2009-12-31": {
        "Diluted EPS": 0.14,
        "Total Revenue": 65,
        "Gross Profit": 44,
        "Operating Income": 12,
        "EBIT": 21,
        "Net Income": 4
    },
    "2009-09-30": {
        "Diluted EPS": 0.4,
        "Total Revenue": 69,
        "Gross Profit": 47,
        "Operating Income": 15,
        "EBIT": 26,
        "Net Income": 9
    },
    "2009-06-30": {
        "Diluted EPS": 1.93,
        "Total Revenue": 75,
        "Gross Profit": 52,
        "Operating Income": 13,
        "EBIT": 24,
        "Net Income": 45
    },
    "2009-03-31": {
        "Diluted EPS": 0.43,
        "Total Revenue": 80,
        "Gross Profit": 55,
        "Operating Income": 17,
        "EBIT": 29,
        "Net Income": 10
    },
    "2023-09-30": {
        "Tax Effect Of Unusual Items": -32718.201417,
        "Tax Rate For Calcs": 0.314598,
        "Normalized EBITDA": 7688000.0,
        "Total Unusual Items": -104000.0,
        "Total Unusual Items Excluding Goodwill": -104000.0,
        "Net Income From Continuing Operation Net Minority Interest": 4451000.0,
        "Reconciled Depreciation": 1267000.0,
        "Reconciled Cost Of Revenue": 6458000.0,
        "EBITDA": 7584000.0,
        "EBIT": 6317000.0,
        "Net Interest Income": 240000.0,
        "Interest Income": 240000.0,
        "Normalized Income": 4522281.798583,
        "Net Income From Continuing And Discontinued Operation": 4451000.0,
        "Total Expenses": 29111000.0,
        "Rent Expense Supplemental": 4736000.0,
        "Total Operating Income As Reported": 6213000.0,
        "Diluted Average Shares": 20304092.0,
        "Basic Average Shares": 19970936.0,
        "Diluted EPS": 0.22,
        "Basic EPS": 0.22,
        "Diluted NI Availto Com Stockholders": 4451000.0,
        "Net Income Common Stockholders": 4451000.0,
        "Net Income": 4451000.0,
        "Net Income Including Noncontrolling Interests": 4451000.0,
        "Net Income Continuous Operations": 4451000.0,
        "Tax Provision": 2043000.0,
        "Pretax Income": 6494000.0,
        "Other Income Expense": -63000.0,
        "Other Non Operating Income Expenses": 41000.0,
        "Special Income Charges": -104000.0,
        "Write Off": 27000.0,
        "Restructuring And Mergern Acquisition": 77000.0,
        "Net Non Operating Interest Income Expense": 240000.0,
        "Interest Income Non Operating": 240000.0,
        "Operating Income": 6317000.0,
        "Operating Expense": 22489000.0,
        "Other Operating Expenses": 722000.0,
        "Other Taxes": 241000.0,
        "Depreciation Amortization Depletion Income Statement": 1103000.0,
        "Depreciation And Amortization In Income Statement": 1103000.0,
        "Amortization": NaN,
        "Amortization Of Intangibles Income Statement": NaN,
        "Depreciation Income Statement": 1103000.0,
        "Research And Development": 2561000.0,
        "Selling General And Administration": 17862000.0,
        "Selling And Marketing Expense": 1458000.0,
        "General And Administrative Expense": 16404000.0,
        "Other Gand A": 2568000.0,
        "Rent And Landing Fees": 4736000.0,
        "Salaries And Wages": 9100000.0,
        "Gross Profit": 28806000.0,
        "Cost Of Revenue": 6622000.0,
        "Total Revenue": 35428000.0,
        "Operating Revenue": 35428000.0
    },
    "2023-12-31": {
        "Tax Effect Of Unusual Items": -178184.029371,
        "Tax Rate For Calcs": 0.227857,
        "Normalized EBITDA": 6374000.0,
        "Total Unusual Items": -782000.0,
        "Total Unusual Items Excluding Goodwill": -782000.0,
        "Net Income From Continuing Operation Net Minority Interest": 3365000.0,
        "Reconciled Depreciation": 728000.0,
        "Reconciled Cost Of Revenue": 6769000.0,
        "EBITDA": 5592000.0,
        "EBIT": 4864000.0,
        "Net Interest Income": 233000.0,
        "Interest Income": 233000.0,
        "Normalized Income": 3968815.970629,
        "Net Income From Continuing And Discontinued Operation": 3365000.0,
        "Total Expenses": 29089000.0,
        "Rent Expense Supplemental": 4529000.0,
        "Total Operating Income As Reported": 4082000.0,
        "Diluted Average Shares": 20367248.0,
        "Basic Average Shares": 19987640.0,
        "Diluted EPS": 0.17,
        "Basic EPS": 0.17,
        "Diluted NI Availto Com Stockholders": 3365000.0,
        "Net Income Common Stockholders": 3365000.0,
        "Net Income": 3365000.0,
        "Net Income Including Noncontrolling Interests": 3365000.0,
        "Net Income Continuous Operations": 3365000.0,
        "Tax Provision": 993000.0,
        "Pretax Income": 4358000.0,
        "Other Income Expense": -739000.0,
        "Other Non Operating Income Expenses": 43000.0,
        "Special Income Charges": -782000.0,
        "Write Off": 404000.0,
        "Restructuring And Mergern Acquisition": 378000.0,
        "Net Non Operating Interest Income Expense": 233000.0,
        "Interest Income Non Operating": 233000.0,
        "Operating Income": 4864000.0,
        "Operating Expense": 22156000.0,
        "Other Operating Expenses": 753000.0,
        "Other Taxes": 246000.0,
        "Depreciation Amortization Depletion Income Statement": 564000.0,
        "Depreciation And Amortization In Income Statement": 564000.0,
        "Amortization": NaN,
        "Amortization Of Intangibles Income Statement": NaN,
        "Depreciation Income Statement": 564000.0,
        "Research And Development": 2642000.0,
        "Selling General And Administration": 17951000.0,
        "Selling And Marketing Expense": 1552000.0,
        "General And Administrative Expense": 16399000.0,
        "Other Gand A": 2534000.0,
        "Rent And Landing Fees": 4529000.0,
        "Salaries And Wages": 9336000.0,
        "Gross Profit": 27020000.0,
        "Cost Of Revenue": 6933000.0,
        "Total Revenue": 33953000.0,
        "Operating Revenue": 33953000.0
    },
    "2024-03-31": {
        "Tax Effect Of Unusual Items": -98583.122691,
        "Tax Rate For Calcs": 0.176356,
        "Normalized EBITDA": 7077000.0,
        "Total Unusual Items": -559000.0,
        "Total Unusual Items Excluding Goodwill": -559000.0,
        "Net Income From Continuing Operation Net Minority Interest": 4236000.0,
        "Reconciled Depreciation": 1068000.0,
        "Reconciled Cost Of Revenue": 6965000.0,
        "EBITDA": 6518000.0,
        "EBIT": 5450000.0,
        "Net Interest Income": 254000.0,
        "Interest Income": 254000.0,
        "Normalized Income": 4696416.877309,
        "Net Income From Continuing And Discontinued Operation": 4236000.0,
        "Total Expenses": 29459000.0,
        "Rent Expense Supplemental": 4466000.0,
        "Total Operating Income As Reported": 4891000.0,
        "Diluted Average Shares": 20446587.0,
        "Basic Average Shares": 20170548.0,
        "Diluted EPS": 0.21,
        "Basic EPS": 0.21,
        "Diluted NI Availto Com Stockholders": 4236000.0,
        "Net Income Common Stockholders": 4236000.0,
        "Net Income": 4236000.0,
        "Net Income Including Noncontrolling Interests": 4236000.0,
        "Net Income Continuous Operations": 4236000.0,
        "Tax Provision": 907000.0,
        "Pretax Income": 5143000.0,
        "Other Income Expense": -561000.0,
        "Other Non Operating Income Expenses": -2000.0,
        "Special Income Charges": -559000.0,
        "Write Off": 131000.0,
        "Restructuring And Mergern Acquisition": 428000.0,
        "Net Non Operating Interest Income Expense": 254000.0,
        "Interest Income Non Operating": 254000.0,
        "Operating Income": 5450000.0,
        "Operating Expense": 22320000.0,
        "Other Operating Expenses": 741000.0,
        "Other Taxes": 242000.0,
        "Depreciation Amortization Depletion Income Statement": 894000.0,
        "Depreciation And Amortization In Income Statement": 894000.0,
        "Amortization": NaN,
        "Amortization Of Intangibles Income Statement": NaN,
        "Depreciation Income Statement": 894000.0,
        "Research And Development": 2951000.0,
        "Selling General And Administration": 17492000.0,
        "Selling And Marketing Expense": 1436000.0,
        "General And Administrative Expense": 16056000.0,
        "Other Gand A": 2342000.0,
        "Rent And Landing Fees": 4466000.0,
        "Salaries And Wages": 9248000.0,
        "Gross Profit": 27770000.0,
        "Cost Of Revenue": 7139000.0,
        "Total Revenue": 34909000.0,
        "Operating Revenue": 34909000.0
    },
    "2024-06-30": {
        "Tax Effect Of Unusual Items": -61731.601732,
        "Tax Rate For Calcs": 0.29396,
        "Normalized EBITDA": 5961000.0,
        "Total Unusual Items": -210000.0,
        "Total Unusual Items Excluding Goodwill": -210000.0,
        "Net Income From Continuing Operation Net Minority Interest": 3425000.0,
        "Reconciled Depreciation": 1067000.0,
        "Reconciled Cost Of Revenue": 6988000.0,
        "EBITDA": 5751000.0,
        "EBIT": 4684000.0,
        "Net Interest Income": 391000.0,
        "Interest Income": 391000.0,
        "Normalized Income": 3573268.398268,
        "Net Income From Continuing And Discontinued Operation": 3425000.0,
        "Total Expenses": 29298000.0,
        "Rent Expense Supplemental": 4464000.0,
        "Total Operating Income As Reported": 4474000.0,
        "Diluted Average Shares": 20473751.0,
        "Basic Average Shares": 20252452.0,
        "Diluted EPS": 0.17,
        "Basic EPS": 0.17,
        "Diluted NI Availto Com Stockholders": 3425000.0,
        "Net Income Common Stockholders": 3425000.0,
        "Net Income": 3425000.0,
        "Net Income Including Noncontrolling Interests": 3425000.0,
        "Net Income Continuous Operations": 3425000.0,
        "Tax Provision": 1426000.0,
        "Pretax Income": 4851000.0,
        "Other Income Expense": -224000.0,
        "Other Non Operating Income Expenses": -14000.0,
        "Special Income Charges": -210000.0,
        "Write Off": -138000.0,
        "Restructuring And Mergern Acquisition": 348000.0,
        "Net Non Operating Interest Income Expense": 391000.0,
        "Interest Income Non Operating": 391000.0,
        "Operating Income": 4684000.0,
        "Operating Expense": 22135000.0,
        "Other Operating Expenses": 732000.0,
        "Other Taxes": 231000.0,
        "Depreciation Amortization Depletion Income Statement": 892000.0,
        "Depreciation And Amortization In Income Statement": 892000.0,
        "Amortization": NaN,
        "Amortization Of Intangibles Income Statement": NaN,
        "Depreciation Income Statement": 892000.0,
        "Research And Development": 3176000.0,
        "Selling General And Administration": 17104000.0,
        "Selling And Marketing Expense": 3506000.0,
        "General And Administrative Expense": 13598000.0,
        "Other Gand A": 2693000.0,
        "Rent And Landing Fees": 4464000.0,
        "Salaries And Wages": 6441000.0,
        "Gross Profit": 26819000.0,
        "Cost Of Revenue": 7163000.0,
        "Total Revenue": 33982000.0,
        "Operating Revenue": 33982000.0
    }
}