{
    "2023-03-31": {
        "Tax Effect Of Unusual Items": 0.0,
        "Tax Rate For Calcs": 0.0,
        "Normalized EBITDA": -18713000.0,
        "Net Income From Continuing Operation Net Minority Interest": -14961000.0,
        "Reconciled Depreciation": -1789000.0,
        "EBITDA": -18713000.0,
        "EBIT": -18713000.0,
        "Normalized Income": -14961000.0,
        "Net Income From Continuing And Discontinued Operation": -14961000.0,
        "Total Expenses": 18733000.0,
        "Total Operating Income As Reported": -18713000.0,
        "Diluted Average Shares": 94227313.0,
        "Basic Average Shares": 94227313.0,
        "Diluted EPS": -0.16,
        "Basic EPS": -0.16,
        "Diluted NI Availto Com Stockholders": -14961000.0,
        "Net Income Common Stockholders": -14961000.0,
        "Net Income": -14961000.0,
        "Net Income Including Noncontrolling Interests": -14961000.0,
        "Net Income Continuous Operations": -14961000.0,
        "Pretax Income": -14961000.0,
        "Other Income Expense": 3752000.0,
        "Other Non Operating Income Expenses": 3752000.0,
        "Operating Income": -18713000.0,
        "Operating Expense": 18733000.0,
        "Research And Development": 6552000.0,
        "Selling General And Administration": 12181000.0,
        "General And Administrative Expense": 12181000.0,
        "Other Gand A": 12181000.0,
        "Total Revenue": 20000.0,
        "Operating Revenue": 20000.0
    },
    "2022-06-30": {
        "Tax Effect Of Unusual Items": 0.0,
        "Tax Rate For Calcs": 0.0,
        "Normalized EBITDA": -6344000.0,
        "Net Income From Continuing Operation Net Minority Interest": -6420000.0,
        "Reconciled Depreciation": -37000.0,
        "EBITDA": -6344000.0,
        "EBIT": -6344000.0,
        "Normalized Income": -6420000.0,
        "Net Income From Continuing And Discontinued Operation": -6420000.0,
        "Total Expenses": 6808000.0,
        "Total Operating Income As Reported": -6344000.0,
        "Diluted Average Shares": 93770165.0,
        "Basic Average Shares": 93770165.0,
        "Diluted EPS": -0.068465,
        "Basic EPS": -0.068465,
        "Diluted NI Availto Com Stockholders": -6420000.0,
        "Net Income Common Stockholders": -6420000.0,
        "Net Income": -6420000.0,
        "Net Income Including Noncontrolling Interests": -6420000.0,
        "Net Income Continuous Operations": -6420000.0,
        "Pretax Income": -6420000.0,
        "Other Income Expense": -76000.0,
        "Other Non Operating Income Expenses": -76000.0,
        "Operating Income": -6344000.0,
        "Operating Expense": 6808000.0,
        "Research And Development": 4350000.0,
        "Selling General And Administration": 2458000.0,
        "General And Administrative Expense": 2458000.0,
        "Other Gand A": 2458000.0,
        "Total Revenue": 464000.0,
        "Operating Revenue": 464000.0
    },
    "2022-12-31": {
        "Tax Effect Of Unusual Items": 0.0,
        "Tax Rate For Calcs": 0.0,
        "Normalized EBITDA": -15144000.0,
        "Net Income From Continuing Operation Net Minority Interest": -14429000.0,
        "Reconciled Depreciation": 299000.0,
        "EBITDA": -15144000.0,
        "EBIT": -15443000.0,
        "Normalized Income": -14429000.0,
        "Net Income From Continuing And Discontinued Operation": -14429000.0,
        "Total Expenses": 15443000.0,
        "Total Operating Income As Reported": -15443000.0,
        "Diluted Average Shares": NaN,
        "Basic Average Shares": NaN,
        "Diluted EPS": NaN,
        "Basic EPS": NaN,
        "Diluted NI Availto Com Stockholders": -14429000.0,
        "Net Income Common Stockholders": -14429000.0,
        "Net Income": -14429000.0,
        "Net Income Including Noncontrolling Interests": -14429000.0,
        "Net Income Continuous Operations": -14429000.0,
        "Pretax Income": -14429000.0,
        "Other Income Expense": 1014000.0,
        "Other Non Operating Income Expenses": 1154000.0,
        "Operating Income": -15443000.0,
        "Operating Expense": 15443000.0,
        "Research And Development": 4710000.0,
        "Selling General And Administration": 10733000.0,
        "General And Administrative Expense": 10733000.0,
        "Other Gand A": 10733000.0,
        "Total Revenue": 0.0,
        "Operating Revenue": 0.0
    },
    "2022-09-30": {
        "Tax Effect Of Unusual Items": 0.0,
        "Tax Rate For Calcs": 0.0,
        "Normalized EBITDA": -6623000.0,
        "Total Unusual Items": NaN,
        "Total Unusual Items Excluding Goodwill": NaN,
        "Net Income From Continuing Operation Net Minority Interest": -6583000.0,
        "Reconciled Depreciation": 7000.0,
        "EBITDA": -6623000.0,
        "EBIT": -6630000.0,
        "Normalized Income": -6583000.0,
        "Net Income From Continuing And Discontinued Operation": -6583000.0,
        "Total Expenses": 6819000.0,
        "Total Operating Income As Reported": -6630000.0,
        "Diluted Average Shares": 93770165.0,
        "Basic Average Shares": 93770165.0,
        "Diluted EPS": -0.070204,
        "Basic EPS": -0.070204,
        "Diluted NI Availto Com Stockholders": -6583000.0,
        "Net Income Common Stockholders": -6583000.0,
        "Net Income": -6583000.0,
        "Net Income Including Noncontrolling Interests": -6583000.0,
        "Net Income Continuous Operations": -6583000.0,
        "Pretax Income": -6583000.0,
        "Other Income Expense": 47000.0,
        "Other Non Operating Income Expenses": 47000.0,
        "Gain On Sale Of Security": NaN,
        "Operating Income": -6630000.0,
        "Operating Expense": 6819000.0,
        "Research And Development": 3893000.0,
        "Selling General And Administration": 2926000.0,
        "General And Administrative Expense": 2926000.0,
        "Other Gand A": 2926000.0,
        "Total Revenue": 189000.0,
        "Operating Revenue": 189000.0
    },
    "2022-03-31": {
        "Diluted EPS": -0.24,
        "Total Revenue": 1,
        "Gross Profit": 1,
        "Operating Income": -7,
        "EBIT": -7,
        "Net Income": -7
    },
    "2021-12-31": {
        "Diluted EPS": 1.19,
        "Total Revenue": NaN,
        "Gross Profit": NaN,
        "Operating Income": 41,
        "EBIT": 41,
        "Net Income": 46
    },
    "2021-09-30": {
        "Diluted EPS": -0.65,
        "Total Revenue": NaN,
        "Gross Profit": NaN,
        "Operating Income": -23,
        "EBIT": -22,
        "Net Income": -23
    },
    "2021-06-30": {
        "Diluted EPS": -0.7,
        "Total Revenue": NaN,
        "Gross Profit": NaN,
        "Operating Income": -25,
        "EBIT": -24,
        "Net Income": -24
    },
    "2021-03-31": {
        "Diluted EPS": -0.54,
        "Total Revenue": NaN,
        "Gross Profit": NaN,
        "Operating Income": -19,
        "EBIT": -19,
        "Net Income": -19
    },
    "2020-12-31": {
        "Diluted EPS": -1.37,
        "Total Revenue": NaN,
        "Gross Profit": NaN,
        "Operating Income": -13,
        "EBIT": -13,
        "Net Income": -13
    },
    "2020-09-30": {
        "Diluted EPS": -11.97,
        "Total Revenue": NaN,
        "Gross Profit": NaN,
        "Operating Income": -8,
        "EBIT": -8,
        "Net Income": -8
    },
    "2020-06-30": {
        "Diluted EPS": -9.65,
        "Total Revenue": NaN,
        "Gross Profit": NaN,
        "Operating Income": -6,
        "EBIT": -6,
        "Net Income": -6
    },
    "2020-03-31": {
        "Diluted EPS": -7.89,
        "Total Revenue": NaN,
        "Gross Profit": NaN,
        "Operating Income": -5,
        "EBIT": -5,
        "Net Income": -5
    },
    "2019-12-31": {
        "Diluted EPS": 0.0,
        "Total Revenue": NaN,
        "Gross Profit": NaN,
        "Operating Income": NaN,
        "EBIT": NaN,
        "Net Income": NaN
    },
    "2023-06-30": {
        "Tax Effect Of Unusual Items": 0.0,
        "Tax Rate For Calcs": 0.0,
        "Normalized EBITDA": -18774000.0,
        "Net Income From Continuing Operation Net Minority Interest": -17370000.0,
        "Reconciled Depreciation": 1829000.0,
        "EBITDA": -18774000.0,
        "EBIT": -20603000.0,
        "Normalized Income": -17370000.0,
        "Net Income From Continuing And Discontinued Operation": -17370000.0,
        "Total Expenses": 20613000.0,
        "Total Operating Income As Reported": -20603000.0,
        "Diluted Average Shares": 94911268.0,
        "Basic Average Shares": 94911268.0,
        "Diluted EPS": -0.18,
        "Basic EPS": -0.18,
        "Diluted NI Availto Com Stockholders": -17370000.0,
        "Net Income Common Stockholders": -17370000.0,
        "Net Income": -17370000.0,
        "Net Income Including Noncontrolling Interests": -17370000.0,
        "Net Income Continuous Operations": -17370000.0,
        "Pretax Income": -17370000.0,
        "Other Income Expense": 3233000.0,
        "Other Non Operating Income Expenses": 3233000.0,
        "Operating Income": -20603000.0,
        "Operating Expense": 20613000.0,
        "Research And Development": 7308000.0,
        "Selling General And Administration": 13305000.0,
        "General And Administrative Expense": 13305000.0,
        "Other Gand A": 13305000.0,
        "Total Revenue": 10000.0,
        "Operating Revenue": 10000.0
    },
    "2023-09-30": {
        "Tax Effect Of Unusual Items": 0.0,
        "Tax Rate For Calcs": 0.0,
        "Normalized EBITDA": -17957000.0,
        "Net Income From Continuing Operation Net Minority Interest": -14866000.0,
        "Reconciled Depreciation": 21000.0,
        "EBITDA": -17957000.0,
        "EBIT": -17978000.0,
        "Normalized Income": -14866000.0,
        "Net Income From Continuing And Discontinued Operation": -14866000.0,
        "Total Expenses": 17978000.0,
        "Total Operating Income As Reported": -17978000.0,
        "Diluted Average Shares": 95576627.0,
        "Basic Average Shares": 95576627.0,
        "Diluted EPS": -0.16,
        "Basic EPS": -0.16,
        "Diluted NI Availto Com Stockholders": -14866000.0,
        "Net Income Common Stockholders": -14866000.0,
        "Net Income": -14866000.0,
        "Net Income Including Noncontrolling Interests": -14866000.0,
        "Net Income Continuous Operations": -14866000.0,
        "Pretax Income": -14866000.0,
        "Other Income Expense": 3112000.0,
        "Other Non Operating Income Expenses": 3112000.0,
        "Operating Income": -17978000.0,
        "Operating Expense": 17978000.0,
        "Research And Development": 3002000.0,
        "Selling General And Administration": 14976000.0,
        "General And Administrative Expense": 14976000.0,
        "Other Gand A": 14976000.0,
        "Total Revenue": 0.0,
        "Operating Revenue": 0.0
    },
    "2023-12-31": {
        "Tax Effect Of Unusual Items": 0.0,
        "Tax Rate For Calcs": 0.0,
        "Normalized EBITDA": -10226000.0,
        "Net Income From Continuing Operation Net Minority Interest": -7168000.0,
        "Reconciled Depreciation": -6866000.0,
        "EBITDA": -10226000.0,
        "EBIT": -10226000.0,
        "Normalized Income": -7168000.0,
        "Net Income From Continuing And Discontinued Operation": -7168000.0,
        "Total Expenses": 10226000.0,
        "Total Operating Income As Reported": -10226000.0,
        "Diluted Average Shares": NaN,
        "Basic Average Shares": NaN,
        "Diluted EPS": NaN,
        "Basic EPS": NaN,
        "Diluted NI Availto Com Stockholders": -7168000.0,
        "Net Income Common Stockholders": -7168000.0,
        "Net Income": -7168000.0,
        "Net Income Including Noncontrolling Interests": -7168000.0,
        "Net Income Continuous Operations": -7168000.0,
        "Pretax Income": -7168000.0,
        "Other Income Expense": 3058000.0,
        "Other Non Operating Income Expenses": 3058000.0,
        "Operating Income": -10226000.0,
        "Operating Expense": 10226000.0,
        "Research And Development": 3404000.0,
        "Selling General And Administration": 6822000.0,
        "General And Administrative Expense": 6822000.0,
        "Other Gand A": 6822000.0,
        "Total Revenue": 0.0,
        "Operating Revenue": 0.0
    },
    "2024-03-31": {
        "Tax Effect Of Unusual Items": 0.0,
        "Tax Rate For Calcs": 0.0,
        "Normalized EBITDA": -13192000.0,
        "Net Income From Continuing Operation Net Minority Interest": -10292000.0,
        "Reconciled Depreciation": -1969000.0,
        "EBITDA": -13192000.0,
        "EBIT": -13192000.0,
        "Normalized Income": -10292000.0,
        "Net Income From Continuing And Discontinued Operation": -10292000.0,
        "Total Expenses": 13192000.0,
        "Total Operating Income As Reported": -13192000.0,
        "Diluted Average Shares": 96486480.0,
        "Basic Average Shares": 96486480.0,
        "Diluted EPS": -0.11,
        "Basic EPS": -0.11,
        "Diluted NI Availto Com Stockholders": -10292000.0,
        "Net Income Common Stockholders": -10292000.0,
        "Net Income": -10292000.0,
        "Net Income Including Noncontrolling Interests": -10292000.0,
        "Net Income Continuous Operations": -10292000.0,
        "Pretax Income": -10292000.0,
        "Other Income Expense": 2900000.0,
        "Other Non Operating Income Expenses": 2900000.0,
        "Operating Income": -13192000.0,
        "Operating Expense": 13192000.0,
        "Research And Development": 5234000.0,
        "Selling General And Administration": 7958000.0,
        "General And Administrative Expense": 7958000.0,
        "Other Gand A": 7958000.0,
        "Total Revenue": 0.0,
        "Operating Revenue": 0.0
    }
}