{
    "2023-06-30": {
        "Tax Effect Of Unusual Items": 425426.011102,
        "Tax Rate For Calcs": 0.223791,
        "Normalized EBITDA": 23274000.0,
        "Total Unusual Items": 1901000.0,
        "Total Unusual Items Excluding Goodwill": 1901000.0,
        "Net Income From Continuing Operation Net Minority Interest": 14682000.0,
        "Reconciled Depreciation": 8142000.0,
        "Reconciled Cost Of Revenue": 39881000.0,
        "EBITDA": 25175000.0,
        "EBIT": 17033000.0,
        "Normalized Income": 13206426.011102,
        "Net Income From Continuing And Discontinued Operation": 14682000.0,
        "Total Expenses": 113383000.0,
        "Total Operating Income As Reported": 17033000.0,
        "Diluted Average Shares": 37426000.0,
        "Basic Average Shares": 36593000.0,
        "Diluted EPS": 0.39,
        "Basic EPS": 0.4,
        "Diluted NI Availto Com Stockholders": 14682000.0,
        "Net Income Common Stockholders": 14682000.0,
        "Net Income": 14682000.0,
        "Net Income Including Noncontrolling Interests": 14682000.0,
        "Net Income Continuous Operations": 14682000.0,
        "Tax Provision": 4233000.0,
        "Pretax Income": 18915000.0,
        "Other Income Expense": 1882000.0,
        "Other Non Operating Income Expenses": -19000.0,
        "Gain On Sale Of Security": 1901000.0,
        "Operating Income": 17033000.0,
        "Operating Expense": 68839000.0,
        "Depreciation Amortization Depletion Income Statement": 3479000.0,
        "Depreciation And Amortization In Income Statement": 3479000.0,
        "Amortization": 3479000.0,
        "Amortization Of Intangibles Income Statement": 3479000.0,
        "Research And Development": 13318000.0,
        "Selling General And Administration": 52042000.0,
        "Selling And Marketing Expense": 27821000.0,
        "General And Administrative Expense": 24221000.0,
        "Other Gand A": 15738000.0,
        "Salaries And Wages": 8483000.0,
        "Gross Profit": 85872000.0,
        "Cost Of Revenue": 44544000.0,
        "Total Revenue": 130416000.0,
        "Operating Revenue": 130416000.0
    },
    "2023-03-31": {
        "Tax Effect Of Unusual Items": 190730.201044,
        "Tax Rate For Calcs": 0.150894,
        "Normalized EBITDA": 23943000.0,
        "Total Unusual Items": 1264000.0,
        "Total Unusual Items Excluding Goodwill": 1264000.0,
        "Net Income From Continuing Operation Net Minority Interest": 15289000.0,
        "Reconciled Depreciation": 8477000.0,
        "Reconciled Cost Of Revenue": 38338000.0,
        "EBITDA": 25207000.0,
        "EBIT": 16730000.0,
        "Normalized Income": 14215730.201044,
        "Net Income From Continuing And Discontinued Operation": 15289000.0,
        "Total Expenses": 109138000.0,
        "Total Operating Income As Reported": 16730000.0,
        "Diluted Average Shares": 37155000.0,
        "Basic Average Shares": 36427000.0,
        "Diluted EPS": 0.41,
        "Basic EPS": 0.42,
        "Diluted NI Availto Com Stockholders": 15289000.0,
        "Net Income Common Stockholders": 15289000.0,
        "Net Income": 15289000.0,
        "Net Income Including Noncontrolling Interests": 15289000.0,
        "Net Income Continuous Operations": 15289000.0,
        "Tax Provision": 2717000.0,
        "Pretax Income": 18006000.0,
        "Other Income Expense": 1276000.0,
        "Other Non Operating Income Expenses": 12000.0,
        "Gain On Sale Of Security": 1264000.0,
        "Operating Income": 16730000.0,
        "Operating Expense": 66174000.0,
        "Depreciation Amortization Depletion Income Statement": 3851000.0,
        "Depreciation And Amortization In Income Statement": 3851000.0,
        "Amortization": 3851000.0,
        "Amortization Of Intangibles Income Statement": 3851000.0,
        "Research And Development": 12563000.0,
        "Selling General And Administration": 49760000.0,
        "Selling And Marketing Expense": 29083000.0,
        "General And Administrative Expense": 20677000.0,
        "Other Gand A": 20677000.0,
        "Salaries And Wages": NaN,
        "Gross Profit": 82904000.0,
        "Cost Of Revenue": 42964000.0,
        "Total Revenue": 125868000.0,
        "Operating Revenue": 125868000.0
    },
    "2022-12-31": {
        "Tax Effect Of Unusual Items": 431698.353077,
        "Tax Rate For Calcs": 0.233603,
        "Normalized EBITDA": 25436000.0,
        "Total Unusual Items": 1848000.0,
        "Total Unusual Items Excluding Goodwill": 1848000.0,
        "Net Income From Continuing Operation Net Minority Interest": 15915000.0,
        "Reconciled Depreciation": 8270000.0,
        "Reconciled Cost Of Revenue": 37103000.0,
        "EBITDA": 27284000.0,
        "EBIT": 19014000.0,
        "Normalized Income": 14498698.353077,
        "Net Income From Continuing And Discontinued Operation": 15915000.0,
        "Total Expenses": 103004000.0,
        "Total Operating Income As Reported": 19014000.0,
        "Diluted Average Shares": 36971000.0,
        "Basic Average Shares": 36159000.0,
        "Diluted EPS": 0.43,
        "Basic EPS": 0.44,
        "Diluted NI Availto Com Stockholders": 15915000.0,
        "Net Income Common Stockholders": 15915000.0,
        "Net Income": 15915000.0,
        "Net Income Including Noncontrolling Interests": 15915000.0,
        "Net Income Continuous Operations": 15915000.0,
        "Tax Provision": 4851000.0,
        "Pretax Income": 20766000.0,
        "Other Income Expense": 1752000.0,
        "Other Non Operating Income Expenses": -96000.0,
        "Gain On Sale Of Security": 1848000.0,
        "Operating Income": 19014000.0,
        "Operating Expense": 61463000.0,
        "Depreciation Amortization Depletion Income Statement": 3832000.0,
        "Depreciation And Amortization In Income Statement": 3832000.0,
        "Amortization": 3832000.0,
        "Amortization Of Intangibles Income Statement": 3832000.0,
        "Research And Development": 12480000.0,
        "Selling General And Administration": 45151000.0,
        "Selling And Marketing Expense": 33036000.0,
        "General And Administrative Expense": 12115000.0,
        "Other Gand A": 27024000.0,
        "Salaries And Wages": NaN,
        "Gross Profit": 80477000.0,
        "Cost Of Revenue": 41541000.0,
        "Total Revenue": 122018000.0,
        "Operating Revenue": 122018000.0
    },
    "2022-09-30": {
        "Tax Effect Of Unusual Items": -93160.305344,
        "Tax Rate For Calcs": 0.164885,
        "Normalized EBITDA": 27422000.0,
        "Total Unusual Items": -565000.0,
        "Total Unusual Items Excluding Goodwill": -565000.0,
        "Net Income From Continuing Operation Net Minority Interest": 15863000.0,
        "Reconciled Depreciation": 7167000.0,
        "Reconciled Cost Of Revenue": 34436000.0,
        "EBITDA": 26857000.0,
        "EBIT": 19690000.0,
        "Normalized Income": 16334839.694656,
        "Net Income From Continuing And Discontinued Operation": 15863000.0,
        "Total Expenses": 94796000.0,
        "Total Operating Income As Reported": 19690000.0,
        "Diluted Average Shares": 36915000.0,
        "Basic Average Shares": 36093000.0,
        "Diluted EPS": 0.43,
        "Basic EPS": 0.44,
        "Diluted NI Availto Com Stockholders": 15863000.0,
        "Net Income Common Stockholders": 15863000.0,
        "Net Income": 15863000.0,
        "Net Income Including Noncontrolling Interests": 15863000.0,
        "Net Income Continuous Operations": 15863000.0,
        "Tax Provision": 3132000.0,
        "Pretax Income": 18995000.0,
        "Other Income Expense": -695000.0,
        "Other Non Operating Income Expenses": -130000.0,
        "Gain On Sale Of Security": -565000.0,
        "Operating Income": 19690000.0,
        "Operating Expense": 56191000.0,
        "Depreciation Amortization Depletion Income Statement": 2998000.0,
        "Depreciation And Amortization In Income Statement": 2998000.0,
        "Amortization": 2998000.0,
        "Amortization Of Intangibles Income Statement": 2998000.0,
        "Research And Development": 11135000.0,
        "Selling General And Administration": 42058000.0,
        "Selling And Marketing Expense": 25334000.0,
        "General And Administrative Expense": 16724000.0,
        "Other Gand A": 16724000.0,
        "Salaries And Wages": NaN,
        "Gross Profit": 75881000.0,
        "Cost Of Revenue": 38605000.0,
        "Total Revenue": 114486000.0,
        "Operating Revenue": 114486000.0
    },
    "2022-06-30": {
        "Tax Effect Of Unusual Items": -306078.947368,
        "Tax Rate For Calcs": 0.265003,
        "Normalized EBITDA": 23541000.0,
        "Total Unusual Items": -1155000.0,
        "Total Unusual Items Excluding Goodwill": -1155000.0,
        "Net Income From Continuing Operation Net Minority Interest": 10753000.0,
        "Reconciled Depreciation": 6418000.0,
        "Reconciled Cost Of Revenue": 33580000.0,
        "EBITDA": 22386000.0,
        "EBIT": 15968000.0,
        "Normalized Income": 11601921.052632,
        "Net Income From Continuing And Discontinued Operation": 10753000.0,
        "Total Expenses": 93210000.0,
        "Total Operating Income As Reported": 15968000.0,
        "Diluted Average Shares": 36862000.0,
        "Basic Average Shares": 36085000.0,
        "Diluted EPS": 0.29,
        "Basic EPS": 0.3,
        "Diluted NI Availto Com Stockholders": 10753000.0,
        "Net Income Common Stockholders": 10753000.0,
        "Net Income": 10753000.0,
        "Net Income Including Noncontrolling Interests": 10753000.0,
        "Net Income Continuous Operations": 10753000.0,
        "Tax Provision": 3877000.0,
        "Pretax Income": 14630000.0,
        "Other Income Expense": -1338000.0,
        "Other Non Operating Income Expenses": -183000.0,
        "Gain On Sale Of Security": -1155000.0,
        "Operating Income": 15968000.0,
        "Operating Expense": 55680000.0,
        "Depreciation Amortization Depletion Income Statement": 2468000.0,
        "Depreciation And Amortization In Income Statement": 2468000.0,
        "Amortization": 2468000.0,
        "Amortization Of Intangibles Income Statement": 2468000.0,
        "Research And Development": 11432000.0,
        "Selling General And Administration": 41780000.0,
        "Selling And Marketing Expense": 24582000.0,
        "General And Administrative Expense": 17198000.0,
        "Other Gand A": 17198000.0,
        "Salaries And Wages": NaN,
        "Gross Profit": 71648000.0,
        "Cost Of Revenue": 37530000.0,
        "Total Revenue": 109178000.0,
        "Operating Revenue": 109178000.0
    },
    "2022-03-31": {
        "Diluted EPS": 0.34,
        "Total Revenue": 105,
        "Gross Profit": 70,
        "Operating Income": 17,
        "EBIT": 23,
        "Net Income": 13
    },
    "2021-12-31": {
        "Diluted EPS": 0.34,
        "Total Revenue": 103,
        "Gross Profit": 67,
        "Operating Income": 15,
        "EBIT": 22,
        "Net Income": 13
    },
    "2021-09-30": {
        "Diluted EPS": 0.31,
        "Total Revenue": 98,
        "Gross Profit": 64,
        "Operating Income": 14,
        "EBIT": 20,
        "Net Income": 11
    },
    "2021-06-30": {
        "Diluted EPS": 0.28,
        "Total Revenue": 95,
        "Gross Profit": 63,
        "Operating Income": 14,
        "EBIT": 20,
        "Net Income": 10
    },
    "2021-03-31": {
        "Diluted EPS": 0.28,
        "Total Revenue": 90,
        "Gross Profit": 60,
        "Operating Income": 13,
        "EBIT": 19,
        "Net Income": 10
    },
    "2020-12-31": {
        "Diluted EPS": 0.38,
        "Total Revenue": 83,
        "Gross Profit": 56,
        "Operating Income": 14,
        "EBIT": 19,
        "Net Income": 13
    },
    "2020-09-30": {
        "Diluted EPS": 0.31,
        "Total Revenue": 80,
        "Gross Profit": 55,
        "Operating Income": 14,
        "EBIT": 18,
        "Net Income": 11
    },
    "2020-06-30": {
        "Diluted EPS": 0.31,
        "Total Revenue": 76,
        "Gross Profit": 51,
        "Operating Income": 11,
        "EBIT": 16,
        "Net Income": 11
    },
    "2020-03-31": {
        "Diluted EPS": 0.26,
        "Total Revenue": 74,
        "Gross Profit": 51,
        "Operating Income": 12,
        "EBIT": 16,
        "Net Income": 10
    },
    "2019-12-31": {
        "Diluted EPS": 0.26,
        "Total Revenue": 73,
        "Gross Profit": 49,
        "Operating Income": 11,
        "EBIT": 15,
        "Net Income": 9
    },
    "2019-09-30": {
        "Diluted EPS": 0.25,
        "Total Revenue": 71,
        "Gross Profit": 48,
        "Operating Income": 11,
        "EBIT": 15,
        "Net Income": 9
    },
    "2019-06-30": {
        "Diluted EPS": 0.24,
        "Total Revenue": 69,
        "Gross Profit": 45,
        "Operating Income": 9,
        "EBIT": 13,
        "Net Income": 9
    },
    "2019-03-31": {
        "Diluted EPS": 0.19,
        "Total Revenue": 67,
        "Gross Profit": 46,
        "Operating Income": 7,
        "EBIT": 11,
        "Net Income": 7
    },
    "2018-12-31": {
        "Diluted EPS": 0.2,
        "Total Revenue": 65,
        "Gross Profit": 44,
        "Operating Income": 8,
        "EBIT": 12,
        "Net Income": 7
    },
    "2018-09-30": {
        "Diluted EPS": 0.23,
        "Total Revenue": 63,
        "Gross Profit": 42,
        "Operating Income": 8,
        "EBIT": 11,
        "Net Income": 8
    },
    "2018-06-30": {
        "Diluted EPS": 0.16,
        "Total Revenue": 61,
        "Gross Profit": 41,
        "Operating Income": 6,
        "EBIT": 9,
        "Net Income": 5
    },
    "2018-03-31": {
        "Diluted EPS": 0.1,
        "Total Revenue": 59,
        "Gross Profit": 39,
        "Operating Income": 4,
        "EBIT": 8,
        "Net Income": 3
    },
    "2017-12-31": {
        "Diluted EPS": -0.2,
        "Total Revenue": 58,
        "Gross Profit": 39,
        "Operating Income": 0,
        "EBIT": 3,
        "Net Income": -7
    },
    "2017-09-30": {
        "Diluted EPS": 0.07,
        "Total Revenue": 56,
        "Gross Profit": 37,
        "Operating Income": 3,
        "EBIT": 6,
        "Net Income": 2
    },
    "2017-06-30": {
        "Diluted EPS": 0.06,
        "Total Revenue": 54,
        "Gross Profit": 36,
        "Operating Income": 3,
        "EBIT": 6,
        "Net Income": 2
    },
    "2017-03-31": {
        "Diluted EPS": 0.09,
        "Total Revenue": 52,
        "Gross Profit": 35,
        "Operating Income": 3,
        "EBIT": 6,
        "Net Income": 3
    },
    "2016-12-31": {
        "Diluted EPS": 0.04,
        "Total Revenue": 51,
        "Gross Profit": 34,
        "Operating Income": 2,
        "EBIT": 4,
        "Net Income": 1
    },
    "2016-09-30": {
        "Diluted EPS": 0.07,
        "Total Revenue": 49,
        "Gross Profit": 33,
        "Operating Income": 3,
        "EBIT": 5,
        "Net Income": 3
    },
    "2016-06-30": {
        "Diluted EPS": 0.01,
        "Total Revenue": 47,
        "Gross Profit": 31,
        "Operating Income": 1,
        "EBIT": 4,
        "Net Income": 0
    },
    "2016-03-31": {
        "Diluted EPS": 0.03,
        "Total Revenue": 46,
        "Gross Profit": 31,
        "Operating Income": 1,
        "EBIT": 4,
        "Net Income": 1
    },
    "2015-12-31": {
        "Diluted EPS": 0.07,
        "Total Revenue": 42,
        "Gross Profit": 29,
        "Operating Income": 3,
        "EBIT": 5,
        "Net Income": 2
    },
    "2015-09-30": {
        "Diluted EPS": 0.04,
        "Total Revenue": 40,
        "Gross Profit": 28,
        "Operating Income": 2,
        "EBIT": 5,
        "Net Income": 1
    },
    "2015-06-30": {
        "Diluted EPS": 0.02,
        "Total Revenue": 39,
        "Gross Profit": 27,
        "Operating Income": 1,
        "EBIT": 3,
        "Net Income": 1
    },
    "2015-03-31": {
        "Diluted EPS": 0.02,
        "Total Revenue": 37,
        "Gross Profit": 25,
        "Operating Income": 1,
        "EBIT": 3,
        "Net Income": 1
    },
    "2014-12-31": {
        "Diluted EPS": 0.03,
        "Total Revenue": 35,
        "Gross Profit": 24,
        "Operating Income": 1,
        "EBIT": 4,
        "Net Income": 1
    },
    "2014-09-30": {
        "Diluted EPS": 0.03,
        "Total Revenue": 33,
        "Gross Profit": 23,
        "Operating Income": 1,
        "EBIT": 3,
        "Net Income": 1
    },
    "2014-06-30": {
        "Diluted EPS": 0.02,
        "Total Revenue": 31,
        "Gross Profit": 21,
        "Operating Income": 1,
        "EBIT": 3,
        "Net Income": 1
    },
    "2014-03-31": {
        "Diluted EPS": 0.01,
        "Total Revenue": 29,
        "Gross Profit": 20,
        "Operating Income": 1,
        "EBIT": 3,
        "Net Income": 0
    },
    "2013-12-31": {
        "Diluted EPS": 0.01,
        "Total Revenue": 28,
        "Gross Profit": 19,
        "Operating Income": 1,
        "EBIT": 3,
        "Net Income": 0
    },
    "2013-09-30": {
        "Diluted EPS": 0.01,
        "Total Revenue": 27,
        "Gross Profit": 19,
        "Operating Income": 0,
        "EBIT": 3,
        "Net Income": 0
    },
    "2013-06-30": {
        "Diluted EPS": 0.01,
        "Total Revenue": 26,
        "Gross Profit": 18,
        "Operating Income": 0,
        "EBIT": 2,
        "Net Income": 0
    },
    "2013-03-31": {
        "Diluted EPS": 0.01,
        "Total Revenue": 24,
        "Gross Profit": 17,
        "Operating Income": 0,
        "EBIT": 2,
        "Net Income": 0
    },
    "2012-12-31": {
        "Diluted EPS": 0.02,
        "Total Revenue": 22,
        "Gross Profit": 16,
        "Operating Income": 0,
        "EBIT": 2,
        "Net Income": 0
    },
    "2012-09-30": {
        "Diluted EPS": 0.01,
        "Total Revenue": 20,
        "Gross Profit": 14,
        "Operating Income": 0,
        "EBIT": 2,
        "Net Income": 0
    },
    "2012-06-30": {
        "Diluted EPS": 0.02,
        "Total Revenue": 18,
        "Gross Profit": 13,
        "Operating Income": 1,
        "EBIT": 2,
        "Net Income": 0
    },
    "2012-03-31": {
        "Diluted EPS": 0.01,
        "Total Revenue": 17,
        "Gross Profit": 12,
        "Operating Income": 0,
        "EBIT": 1,
        "Net Income": 0
    },
    "2011-12-31": {
        "Diluted EPS": 0.52,
        "Total Revenue": 16,
        "Gross Profit": 12,
        "Operating Income": 0,
        "EBIT": 1,
        "Net Income": 13
    },
    "2011-09-30": {
        "Diluted EPS": 0.01,
        "Total Revenue": 16,
        "Gross Profit": 11,
        "Operating Income": 0,
        "EBIT": 1,
        "Net Income": 0
    },
    "2011-06-30": {
        "Diluted EPS": -0.01,
        "Total Revenue": 14,
        "Gross Profit": 10,
        "Operating Income": 0,
        "EBIT": 1,
        "Net Income": 0
    },
    "2011-03-31": {
        "Diluted EPS": 0.02,
        "Total Revenue": 13,
        "Gross Profit": 9,
        "Operating Income": 1,
        "EBIT": 1,
        "Net Income": 0
    },
    "2010-12-31": {
        "Diluted EPS": 0.02,
        "Total Revenue": 12,
        "Gross Profit": 9,
        "Operating Income": 0,
        "EBIT": 1,
        "Net Income": 0
    },
    "2010-09-30": {
        "Diluted EPS": 0.04,
        "Total Revenue": 11,
        "Gross Profit": 8,
        "Operating Income": 1,
        "EBIT": 1,
        "Net Income": 1
    },
    "2010-06-30": {
        "Diluted EPS": 0.03,
        "Total Revenue": 11,
        "Gross Profit": 8,
        "Operating Income": 1,
        "EBIT": 1,
        "Net Income": 1
    },
    "2010-03-31": {
        "Diluted EPS": 0.05,
        "Total Revenue": 10,
        "Gross Profit": 7,
        "Operating Income": 1,
        "EBIT": 1,
        "Net Income": 1
    },
    "2009-12-31": {
        "Diluted EPS": 0.01,
        "Total Revenue": 10,
        "Gross Profit": 7,
        "Operating Income": 1,
        "EBIT": 1,
        "Net Income": 0
    },
    "2009-09-30": {
        "Diluted EPS": 0.02,
        "Total Revenue": 10,
        "Gross Profit": 7,
        "Operating Income": 0,
        "EBIT": 1,
        "Net Income": 0
    },
    "2009-06-30": {
        "Diluted EPS": 0.04,
        "Total Revenue": 10,
        "Gross Profit": 7,
        "Operating Income": 1,
        "EBIT": 1,
        "Net Income": 1
    },
    "2009-03-31": {
        "Diluted EPS": -0.08,
        "Total Revenue": 9,
        "Gross Profit": 6,
        "Operating Income": 0,
        "EBIT": 0,
        "Net Income": 0
    },
    "2023-09-30": {
        "Tax Effect Of Unusual Items": 669003.497601,
        "Tax Rate For Calcs": 0.244787,
        "Normalized EBITDA": 26329000.0,
        "Total Unusual Items": 2733000.0,
        "Total Unusual Items Excluding Goodwill": 2733000.0,
        "Net Income From Continuing Operation Net Minority Interest": 16842000.0,
        "Reconciled Depreciation": 8463000.0,
        "Reconciled Cost Of Revenue": 40846000.0,
        "EBITDA": 29062000.0,
        "EBIT": 20599000.0,
        "Normalized Income": 14778003.497601,
        "Net Income From Continuing And Discontinued Operation": 16842000.0,
        "Total Expenses": 115062000.0,
        "Total Operating Income As Reported": 20599000.0,
        "Diluted Average Shares": 37584000.0,
        "Basic Average Shares": 36728000.0,
        "Diluted EPS": 0.45,
        "Basic EPS": 0.46,
        "Diluted NI Availto Com Stockholders": 16842000.0,
        "Net Income Common Stockholders": 16842000.0,
        "Net Income": 16842000.0,
        "Net Income Including Noncontrolling Interests": 16842000.0,
        "Net Income Continuous Operations": 16842000.0,
        "Tax Provision": 5459000.0,
        "Pretax Income": 22301000.0,
        "Other Income Expense": 1702000.0,
        "Other Non Operating Income Expenses": -1031000.0,
        "Gain On Sale Of Security": 2733000.0,
        "Operating Income": 20599000.0,
        "Operating Expense": 69541000.0,
        "Depreciation Amortization Depletion Income Statement": 3788000.0,
        "Depreciation And Amortization In Income Statement": 3788000.0,
        "Amortization": 3788000.0,
        "Amortization Of Intangibles Income Statement": 3788000.0,
        "Research And Development": 13558000.0,
        "Selling General And Administration": 52195000.0,
        "Selling And Marketing Expense": 27861000.0,
        "General And Administrative Expense": 24334000.0,
        "Other Gand A": 17202000.0,
        "Salaries And Wages": 7132000.0,
        "Gross Profit": 90140000.0,
        "Cost Of Revenue": 45521000.0,
        "Total Revenue": 135661000.0,
        "Operating Revenue": 135661000.0
    }
}