{
    "2023-04-30": {
        "Tax Effect Of Unusual Items": 0.0,
        "Tax Rate For Calcs": 0.255498,
        "Normalized EBITDA": -10177000.0,
        "Total Unusual Items": NaN,
        "Total Unusual Items Excluding Goodwill": NaN,
        "Net Income From Continuing Operation Net Minority Interest": -15639000.0,
        "Reconciled Depreciation": 8782000.0,
        "Reconciled Cost Of Revenue": 187485000.0,
        "EBITDA": -10177000.0,
        "EBIT": -18959000.0,
        "Net Interest Income": -2047000.0,
        "Interest Expense": 2047000.0,
        "Normalized Income": -15639000.0,
        "Net Income From Continuing And Discontinued Operation": -15639000.0,
        "Total Expenses": 286488000.0,
        "Total Operating Income As Reported": -18959000.0,
        "Diluted Average Shares": 37610000.0,
        "Basic Average Shares": 37610000.0,
        "Diluted EPS": -0.42,
        "Basic EPS": -0.42,
        "Diluted NI Availto Com Stockholders": -15639000.0,
        "Net Income Common Stockholders": -15639000.0,
        "Net Income": -15639000.0,
        "Net Income Including Noncontrolling Interests": -15639000.0,
        "Net Income Continuous Operations": -15639000.0,
        "Tax Provision": -5367000.0,
        "Pretax Income": -21006000.0,
        "Special Income Charges": NaN,
        "Restructuring And Mergern Acquisition": NaN,
        "Net Non Operating Interest Income Expense": -2047000.0,
        "Interest Expense Non Operating": 2047000.0,
        "Operating Income": -18959000.0,
        "Operating Expense": 99003000.0,
        "Selling General And Administration": 99003000.0,
        "Gross Profit": 80044000.0,
        "Cost Of Revenue": 187485000.0,
        "Total Revenue": 267529000.0,
        "Operating Revenue": 267529000.0
    },
    "2023-01-31": {
        "Tax Effect Of Unusual Items": 0.0,
        "Tax Rate For Calcs": 0.232338,
        "Normalized EBITDA": 24805000.0,
        "Total Unusual Items": 0.0,
        "Total Unusual Items Excluding Goodwill": 0.0,
        "Net Income From Continuing Operation Net Minority Interest": 11029000.0,
        "Reconciled Depreciation": 8764000.0,
        "Reconciled Cost Of Revenue": 256481000.0,
        "EBITDA": 24805000.0,
        "EBIT": 16041000.0,
        "Net Interest Income": -1674000.0,
        "Interest Expense": 1674000.0,
        "Normalized Income": 11029000.0,
        "Net Income From Continuing And Discontinued Operation": 11029000.0,
        "Total Expenses": 363228000.0,
        "Total Operating Income As Reported": 16041000.0,
        "Diluted Average Shares": 37944000.0,
        "Basic Average Shares": 37642000.0,
        "Diluted EPS": 0.29,
        "Basic EPS": 0.29,
        "Diluted NI Availto Com Stockholders": 11029000.0,
        "Net Income Common Stockholders": 11029000.0,
        "Net Income": 11029000.0,
        "Net Income Including Noncontrolling Interests": 11029000.0,
        "Net Income Continuous Operations": 11029000.0,
        "Tax Provision": 3338000.0,
        "Pretax Income": 14367000.0,
        "Special Income Charges": 0.0,
        "Restructuring And Mergern Acquisition": 0.0,
        "Net Non Operating Interest Income Expense": -1674000.0,
        "Interest Expense Non Operating": 1674000.0,
        "Operating Income": 16041000.0,
        "Operating Expense": 106747000.0,
        "Selling General And Administration": 106747000.0,
        "Gross Profit": 122788000.0,
        "Cost Of Revenue": 256481000.0,
        "Total Revenue": 379269000.0,
        "Operating Revenue": 379269000.0
    },
    "2022-10-31": {
        "Tax Effect Of Unusual Items": 0.0,
        "Tax Rate For Calcs": 0.256224,
        "Normalized EBITDA": 26339000.0,
        "Total Unusual Items": NaN,
        "Total Unusual Items Excluding Goodwill": NaN,
        "Net Income From Continuing Operation Net Minority Interest": 12877000.0,
        "Reconciled Depreciation": 7839000.0,
        "Reconciled Cost Of Revenue": 238898000.0,
        "EBITDA": 26339000.0,
        "EBIT": 18500000.0,
        "Net Interest Income": -1187000.0,
        "Interest Expense": 1187000.0,
        "Normalized Income": 12877000.0,
        "Net Income From Continuing And Discontinued Operation": 12877000.0,
        "Total Expenses": 341220000.0,
        "Total Operating Income As Reported": 18500000.0,
        "Diluted Average Shares": 38681000.0,
        "Basic Average Shares": 38414000.0,
        "Diluted EPS": 0.33,
        "Basic EPS": 0.34,
        "Diluted NI Availto Com Stockholders": 12877000.0,
        "Net Income Common Stockholders": 12877000.0,
        "Net Income": 12877000.0,
        "Net Income Including Noncontrolling Interests": 12877000.0,
        "Net Income Continuous Operations": 12877000.0,
        "Tax Provision": 4436000.0,
        "Pretax Income": 17313000.0,
        "Special Income Charges": NaN,
        "Restructuring And Mergern Acquisition": NaN,
        "Net Non Operating Interest Income Expense": -1187000.0,
        "Interest Expense Non Operating": 1187000.0,
        "Operating Income": 18500000.0,
        "Operating Expense": 102322000.0,
        "Selling General And Administration": 102322000.0,
        "Gross Profit": 120822000.0,
        "Cost Of Revenue": 238898000.0,
        "Total Revenue": 359720000.0,
        "Operating Revenue": 359720000.0
    },
    "2022-07-31": {
        "Tax Effect Of Unusual Items": 0.0,
        "Tax Rate For Calcs": 0.260013,
        "Normalized EBITDA": 28278000.0,
        "Total Unusual Items": NaN,
        "Total Unusual Items Excluding Goodwill": NaN,
        "Net Income From Continuing Operation Net Minority Interest": 14614000.0,
        "Reconciled Depreciation": 7762000.0,
        "Reconciled Cost Of Revenue": 233482000.0,
        "EBITDA": 28278000.0,
        "EBIT": 20516000.0,
        "Net Interest Income": -767000.0,
        "Interest Expense": 767000.0,
        "Normalized Income": 14614000.0,
        "Net Income From Continuing And Discontinued Operation": 14614000.0,
        "Total Expenses": 330505000.0,
        "Total Operating Income As Reported": 20516000.0,
        "Diluted Average Shares": 42194000.0,
        "Basic Average Shares": 41962000.0,
        "Diluted EPS": 0.35,
        "Basic EPS": 0.35,
        "Diluted NI Availto Com Stockholders": 14614000.0,
        "Net Income Common Stockholders": 14614000.0,
        "Net Income": 14614000.0,
        "Net Income Including Noncontrolling Interests": 14614000.0,
        "Net Income Continuous Operations": 14614000.0,
        "Tax Provision": 5135000.0,
        "Pretax Income": 19749000.0,
        "Special Income Charges": NaN,
        "Restructuring And Mergern Acquisition": NaN,
        "Net Non Operating Interest Income Expense": -767000.0,
        "Interest Expense Non Operating": 767000.0,
        "Operating Income": 20516000.0,
        "Operating Expense": 97023000.0,
        "Selling General And Administration": 97023000.0,
        "Gross Profit": 117539000.0,
        "Cost Of Revenue": 233482000.0,
        "Total Revenue": 351021000.0,
        "Operating Revenue": 351021000.0
    },
    "2022-04-30": {
        "Diluted EPS": 0.05,
        "Total Revenue": 310,
        "Gross Profit": 99,
        "Operating Income": 3,
        "EBIT": 10,
        "Net Income": 2
    },
    "2022-01-31": {
        "Diluted EPS": 1.32,
        "Total Revenue": 416,
        "Gross Profit": 137,
        "Operating Income": 23,
        "EBIT": 31,
        "Net Income": 58
    },
    "2021-10-31": {
        "Diluted EPS": 0.49,
        "Total Revenue": 401,
        "Gross Profit": 130,
        "Operating Income": 30,
        "EBIT": 36,
        "Net Income": 22
    },
    "2021-07-31": {
        "Diluted EPS": 0.4,
        "Total Revenue": 362,
        "Gross Profit": 120,
        "Operating Income": 24,
        "EBIT": 31,
        "Net Income": 18
    },
    "2021-04-30": {
        "Diluted EPS": 0.23,
        "Total Revenue": 327,
        "Gross Profit": 104,
        "Operating Income": 14,
        "EBIT": 19,
        "Net Income": 10
    },
    "2021-01-31": {
        "Diluted EPS": 0.68,
        "Total Revenue": 438,
        "Gross Profit": 142,
        "Operating Income": 39,
        "EBIT": 45,
        "Net Income": 30
    },
    "2020-10-31": {
        "Diluted EPS": 0.68,
        "Total Revenue": 386,
        "Gross Profit": 131,
        "Operating Income": 38,
        "EBIT": 44,
        "Net Income": 30
    },
    "2020-07-31": {
        "Diluted EPS": 0.73,
        "Total Revenue": 381,
        "Gross Profit": 129,
        "Operating Income": 45,
        "EBIT": 51,
        "Net Income": 32
    },
    "2020-04-30": {
        "Diluted EPS": -0.03,
        "Total Revenue": 247,
        "Gross Profit": 75,
        "Operating Income": 0,
        "EBIT": 5,
        "Net Income": -1
    },
    "2020-01-31": {
        "Diluted EPS": 0.22,
        "Total Revenue": 258,
        "Gross Profit": 85,
        "Operating Income": 13,
        "EBIT": 19,
        "Net Income": 10
    },
    "2019-10-31": {
        "Diluted EPS": 0.24,
        "Total Revenue": 242,
        "Gross Profit": 84,
        "Operating Income": 16,
        "EBIT": 21,
        "Net Income": 10
    },
    "2019-07-31": {
        "Diluted EPS": 0.13,
        "Total Revenue": 212,
        "Gross Profit": 73,
        "Operating Income": 10,
        "EBIT": 14,
        "Net Income": 5
    },
    "2019-04-30": {
        "Diluted EPS": -0.13,
        "Total Revenue": 174,
        "Gross Profit": 54,
        "Operating Income": -5,
        "EBIT": -1,
        "Net Income": -5
    },
    "2019-01-31": {
        "Diluted EPS": 0.25,
        "Total Revenue": 243,
        "Gross Profit": 80,
        "Operating Income": 17,
        "EBIT": 22,
        "Net Income": 11
    },
    "2018-10-31": {
        "Diluted EPS": 0.29,
        "Total Revenue": 223,
        "Gross Profit": 78,
        "Operating Income": 18,
        "EBIT": 22,
        "Net Income": 12
    },
    "2018-07-31": {
        "Diluted EPS": 0.15,
        "Total Revenue": 203,
        "Gross Profit": 72,
        "Operating Income": 13,
        "EBIT": 19,
        "Net Income": 7
    },
    "2018-04-30": {
        "Diluted EPS": -0.14,
        "Total Revenue": 180,
        "Gross Profit": 56,
        "Operating Income": -4,
        "EBIT": 1,
        "Net Income": -6
    },
    "2018-01-31": {
        "Diluted EPS": 0.15,
        "Total Revenue": 243,
        "Gross Profit": 80,
        "Operating Income": 17,
        "EBIT": 22,
        "Net Income": 6
    },
    "2017-10-31": {
        "Diluted EPS": 0.23,
        "Total Revenue": 218,
        "Gross Profit": 77,
        "Operating Income": 20,
        "EBIT": 24,
        "Net Income": 10
    },
    "2017-07-31": {
        "Diluted EPS": 0.15,
        "Total Revenue": 191,
        "Gross Profit": 69,
        "Operating Income": 14,
        "EBIT": 19,
        "Net Income": 7
    },
    "2017-04-30": {
        "Diluted EPS": -0.11,
        "Total Revenue": 157,
        "Gross Profit": 49,
        "Operating Income": -4,
        "EBIT": 0,
        "Net Income": -5
    },
    "2017-01-31": {
        "Diluted EPS": 0.24,
        "Total Revenue": 221,
        "Gross Profit": 74,
        "Operating Income": 21,
        "EBIT": 25,
        "Net Income": 11
    },
    "2016-10-31": {
        "Diluted EPS": 0.25,
        "Total Revenue": 217,
        "Gross Profit": 74,
        "Operating Income": 21,
        "EBIT": 25,
        "Net Income": 11
    },
    "2016-07-31": {
        "Diluted EPS": 0.2,
        "Total Revenue": 190,
        "Gross Profit": 66,
        "Operating Income": 17,
        "EBIT": 20,
        "Net Income": 8
    },
    "2016-04-30": {
        "Diluted EPS": 0.01,
        "Total Revenue": 152,
        "Gross Profit": 48,
        "Operating Income": 2,
        "EBIT": 6,
        "Net Income": 0
    },
    "2016-01-31": {
        "Diluted EPS": 0.27,
        "Total Revenue": 209,
        "Gross Profit": 71,
        "Operating Income": 22,
        "EBIT": 25,
        "Net Income": 11
    },
    "2015-10-31": {
        "Diluted EPS": 0.23,
        "Total Revenue": 192,
        "Gross Profit": 67,
        "Operating Income": 19,
        "EBIT": 22,
        "Net Income": 10
    },
    "2015-07-31": {
        "Diluted EPS": 0.19,
        "Total Revenue": 167,
        "Gross Profit": 58,
        "Operating Income": 17,
        "EBIT": 20,
        "Net Income": 8
    },
    "2015-04-30": {
        "Diluted EPS": -0.03,
        "Total Revenue": 139,
        "Gross Profit": 43,
        "Operating Income": 1,
        "EBIT": 4,
        "Net Income": -1
    },
    "2015-01-31": {
        "Diluted EPS": 0.11,
        "Total Revenue": 165,
        "Gross Profit": 62,
        "Operating Income": 14,
        "EBIT": 22,
        "Net Income": 3
    },
    "2014-10-31": {
        "Diluted EPS": 0.21,
        "Total Revenue": 183,
        "Gross Profit": 61,
        "Operating Income": 19,
        "EBIT": 21,
        "Net Income": 9
    },
    "2014-07-31": {
        "Diluted EPS": 0.12,
        "Total Revenue": 159,
        "Gross Profit": 53,
        "Operating Income": 12,
        "EBIT": 15,
        "Net Income": 5
    },
    "2014-04-30": {
        "Diluted EPS": -0.1,
        "Total Revenue": 132,
        "Gross Profit": 40,
        "Operating Income": 0,
        "EBIT": 2,
        "Net Income": -3
    },
    "2014-01-31": {
        "Diluted EPS": 0.22,
        "Total Revenue": 176,
        "Gross Profit": 57,
        "Operating Income": 16,
        "EBIT": 19,
        "Net Income": 7
    },
    "2013-10-31": {
        "Diluted EPS": 0.07,
        "Total Revenue": 175,
        "Gross Profit": 55,
        "Operating Income": 17,
        "EBIT": 25,
        "Net Income": 2
    },
    "2013-07-31": {
        "Diluted EPS": 0.23,
        "Total Revenue": 156,
        "Gross Profit": 52,
        "Operating Income": 16,
        "EBIT": 18,
        "Net Income": 8
    },
    "2013-04-30": {
        "Diluted EPS": 0.13,
        "Total Revenue": 137,
        "Gross Profit": 43,
        "Operating Income": 11,
        "EBIT": 12,
        "Net Income": 4
    },
    "2013-01-31": {
        "Diluted EPS": 0.0,
        "Total Revenue": NaN,
        "Gross Profit": NaN,
        "Operating Income": NaN,
        "EBIT": NaN,
        "Net Income": NaN
    },
    "2012-01-31": {
        "Diluted EPS": 0.0,
        "Total Revenue": NaN,
        "Gross Profit": NaN,
        "Operating Income": NaN,
        "EBIT": NaN,
        "Net Income": NaN
    },
    "2023-07-31": {
        "Tax Effect Of Unusual Items": 0.0,
        "Tax Rate For Calcs": 0.348136,
        "Normalized EBITDA": 7450000.0,
        "Total Unusual Items": NaN,
        "Total Unusual Items Excluding Goodwill": NaN,
        "Net Income From Continuing Operation Net Minority Interest": -3288000.0,
        "Reconciled Depreciation": 8967000.0,
        "Reconciled Cost Of Revenue": 208678000.0,
        "EBITDA": 7450000.0,
        "EBIT": -1517000.0,
        "Net Interest Income": -3527000.0,
        "Interest Expense": 3527000.0,
        "Normalized Income": -3288000.0,
        "Net Income From Continuing And Discontinued Operation": -3288000.0,
        "Total Expenses": 311012000.0,
        "Total Operating Income As Reported": -1517000.0,
        "Diluted Average Shares": 37498000.0,
        "Basic Average Shares": 37498000.0,
        "Diluted EPS": -0.09,
        "Basic EPS": -0.09,
        "Diluted NI Availto Com Stockholders": -3288000.0,
        "Net Income Common Stockholders": -3288000.0,
        "Net Income": -3288000.0,
        "Net Income Including Noncontrolling Interests": -3288000.0,
        "Net Income Continuous Operations": -3288000.0,
        "Tax Provision": -1756000.0,
        "Pretax Income": -5044000.0,
        "Special Income Charges": NaN,
        "Restructuring And Mergern Acquisition": NaN,
        "Net Non Operating Interest Income Expense": -3527000.0,
        "Interest Expense Non Operating": 3527000.0,
        "Operating Income": -1517000.0,
        "Operating Expense": 102334000.0,
        "Selling General And Administration": 102334000.0,
        "Gross Profit": 100817000.0,
        "Cost Of Revenue": 208678000.0,
        "Total Revenue": 309495000.0,
        "Operating Revenue": 309495000.0
    }
}