{
    "2023-03-31": {
        "Tax Effect Of Unusual Items": 0.0,
        "Tax Rate For Calcs": 0.224,
        "Normalized EBITDA": 63500000.0,
        "Total Unusual Items": NaN,
        "Total Unusual Items Excluding Goodwill": NaN,
        "Net Income From Continuing Operation Net Minority Interest": 39100000.0,
        "Reconciled Depreciation": 10700000.0,
        "Reconciled Cost Of Revenue": 245500000.0,
        "EBITDA": 63500000.0,
        "EBIT": 52800000.0,
        "Net Interest Income": -1900000.0,
        "Interest Expense": 2400000.0,
        "Interest Income": 500000.0,
        "Normalized Income": 39100000.0,
        "Net Income From Continuing And Discontinued Operation": 42800000.0,
        "Total Expenses": 350000000.0,
        "Total Operating Income As Reported": 49800000.0,
        "Diluted Average Shares": 46402000.0,
        "Basic Average Shares": 45382000.0,
        "Diluted EPS": 0.92,
        "Basic EPS": 0.94,
        "Diluted NI Availto Com Stockholders": 42800000.0,
        "Net Income Common Stockholders": 42800000.0,
        "Net Income": 42800000.0,
        "Net Income Including Noncontrolling Interests": 42800000.0,
        "Net Income Discontinuous Operations": 3700000.0,
        "Net Income Continuous Operations": 39100000.0,
        "Tax Provision": 11300000.0,
        "Pretax Income": 50400000.0,
        "Other Income Expense": 2500000.0,
        "Other Non Operating Income Expenses": 2500000.0,
        "Special Income Charges": NaN,
        "Restructuring And Mergern Acquisition": NaN,
        "Net Non Operating Interest Income Expense": -1900000.0,
        "Interest Expense Non Operating": 2400000.0,
        "Interest Income Non Operating": 500000.0,
        "Operating Income": 49800000.0,
        "Operating Expense": 100100000.0,
        "Depreciation Amortization Depletion Income Statement": 6300000.0,
        "Depreciation And Amortization In Income Statement": 6300000.0,
        "Amortization": 6300000.0,
        "Amortization Of Intangibles Income Statement": 6300000.0,
        "Selling General And Administration": 93800000.0,
        "Gross Profit": 149900000.0,
        "Cost Of Revenue": 249900000.0,
        "Total Revenue": 399800000.0,
        "Operating Revenue": 399800000.0
    },
    "2022-12-31": {
        "Tax Effect Of Unusual Items": -2877000.0,
        "Tax Rate For Calcs": 0.21,
        "Normalized EBITDA": 3200000.0,
        "Total Unusual Items": -13700000.0,
        "Total Unusual Items Excluding Goodwill": -13700000.0,
        "Net Income From Continuing Operation Net Minority Interest": -24800000.0,
        "Reconciled Depreciation": 9500000.0,
        "Reconciled Cost Of Revenue": 263000000.0,
        "EBITDA": -10500000.0,
        "EBIT": -20000000.0,
        "Net Interest Income": -1700000.0,
        "Interest Expense": 2000000.0,
        "Interest Income": 300000.0,
        "Normalized Income": -13977000.0,
        "Net Income From Continuing And Discontinued Operation": -27300000.0,
        "Total Expenses": 440500000.0,
        "Total Operating Income As Reported": -24900000.0,
        "Diluted Average Shares": 45236000.0,
        "Basic Average Shares": 45236000.0,
        "Diluted EPS": -0.6,
        "Basic EPS": -0.6,
        "Diluted NI Availto Com Stockholders": -27300000.0,
        "Net Income Common Stockholders": -27300000.0,
        "Net Income": -27300000.0,
        "Net Income Including Noncontrolling Interests": -27300000.0,
        "Net Income Discontinuous Operations": -2500000.0,
        "Net Income Continuous Operations": -24800000.0,
        "Tax Provision": 2800000.0,
        "Pretax Income": -22000000.0,
        "Other Income Expense": -9100000.0,
        "Other Non Operating Income Expenses": 4600000.0,
        "Special Income Charges": -13700000.0,
        "Other Special Charges": 0.0,
        "Impairment Of Capital Assets": 13700000.0,
        "Restructuring And Mergern Acquisition": 0.0,
        "Net Non Operating Interest Income Expense": -1700000.0,
        "Interest Expense Non Operating": 2000000.0,
        "Interest Income Non Operating": 300000.0,
        "Operating Income": -11200000.0,
        "Operating Expense": 173400000.0,
        "Other Operating Expenses": 73900000.0,
        "Depreciation Amortization Depletion Income Statement": 5400000.0,
        "Depreciation And Amortization In Income Statement": 5400000.0,
        "Amortization": 5400000.0,
        "Amortization Of Intangibles Income Statement": 5400000.0,
        "Selling General And Administration": 94100000.0,
        "Gross Profit": 162200000.0,
        "Cost Of Revenue": 267100000.0,
        "Total Revenue": 429300000.0,
        "Operating Revenue": 429300000.0
    },
    "2022-09-30": {
        "Tax Effect Of Unusual Items": -231000.0,
        "Tax Rate For Calcs": 0.21,
        "Normalized EBITDA": 25000000.0,
        "Total Unusual Items": -1100000.0,
        "Total Unusual Items Excluding Goodwill": -1100000.0,
        "Net Income From Continuing Operation Net Minority Interest": 12500000.0,
        "Reconciled Depreciation": 11300000.0,
        "Reconciled Cost Of Revenue": 232800000.0,
        "EBITDA": 23900000.0,
        "EBIT": 12600000.0,
        "Net Interest Income": -1600000.0,
        "Interest Expense": 2600000.0,
        "Interest Income": 1000000.0,
        "Normalized Income": 13369000.0,
        "Net Income From Continuing And Discontinued Operation": 3100000.0,
        "Total Expenses": 333200000.0,
        "Total Operating Income As Reported": 37300000.0,
        "Diluted Average Shares": 46132000.0,
        "Basic Average Shares": 45144000.0,
        "Diluted EPS": 0.07,
        "Basic EPS": 0.07,
        "Diluted NI Availto Com Stockholders": 3100000.0,
        "Net Income Common Stockholders": 3100000.0,
        "Net Income": 3100000.0,
        "Net Income Including Noncontrolling Interests": 3100000.0,
        "Net Income Discontinuous Operations": -9400000.0,
        "Net Income Continuous Operations": 12500000.0,
        "Tax Provision": -2500000.0,
        "Pretax Income": 10000000.0,
        "Other Income Expense": -25700000.0,
        "Other Non Operating Income Expenses": -24600000.0,
        "Special Income Charges": -1100000.0,
        "Other Special Charges": 1100000.0,
        "Impairment Of Capital Assets": 0.0,
        "Restructuring And Mergern Acquisition": 0.0,
        "Net Non Operating Interest Income Expense": -1600000.0,
        "Interest Expense Non Operating": 2600000.0,
        "Interest Income Non Operating": 1000000.0,
        "Operating Income": 37300000.0,
        "Operating Expense": 95800000.0,
        "Other Operating Expenses": NaN,
        "Depreciation Amortization Depletion Income Statement": 6700000.0,
        "Depreciation And Amortization In Income Statement": 6700000.0,
        "Amortization": 6700000.0,
        "Amortization Of Intangibles Income Statement": 6700000.0,
        "Selling General And Administration": 89100000.0,
        "Gross Profit": 133100000.0,
        "Cost Of Revenue": 237400000.0,
        "Total Revenue": 370500000.0,
        "Operating Revenue": 370500000.0
    },
    "2022-06-30": {
        "Tax Effect Of Unusual Items": -18700.0,
        "Tax Rate For Calcs": 0.187,
        "Normalized EBITDA": 37500000.0,
        "Total Unusual Items": -100000.0,
        "Total Unusual Items Excluding Goodwill": -100000.0,
        "Net Income From Continuing Operation Net Minority Interest": 19100000.0,
        "Reconciled Depreciation": 11600000.0,
        "Reconciled Cost Of Revenue": 224900000.0,
        "EBITDA": 37400000.0,
        "EBIT": 25800000.0,
        "Net Interest Income": -2000000.0,
        "Interest Expense": 2300000.0,
        "Interest Income": 300000.0,
        "Normalized Income": 19181300.0,
        "Net Income From Continuing And Discontinued Operation": 13000000.0,
        "Total Expenses": 326700000.0,
        "Total Operating Income As Reported": 27200000.0,
        "Diluted Average Shares": 46289000.0,
        "Basic Average Shares": 45444000.0,
        "Diluted EPS": 0.28,
        "Basic EPS": 0.29,
        "Diluted NI Availto Com Stockholders": 13000000.0,
        "Net Income Common Stockholders": 13000000.0,
        "Net Income": 13000000.0,
        "Net Income Including Noncontrolling Interests": 13000000.0,
        "Net Income Discontinuous Operations": -6100000.0,
        "Net Income Continuous Operations": 19100000.0,
        "Tax Provision": 4400000.0,
        "Pretax Income": 23500000.0,
        "Other Income Expense": -1800000.0,
        "Other Non Operating Income Expenses": -1700000.0,
        "Special Income Charges": -100000.0,
        "Other Special Charges": NaN,
        "Impairment Of Capital Assets": NaN,
        "Restructuring And Mergern Acquisition": 100000.0,
        "Net Non Operating Interest Income Expense": -2000000.0,
        "Interest Expense Non Operating": 2300000.0,
        "Interest Income Non Operating": 300000.0,
        "Operating Income": 27300000.0,
        "Operating Expense": 97300000.0,
        "Other Operating Expenses": 1900000.0,
        "Depreciation Amortization Depletion Income Statement": 7100000.0,
        "Depreciation And Amortization In Income Statement": 7100000.0,
        "Amortization": 7100000.0,
        "Amortization Of Intangibles Income Statement": 7100000.0,
        "Selling General And Administration": 88300000.0,
        "Gross Profit": 124600000.0,
        "Cost Of Revenue": 229400000.0,
        "Total Revenue": 354000000.0,
        "Operating Revenue": 354000000.0
    },
    "2023-06-30": {
        "Tax Effect Of Unusual Items": 0.0,
        "Tax Rate For Calcs": 0.169,
        "Normalized EBITDA": 67500000.0,
        "Total Unusual Items": 0.0,
        "Total Unusual Items Excluding Goodwill": 0.0,
        "Net Income From Continuing Operation Net Minority Interest": 38300000.0,
        "Reconciled Depreciation": 16000000.0,
        "Reconciled Cost Of Revenue": 255200000.0,
        "EBITDA": 67500000.0,
        "EBIT": 51500000.0,
        "Net Interest Income": -5200000.0,
        "Interest Expense": 5400000.0,
        "Interest Income": 200000.0,
        "Normalized Income": 38300000.0,
        "Net Income From Continuing And Discontinued Operation": 36000000.0,
        "Total Expenses": 372000000.0,
        "Total Operating Income As Reported": 51300000.0,
        "Diluted Average Shares": 46627000.0,
        "Basic Average Shares": 45533000.0,
        "Diluted EPS": 0.77,
        "Basic EPS": 0.79,
        "Diluted NI Availto Com Stockholders": 36000000.0,
        "Net Income Common Stockholders": 36000000.0,
        "Net Income": 36000000.0,
        "Net Income Including Noncontrolling Interests": 36000000.0,
        "Net Income Discontinuous Operations": -2300000.0,
        "Net Income Continuous Operations": 38300000.0,
        "Tax Provision": 7800000.0,
        "Pretax Income": 46100000.0,
        "Other Income Expense": NaN,
        "Other Non Operating Income Expenses": NaN,
        "Special Income Charges": 0.0,
        "Restructuring And Mergern Acquisition": 0.0,
        "Net Non Operating Interest Income Expense": -5200000.0,
        "Interest Expense Non Operating": 5400000.0,
        "Interest Income Non Operating": 200000.0,
        "Operating Income": 51300000.0,
        "Operating Expense": 112300000.0,
        "Depreciation Amortization Depletion Income Statement": 11500000.0,
        "Depreciation And Amortization In Income Statement": 11500000.0,
        "Amortization": 11500000.0,
        "Amortization Of Intangibles Income Statement": 11500000.0,
        "Selling General And Administration": 100800000.0,
        "Gross Profit": 163600000.0,
        "Cost Of Revenue": 259700000.0,
        "Total Revenue": 423300000.0,
        "Operating Revenue": 423300000.0
    },
    "2022-03-31": {
        "Diluted EPS": 0.25,
        "Total Revenue": 307,
        "Gross Profit": 104,
        "Operating Income": 11,
        "EBIT": 25,
        "Net Income": 11
    },
    "2021-12-31": {
        "Diluted EPS": 0.16,
        "Total Revenue": 350,
        "Gross Profit": 129,
        "Operating Income": 14,
        "EBIT": 54,
        "Net Income": 6
    },
    "2021-09-30": {
        "Diluted EPS": 7.08,
        "Total Revenue": 286,
        "Gross Profit": 96,
        "Operating Income": 18,
        "EBIT": 30,
        "Net Income": 330
    },
    "2021-06-30": {
        "Diluted EPS": 1.33,
        "Total Revenue": 297,
        "Gross Profit": 102,
        "Operating Income": 17,
        "EBIT": 28,
        "Net Income": 62
    },
    "2021-03-31": {
        "Diluted EPS": 0.58,
        "Total Revenue": 287,
        "Gross Profit": 104,
        "Operating Income": 25,
        "EBIT": 34,
        "Net Income": 27
    },
    "2020-12-31": {
        "Diluted EPS": 0.57,
        "Total Revenue": 234,
        "Gross Profit": 102,
        "Operating Income": 27,
        "EBIT": 38,
        "Net Income": 26
    },
    "2020-09-30": {
        "Diluted EPS": 0.5,
        "Total Revenue": 268,
        "Gross Profit": 92,
        "Operating Income": 20,
        "EBIT": 28,
        "Net Income": 23
    },
    "2020-06-30": {
        "Diluted EPS": 0.59,
        "Total Revenue": 258,
        "Gross Profit": 88,
        "Operating Income": 18,
        "EBIT": 22,
        "Net Income": 27
    },
    "2020-03-31": {
        "Diluted EPS": 0.5,
        "Total Revenue": 367,
        "Gross Profit": 114,
        "Operating Income": 32,
        "EBIT": 42,
        "Net Income": 23
    },
    "2019-12-31": {
        "Diluted EPS": 0.69,
        "Total Revenue": 43,
        "Gross Profit": 104,
        "Operating Income": 57,
        "EBIT": 57,
        "Net Income": 31
    },
    "2019-09-30": {
        "Diluted EPS": 0.48,
        "Total Revenue": 365,
        "Gross Profit": 106,
        "Operating Income": 28,
        "EBIT": 36,
        "Net Income": 22
    },
    "2019-06-30": {
        "Diluted EPS": 0.43,
        "Total Revenue": 372,
        "Gross Profit": 108,
        "Operating Income": 26,
        "EBIT": 35,
        "Net Income": 19
    },
    "2019-03-31": {
        "Diluted EPS": -0.02,
        "Total Revenue": 344,
        "Gross Profit": 83,
        "Operating Income": 3,
        "EBIT": 11,
        "Net Income": -1
    },
    "2018-12-31": {
        "Diluted EPS": 0.88,
        "Total Revenue": 419,
        "Gross Profit": 135,
        "Operating Income": 57,
        "EBIT": 64,
        "Net Income": 39
    },
    "2018-09-30": {
        "Diluted EPS": 0.15,
        "Total Revenue": 363,
        "Gross Profit": 88,
        "Operating Income": 13,
        "EBIT": 21,
        "Net Income": 7
    },
    "2018-06-30": {
        "Diluted EPS": 0.51,
        "Total Revenue": 379,
        "Gross Profit": 98,
        "Operating Income": 23,
        "EBIT": 30,
        "Net Income": 23
    },
    "2018-03-31": {
        "Diluted EPS": 0.28,
        "Total Revenue": 352,
        "Gross Profit": 90,
        "Operating Income": 19,
        "EBIT": 26,
        "Net Income": 12
    },
    "2017-12-31": {
        "Diluted EPS": 1.33,
        "Total Revenue": 387,
        "Gross Profit": 81,
        "Operating Income": 6,
        "EBIT": 12,
        "Net Income": 59
    },
    "2017-09-30": {
        "Diluted EPS": 0.51,
        "Total Revenue": 349,
        "Gross Profit": 85,
        "Operating Income": 30,
        "EBIT": 36,
        "Net Income": 22
    },
    "2017-06-30": {
        "Diluted EPS": -0.21,
        "Total Revenue": 350,
        "Gross Profit": 76,
        "Operating Income": 5,
        "EBIT": 12,
        "Net Income": -9
    },
    "2017-03-31": {
        "Diluted EPS": 0.4,
        "Total Revenue": 341,
        "Gross Profit": 88,
        "Operating Income": 19,
        "EBIT": 25,
        "Net Income": 17
    },
    "2016-12-31": {
        "Diluted EPS": -2.03,
        "Total Revenue": 395,
        "Gross Profit": 114,
        "Operating Income": 17,
        "EBIT": 49,
        "Net Income": -86
    },
    "2016-09-30": {
        "Diluted EPS": 0.04,
        "Total Revenue": 345,
        "Gross Profit": 81,
        "Operating Income": 11,
        "EBIT": 18,
        "Net Income": 2
    },
    "2016-06-30": {
        "Diluted EPS": -0.34,
        "Total Revenue": 371,
        "Gross Profit": 91,
        "Operating Income": 14,
        "EBIT": 20,
        "Net Income": -14
    },
    "2016-03-31": {
        "Diluted EPS": 0.31,
        "Total Revenue": 361,
        "Gross Profit": 90,
        "Operating Income": 28,
        "EBIT": 39,
        "Net Income": 13
    },
    "2015-12-31": {
        "Diluted EPS": -0.23,
        "Total Revenue": 510,
        "Gross Profit": 119,
        "Operating Income": -3,
        "EBIT": 3,
        "Net Income": -10
    },
    "2015-09-30": {
        "Diluted EPS": -2.58,
        "Total Revenue": 374,
        "Gross Profit": 3,
        "Operating Income": -114,
        "EBIT": -103,
        "Net Income": -105
    },
    "2015-06-30": {
        "Diluted EPS": 0.96,
        "Total Revenue": 459,
        "Gross Profit": 96,
        "Operating Income": -9,
        "EBIT": 2,
        "Net Income": 39
    },
    "2015-03-31": {
        "Diluted EPS": -0.18,
        "Total Revenue": 376,
        "Gross Profit": 75,
        "Operating Income": -45,
        "EBIT": -34,
        "Net Income": -7
    },
    "2014-12-31": {
        "Diluted EPS": -0.9,
        "Total Revenue": 556,
        "Gross Profit": 112,
        "Operating Income": -117,
        "EBIT": -81,
        "Net Income": -37
    },
    "2014-09-30": {
        "Diluted EPS": 1.51,
        "Total Revenue": 490,
        "Gross Profit": 113,
        "Operating Income": -2,
        "EBIT": -26,
        "Net Income": 63
    },
    "2014-06-30": {
        "Diluted EPS": 1.17,
        "Total Revenue": NaN,
        "Gross Profit": 347,
        "Operating Income": 90,
        "EBIT": 120,
        "Net Income": 51
    },
    "2014-03-31": {
        "Diluted EPS": 7.06,
        "Total Revenue": NaN,
        "Gross Profit": 302,
        "Operating Income": 16,
        "EBIT": 43,
        "Net Income": 318
    },
    "2013-12-31": {
        "Diluted EPS": 1.91,
        "Total Revenue": NaN,
        "Gross Profit": 401,
        "Operating Income": 134,
        "EBIT": 93,
        "Net Income": 87
    },
    "2013-09-30": {
        "Diluted EPS": 1.54,
        "Total Revenue": NaN,
        "Gross Profit": 337,
        "Operating Income": 97,
        "EBIT": 127,
        "Net Income": 69
    },
    "2013-06-30": {
        "Diluted EPS": 0.98,
        "Total Revenue": NaN,
        "Gross Profit": 330,
        "Operating Income": 71,
        "EBIT": 98,
        "Net Income": 45
    },
    "2013-03-31": {
        "Diluted EPS": 0.18,
        "Total Revenue": NaN,
        "Gross Profit": 293,
        "Operating Income": 30,
        "EBIT": 60,
        "Net Income": 9
    },
    "2012-12-31": {
        "Diluted EPS": 1.26,
        "Total Revenue": NaN,
        "Gross Profit": 389,
        "Operating Income": -287,
        "EBIT": 25,
        "Net Income": 62
    },
    "2012-09-30": {
        "Diluted EPS": 1.16,
        "Total Revenue": NaN,
        "Gross Profit": 318,
        "Operating Income": 77,
        "EBIT": 102,
        "Net Income": 58
    },
    "2012-06-30": {
        "Diluted EPS": 0.93,
        "Total Revenue": NaN,
        "Gross Profit": 333,
        "Operating Income": 69,
        "EBIT": 98,
        "Net Income": 47
    },
    "2012-03-31": {
        "Diluted EPS": 0.26,
        "Total Revenue": NaN,
        "Gross Profit": 300,
        "Operating Income": 17,
        "EBIT": 45,
        "Net Income": 14
    },
    "2011-12-31": {
        "Diluted EPS": 1.04,
        "Total Revenue": 985,
        "Gross Profit": 276,
        "Operating Income": 58,
        "EBIT": 81,
        "Net Income": 53
    },
    "2011-09-30": {
        "Diluted EPS": 1.2,
        "Total Revenue": NaN,
        "Gross Profit": 324,
        "Operating Income": 88,
        "EBIT": 110,
        "Net Income": 61
    },
    "2011-06-30": {
        "Diluted EPS": 0.67,
        "Total Revenue": NaN,
        "Gross Profit": 314,
        "Operating Income": 48,
        "EBIT": 94,
        "Net Income": 34
    },
    "2011-03-31": {
        "Diluted EPS": 0.45,
        "Total Revenue": 985,
        "Gross Profit": 293,
        "Operating Income": 42,
        "EBIT": 64,
        "Net Income": 23
    },
    "2010-12-31": {
        "Diluted EPS": 1.29,
        "Total Revenue": 537,
        "Gross Profit": 187,
        "Operating Income": 72,
        "EBIT": 73,
        "Net Income": 65
    },
    "2010-09-30": {
        "Diluted EPS": 0.78,
        "Total Revenue": NaN,
        "Gross Profit": 378,
        "Operating Income": 109,
        "EBIT": 136,
        "Net Income": 39
    },
    "2010-06-30": {
        "Diluted EPS": 1.57,
        "Total Revenue": NaN,
        "Gross Profit": 353,
        "Operating Income": 88,
        "EBIT": 116,
        "Net Income": 79
    },
    "2010-03-31": {
        "Diluted EPS": 0.44,
        "Total Revenue": NaN,
        "Gross Profit": 313,
        "Operating Income": 52,
        "EBIT": 80,
        "Net Income": 22
    },
    "2009-12-31": {
        "Diluted EPS": -1.45,
        "Total Revenue": 648,
        "Gross Profit": 229,
        "Operating Income": 122,
        "EBIT": 123,
        "Net Income": -72
    },
    "2009-09-30": {
        "Diluted EPS": 0.93,
        "Total Revenue": NaN,
        "Gross Profit": 355,
        "Operating Income": 102,
        "EBIT": 130,
        "Net Income": 46
    },
    "2009-06-30": {
        "Diluted EPS": 0.68,
        "Total Revenue": NaN,
        "Gross Profit": 348,
        "Operating Income": 78,
        "EBIT": 104,
        "Net Income": 33
    },
    "2009-03-31": {
        "Diluted EPS": 0.48,
        "Total Revenue": NaN,
        "Gross Profit": 332,
        "Operating Income": 73,
        "EBIT": 98,
        "Net Income": 24
    },
    "2023-09-30": {
        "Tax Effect Of Unusual Items": 0.0,
        "Tax Rate For Calcs": 0.258,
        "Normalized EBITDA": 78000000.0,
        "Total Unusual Items": 0.0,
        "Total Unusual Items Excluding Goodwill": 0.0,
        "Net Income From Continuing Operation Net Minority Interest": 35700000.0,
        "Reconciled Depreciation": 19700000.0,
        "Reconciled Cost Of Revenue": 275000000.0,
        "EBITDA": 78000000.0,
        "EBIT": 58300000.0,
        "Net Interest Income": -9400000.0,
        "Interest Expense": 10200000.0,
        "Interest Income": 800000.0,
        "Normalized Income": 35700000.0,
        "Net Income From Continuing And Discontinued Operation": -20400000.0,
        "Total Expenses": 391000000.0,
        "Total Operating Income As Reported": 57700000.0,
        "Diluted Average Shares": 46751000.0,
        "Basic Average Shares": 45608000.0,
        "Diluted EPS": -0.45,
        "Basic EPS": -0.45,
        "Diluted NI Availto Com Stockholders": -20400000.0,
        "Net Income Common Stockholders": -20400000.0,
        "Net Income": -20400000.0,
        "Net Income Including Noncontrolling Interests": -20400000.0,
        "Net Income Discontinuous Operations": -56100000.0,
        "Net Income Continuous Operations": 35700000.0,
        "Tax Provision": 12400000.0,
        "Pretax Income": 48100000.0,
        "Other Income Expense": -200000.0,
        "Other Non Operating Income Expenses": -200000.0,
        "Special Income Charges": 0.0,
        "Restructuring And Mergern Acquisition": 0.0,
        "Net Non Operating Interest Income Expense": -9400000.0,
        "Interest Expense Non Operating": 10200000.0,
        "Interest Income Non Operating": 800000.0,
        "Operating Income": 57700000.0,
        "Operating Expense": 110900000.0,
        "Depreciation Amortization Depletion Income Statement": 14600000.0,
        "Depreciation And Amortization In Income Statement": 14600000.0,
        "Amortization": 14600000.0,
        "Amortization Of Intangibles Income Statement": 14600000.0,
        "Selling General And Administration": 96300000.0,
        "Gross Profit": 168600000.0,
        "Cost Of Revenue": 280100000.0,
        "Total Revenue": 448700000.0,
        "Operating Revenue": 448700000.0
    },
    "2023-12-31": {
        "Tax Effect Of Unusual Items": -193764.98801,
        "Tax Rate For Calcs": 0.242206,
        "Normalized EBITDA": 68500000.0,
        "Total Unusual Items": -800000.0,
        "Total Unusual Items Excluding Goodwill": -800000.0,
        "Net Income From Continuing Operation Net Minority Interest": 31600000.0,
        "Reconciled Depreciation": 16800000.0,
        "Reconciled Cost Of Revenue": 276200000.0,
        "EBITDA": 67700000.0,
        "EBIT": 50900000.0,
        "Net Interest Income": -9000000.0,
        "Interest Expense": 9200000.0,
        "Interest Income": 200000.0,
        "Normalized Income": 32206235.01199,
        "Net Income From Continuing And Discontinued Operation": 31500000.0,
        "Total Expenses": 405500000.0,
        "Total Operating Income As Reported": 63100000.0,
        "Diluted Average Shares": 46873000.0,
        "Basic Average Shares": 45656000.0,
        "Diluted EPS": 0.67,
        "Basic EPS": 0.69,
        "Diluted NI Availto Com Stockholders": 31500000.0,
        "Net Income Common Stockholders": 31500000.0,
        "Net Income": 31500000.0,
        "Net Income Including Noncontrolling Interests": 31500000.0,
        "Net Income Discontinuous Operations": -100000.0,
        "Net Income Continuous Operations": 31600000.0,
        "Tax Provision": 10100000.0,
        "Pretax Income": 41700000.0,
        "Other Income Expense": -13200000.0,
        "Other Non Operating Income Expenses": -12400000.0,
        "Special Income Charges": -800000.0,
        "Restructuring And Mergern Acquisition": 800000.0,
        "Net Non Operating Interest Income Expense": -9000000.0,
        "Interest Expense Non Operating": 9200000.0,
        "Interest Income Non Operating": 200000.0,
        "Operating Income": 63900000.0,
        "Operating Expense": 124000000.0,
        "Depreciation Amortization Depletion Income Statement": 11500000.0,
        "Depreciation And Amortization In Income Statement": 11500000.0,
        "Amortization": 11500000.0,
        "Amortization Of Intangibles Income Statement": 11500000.0,
        "Selling General And Administration": 103500000.0,
        "Gross Profit": 187900000.0,
        "Cost Of Revenue": 281500000.0,
        "Total Revenue": 469400000.0,
        "Operating Revenue": 469400000.0
    }
}