{
    "2023-03-31": {
        "Tax Effect Of Unusual Items": NaN,
        "Tax Rate For Calcs": NaN,
        "Normalized EBITDA": NaN,
        "Net Income From Continuing Operation Net Minority Interest": NaN,
        "Reconciled Depreciation": NaN,
        "Reconciled Cost Of Revenue": NaN,
        "EBITDA": NaN,
        "EBIT": NaN,
        "Net Interest Income": NaN,
        "Interest Expense": NaN,
        "Normalized Income": NaN,
        "Net Income From Continuing And Discontinued Operation": NaN,
        "Total Expenses": NaN,
        "Total Operating Income As Reported": NaN,
        "Diluted Average Shares": 137182268.0,
        "Basic Average Shares": 134917610.0,
        "Diluted EPS": 0.003659,
        "Basic EPS": 0.003721,
        "Diluted NI Availto Com Stockholders": NaN,
        "Net Income Common Stockholders": NaN,
        "Net Income": NaN,
        "Net Income Including Noncontrolling Interests": NaN,
        "Net Income Continuous Operations": NaN,
        "Tax Provision": NaN,
        "Pretax Income": NaN,
        "Other Income Expense": NaN,
        "Other Non Operating Income Expenses": NaN,
        "Net Non Operating Interest Income Expense": NaN,
        "Interest Expense Non Operating": NaN,
        "Operating Income": NaN,
        "Operating Expense": NaN,
        "Research And Development": NaN,
        "Selling General And Administration": NaN,
        "Selling And Marketing Expense": NaN,
        "General And Administrative Expense": NaN,
        "Other Gand A": NaN,
        "Salaries And Wages": NaN,
        "Gross Profit": NaN,
        "Cost Of Revenue": NaN,
        "Total Revenue": NaN,
        "Operating Revenue": NaN
    },
    "2022-12-31": {
        "Tax Effect Of Unusual Items": NaN,
        "Tax Rate For Calcs": NaN,
        "Normalized EBITDA": NaN,
        "Net Income From Continuing Operation Net Minority Interest": NaN,
        "Reconciled Depreciation": NaN,
        "Reconciled Cost Of Revenue": NaN,
        "EBITDA": NaN,
        "EBIT": NaN,
        "Net Interest Income": NaN,
        "Interest Expense": NaN,
        "Normalized Income": NaN,
        "Net Income From Continuing And Discontinued Operation": NaN,
        "Total Expenses": NaN,
        "Total Operating Income As Reported": NaN,
        "Diluted Average Shares": NaN,
        "Basic Average Shares": NaN,
        "Diluted EPS": NaN,
        "Basic EPS": NaN,
        "Diluted NI Availto Com Stockholders": NaN,
        "Net Income Common Stockholders": NaN,
        "Otherunder Preferred Stock Dividend": 0.0,
        "Net Income": NaN,
        "Net Income Including Noncontrolling Interests": NaN,
        "Net Income Continuous Operations": NaN,
        "Tax Provision": NaN,
        "Pretax Income": NaN,
        "Other Income Expense": NaN,
        "Other Non Operating Income Expenses": NaN,
        "Net Non Operating Interest Income Expense": NaN,
        "Interest Expense Non Operating": NaN,
        "Operating Income": NaN,
        "Operating Expense": NaN,
        "Research And Development": NaN,
        "Selling General And Administration": NaN,
        "Selling And Marketing Expense": NaN,
        "General And Administrative Expense": NaN,
        "Other Gand A": NaN,
        "Salaries And Wages": NaN,
        "Gross Profit": NaN,
        "Cost Of Revenue": NaN,
        "Total Revenue": NaN,
        "Operating Revenue": NaN
    },
    "2022-09-30": {
        "Tax Effect Of Unusual Items": NaN,
        "Tax Rate For Calcs": NaN,
        "Normalized EBITDA": NaN,
        "Net Income From Continuing Operation Net Minority Interest": NaN,
        "Reconciled Depreciation": NaN,
        "Reconciled Cost Of Revenue": NaN,
        "EBITDA": NaN,
        "EBIT": NaN,
        "Net Interest Income": NaN,
        "Interest Expense": NaN,
        "Normalized Income": NaN,
        "Net Income From Continuing And Discontinued Operation": NaN,
        "Total Expenses": NaN,
        "Total Operating Income As Reported": NaN,
        "Diluted Average Shares": NaN,
        "Basic Average Shares": NaN,
        "Diluted EPS": NaN,
        "Basic EPS": NaN,
        "Diluted NI Availto Com Stockholders": NaN,
        "Net Income Common Stockholders": NaN,
        "Otherunder Preferred Stock Dividend": 0.0,
        "Net Income": NaN,
        "Net Income Including Noncontrolling Interests": NaN,
        "Net Income Continuous Operations": NaN,
        "Tax Provision": NaN,
        "Pretax Income": NaN,
        "Other Income Expense": NaN,
        "Other Non Operating Income Expenses": NaN,
        "Net Non Operating Interest Income Expense": NaN,
        "Interest Expense Non Operating": NaN,
        "Operating Income": NaN,
        "Operating Expense": NaN,
        "Research And Development": NaN,
        "Selling General And Administration": NaN,
        "Selling And Marketing Expense": NaN,
        "General And Administrative Expense": NaN,
        "Other Gand A": NaN,
        "Salaries And Wages": NaN,
        "Gross Profit": NaN,
        "Cost Of Revenue": NaN,
        "Total Revenue": NaN,
        "Operating Revenue": NaN
    },
    "2022-06-30": {
        "Tax Effect Of Unusual Items": 0.0,
        "Tax Rate For Calcs": 0.4,
        "Normalized EBITDA": 15164000.0,
        "Total Unusual Items": NaN,
        "Total Unusual Items Excluding Goodwill": NaN,
        "Net Income From Continuing Operation Net Minority Interest": 64496000.0,
        "Reconciled Depreciation": 7811000.0,
        "Reconciled Cost Of Revenue": 36993000.0,
        "EBITDA": 15164000.0,
        "EBIT": 15164000.0,
        "Net Interest Income": -3319000.0,
        "Interest Expense": 3319000.0,
        "Normalized Income": 64496000.0,
        "Net Income From Continuing And Discontinued Operation": 64496000.0,
        "Total Expenses": 203755000.0,
        "Total Operating Income As Reported": 8947000.0,
        "Diluted Average Shares": 142133303.0,
        "Basic Average Shares": 140082038.0,
        "Diluted EPS": 0.45,
        "Basic EPS": 0.46,
        "Diluted NI Availto Com Stockholders": 64496000.0,
        "Net Income Common Stockholders": 64496000.0,
        "Otherunder Preferred Stock Dividend": NaN,
        "Net Income": 64496000.0,
        "Net Income Including Noncontrolling Interests": 64496000.0,
        "Net Income Continuous Operations": 64496000.0,
        "Tax Provision": -52651000.0,
        "Pretax Income": 11845000.0,
        "Other Income Expense": 6217000.0,
        "Other Non Operating Income Expenses": 6217000.0,
        "Special Income Charges": NaN,
        "Impairment Of Capital Assets": NaN,
        "Net Non Operating Interest Income Expense": -3319000.0,
        "Interest Expense Non Operating": 3319000.0,
        "Operating Income": 8947000.0,
        "Operating Expense": 166762000.0,
        "Research And Development": 58829000.0,
        "Selling General And Administration": 107933000.0,
        "Selling And Marketing Expense": 68743000.0,
        "General And Administrative Expense": 39190000.0,
        "Other Gand A": 39190000.0,
        "Salaries And Wages": NaN,
        "Gross Profit": 175709000.0,
        "Cost Of Revenue": 36993000.0,
        "Total Revenue": 212702000.0,
        "Operating Revenue": 212702000.0
    },
    "2022-03-31": {
        "Diluted EPS": -0.67,
        "Total Revenue": 208,
        "Gross Profit": 171,
        "Operating Income": -35,
        "EBIT": -27,
        "Net Income": -93
    },
    "2021-12-31": {
        "Diluted EPS": 0.71,
        "Total Revenue": 207,
        "Gross Profit": 174,
        "Operating Income": 0,
        "EBIT": 9,
        "Net Income": -16
    },
    "2021-09-30": {
        "Diluted EPS": 0.02,
        "Total Revenue": 201,
        "Gross Profit": 168,
        "Operating Income": 7,
        "EBIT": 15,
        "Net Income": 3
    },
    "2021-06-30": {
        "Diluted EPS": -3.22,
        "Total Revenue": 196,
        "Gross Profit": 164,
        "Operating Income": -241,
        "EBIT": -233,
        "Net Income": -235
    },
    "2021-03-31": {
        "Diluted EPS": -0.11,
        "Total Revenue": 180,
        "Gross Profit": 152,
        "Operating Income": -7,
        "EBIT": 1,
        "Net Income": -2
    },
    "2020-12-31": {
        "Diluted EPS": 0.0,
        "Total Revenue": NaN,
        "Gross Profit": NaN,
        "Operating Income": NaN,
        "EBIT": NaN,
        "Net Income": NaN
    },
    "2020-09-30": {
        "Diluted EPS": 0.12,
        "Total Revenue": 162,
        "Gross Profit": 138,
        "Operating Income": 28,
        "EBIT": 33,
        "Net Income": 4
    },
    "2020-06-30": {
        "Diluted EPS": 0.13,
        "Total Revenue": 150,
        "Gross Profit": 126,
        "Operating Income": 27,
        "EBIT": 27,
        "Net Income": 4
    },
    "2019-12-31": {
        "Diluted EPS": 0.0,
        "Total Revenue": NaN,
        "Gross Profit": NaN,
        "Operating Income": NaN,
        "EBIT": NaN,
        "Net Income": NaN
    },
    "2023-06-30": {
        "Tax Effect Of Unusual Items": 0.0,
        "Tax Rate For Calcs": 0.21,
        "Normalized EBITDA": 45942000.0,
        "Net Income From Continuing Operation Net Minority Interest": 3660000.0,
        "Reconciled Depreciation": 7236000.0,
        "Reconciled Cost Of Revenue": 43167000.0,
        "EBITDA": 45942000.0,
        "EBIT": 38706000.0,
        "Net Interest Income": -8635000.0,
        "Interest Expense": 8635000.0,
        "Normalized Income": 3660000.0,
        "Net Income From Continuing And Discontinued Operation": 3660000.0,
        "Total Expenses": 210861000.0,
        "Total Operating Income As Reported": 36668000.0,
        "Diluted Average Shares": 138771613.0,
        "Basic Average Shares": 135302409.0,
        "Diluted EPS": 0.03,
        "Basic EPS": 0.03,
        "Diluted NI Availto Com Stockholders": 3660000.0,
        "Net Income Common Stockholders": 3660000.0,
        "Net Income": 3660000.0,
        "Net Income Including Noncontrolling Interests": 3660000.0,
        "Net Income Continuous Operations": 3660000.0,
        "Tax Provision": 26411000.0,
        "Pretax Income": 30071000.0,
        "Other Income Expense": 2038000.0,
        "Other Non Operating Income Expenses": 2038000.0,
        "Net Non Operating Interest Income Expense": -8635000.0,
        "Interest Expense Non Operating": 8635000.0,
        "Operating Income": 36668000.0,
        "Operating Expense": 167694000.0,
        "Research And Development": 61412000.0,
        "Selling General And Administration": 106282000.0,
        "Selling And Marketing Expense": 75373000.0,
        "General And Administrative Expense": 30909000.0,
        "Other Gand A": 30909000.0,
        "Salaries And Wages": 12280000.0,
        "Gross Profit": 204362000.0,
        "Cost Of Revenue": 43167000.0,
        "Total Revenue": 247529000.0,
        "Operating Revenue": 247529000.0
    },
    "2023-09-30": {
        "Tax Effect Of Unusual Items": 0.0,
        "Tax Rate For Calcs": 0.21,
        "Normalized EBITDA": 44471000.0,
        "Net Income From Continuing Operation Net Minority Interest": -16499000.0,
        "Reconciled Depreciation": 10498000.0,
        "Reconciled Cost Of Revenue": 51753000.0,
        "EBITDA": 44471000.0,
        "EBIT": 33973000.0,
        "Net Interest Income": -9321000.0,
        "Interest Expense": 9321000.0,
        "Normalized Income": -16499000.0,
        "Net Income From Continuing And Discontinued Operation": -16499000.0,
        "Total Expenses": 229415000.0,
        "Total Operating Income As Reported": 27646000.0,
        "Diluted Average Shares": 135736599.0,
        "Basic Average Shares": 135736599.0,
        "Diluted EPS": -0.12,
        "Basic EPS": -0.12,
        "Diluted NI Availto Com Stockholders": -16499000.0,
        "Net Income Common Stockholders": -16499000.0,
        "Net Income": -16499000.0,
        "Net Income Including Noncontrolling Interests": -16499000.0,
        "Net Income Continuous Operations": -16499000.0,
        "Tax Provision": 41151000.0,
        "Pretax Income": 24652000.0,
        "Other Income Expense": 6327000.0,
        "Other Non Operating Income Expenses": 6327000.0,
        "Net Non Operating Interest Income Expense": -9321000.0,
        "Interest Expense Non Operating": 9321000.0,
        "Operating Income": 27646000.0,
        "Operating Expense": 177662000.0,
        "Research And Development": 60491000.0,
        "Selling General And Administration": 117171000.0,
        "Selling And Marketing Expense": 81016000.0,
        "General And Administrative Expense": 36155000.0,
        "Other Gand A": 36155000.0,
        "Salaries And Wages": NaN,
        "Gross Profit": 205308000.0,
        "Cost Of Revenue": 51753000.0,
        "Total Revenue": 257061000.0,
        "Operating Revenue": 257061000.0
    },
    "2023-12-31": {
        "Tax Effect Of Unusual Items": 0.0,
        "Tax Rate For Calcs": 0.21,
        "Normalized EBITDA": 32707000.0,
        "Net Income From Continuing Operation Net Minority Interest": 5256000.0,
        "Reconciled Depreciation": 18952000.0,
        "Reconciled Cost Of Revenue": 69650000.0,
        "EBITDA": 32707000.0,
        "EBIT": 13755000.0,
        "Net Interest Income": -10718000.0,
        "Interest Expense": 10718000.0,
        "Normalized Income": 5256000.0,
        "Net Income From Continuing And Discontinued Operation": 5256000.0,
        "Total Expenses": 252800000.0,
        "Total Operating Income As Reported": 17918000.0,
        "Diluted Average Shares": 139387350.0,
        "Basic Average Shares": 136153002.0,
        "Diluted EPS": 0.04,
        "Basic EPS": 0.04,
        "Diluted NI Availto Com Stockholders": 5256000.0,
        "Net Income Common Stockholders": 5256000.0,
        "Net Income": 5256000.0,
        "Net Income Including Noncontrolling Interests": 5256000.0,
        "Net Income Continuous Operations": 5256000.0,
        "Tax Provision": -2219000.0,
        "Pretax Income": 3037000.0,
        "Other Income Expense": -4163000.0,
        "Other Non Operating Income Expenses": -4163000.0,
        "Net Non Operating Interest Income Expense": -10718000.0,
        "Interest Expense Non Operating": 10718000.0,
        "Operating Income": 17918000.0,
        "Operating Expense": 183150000.0,
        "Research And Development": 61715000.0,
        "Selling General And Administration": 121435000.0,
        "Selling And Marketing Expense": 91513000.0,
        "General And Administrative Expense": 29922000.0,
        "Other Gand A": 29922000.0,
        "Salaries And Wages": NaN,
        "Gross Profit": 201068000.0,
        "Cost Of Revenue": 69650000.0,
        "Total Revenue": 270718000.0,
        "Operating Revenue": 270718000.0
    },
    "2024-03-31": {
        "Tax Effect Of Unusual Items": 0.0,
        "Tax Rate For Calcs": 0.21,
        "Normalized EBITDA": 8421000.0,
        "Net Income From Continuing Operation Net Minority Interest": 144000.0,
        "Reconciled Depreciation": 18672000.0,
        "Reconciled Cost Of Revenue": 80774000.0,
        "EBITDA": 8421000.0,
        "EBIT": -10251000.0,
        "Net Interest Income": -10381000.0,
        "Interest Expense": 10381000.0,
        "Normalized Income": 144000.0,
        "Net Income From Continuing And Discontinued Operation": 144000.0,
        "Total Expenses": 295976000.0,
        "Total Operating Income As Reported": -14828000.0,
        "Diluted Average Shares": 140447379.0,
        "Basic Average Shares": 136936860.0,
        "Diluted EPS": 0.001025,
        "Basic EPS": 0.001052,
        "Diluted NI Availto Com Stockholders": 144000.0,
        "Net Income Common Stockholders": 144000.0,
        "Net Income": 144000.0,
        "Net Income Including Noncontrolling Interests": 144000.0,
        "Net Income Continuous Operations": 144000.0,
        "Tax Provision": -20776000.0,
        "Pretax Income": -20632000.0,
        "Other Income Expense": 4577000.0,
        "Other Non Operating Income Expenses": 4577000.0,
        "Net Non Operating Interest Income Expense": -10381000.0,
        "Interest Expense Non Operating": 10381000.0,
        "Operating Income": -14828000.0,
        "Operating Expense": 215202000.0,
        "Research And Development": 66846000.0,
        "Selling General And Administration": 148356000.0,
        "Selling And Marketing Expense": 117533000.0,
        "General And Administrative Expense": 30823000.0,
        "Other Gand A": 30823000.0,
        "Salaries And Wages": NaN,
        "Gross Profit": 200374000.0,
        "Cost Of Revenue": 80774000.0,
        "Total Revenue": 281148000.0,
        "Operating Revenue": 281148000.0
    },
    "2024-06-30": {
        "Tax Effect Of Unusual Items": 0.0,
        "Tax Rate For Calcs": 0.21,
        "Normalized EBITDA": 39537000.0,
        "Net Income From Continuing Operation Net Minority Interest": 6133000.0,
        "Reconciled Depreciation": 18213000.0,
        "Reconciled Cost Of Revenue": 82939000.0,
        "EBITDA": 39537000.0,
        "EBIT": 21324000.0,
        "Net Interest Income": -10157000.0,
        "Interest Expense": 10157000.0,
        "Normalized Income": 6133000.0,
        "Net Income From Continuing And Discontinued Operation": 6133000.0,
        "Total Expenses": 279899000.0,
        "Total Operating Income As Reported": 16870000.0,
        "Diluted Average Shares": NaN,
        "Basic Average Shares": NaN,
        "Diluted EPS": NaN,
        "Basic EPS": NaN,
        "Diluted NI Availto Com Stockholders": 6133000.0,
        "Net Income Common Stockholders": 6133000.0,
        "Net Income": 6133000.0,
        "Net Income Including Noncontrolling Interests": 6133000.0,
        "Net Income Continuous Operations": 6133000.0,
        "Tax Provision": 5034000.0,
        "Pretax Income": 11167000.0,
        "Other Income Expense": 4454000.0,
        "Other Non Operating Income Expenses": 4454000.0,
        "Net Non Operating Interest Income Expense": -10157000.0,
        "Interest Expense Non Operating": 10157000.0,
        "Operating Income": 16870000.0,
        "Operating Expense": 196960000.0,
        "Research And Development": 69805000.0,
        "Selling General And Administration": 127155000.0,
        "Selling And Marketing Expense": 88282000.0,
        "General And Administrative Expense": 38873000.0,
        "Other Gand A": 38873000.0,
        "Salaries And Wages": NaN,
        "Gross Profit": 213830000.0,
        "Cost Of Revenue": 82939000.0,
        "Total Revenue": 296769000.0,
        "Operating Revenue": 296769000.0
    }
}