{
    "2023-03-31": {
        "Tax Effect Of Unusual Items": NaN,
        "Tax Rate For Calcs": NaN,
        "Normalized EBITDA": NaN,
        "Net Income From Continuing Operation Net Minority Interest": NaN,
        "Reconciled Depreciation": NaN,
        "Reconciled Cost Of Revenue": NaN,
        "EBITDA": NaN,
        "EBIT": NaN,
        "Net Interest Income": NaN,
        "Interest Expense": NaN,
        "Normalized Income": NaN,
        "Net Income From Continuing And Discontinued Operation": NaN,
        "Total Expenses": NaN,
        "Total Operating Income As Reported": NaN,
        "Diluted Average Shares": 52600000.0,
        "Basic Average Shares": 52500000.0,
        "Diluted EPS": 3.33,
        "Basic EPS": 3.33,
        "Diluted NI Availto Com Stockholders": NaN,
        "Net Income Common Stockholders": NaN,
        "Preferred Stock Dividends": NaN,
        "Net Income": NaN,
        "Net Income Including Noncontrolling Interests": NaN,
        "Net Income Continuous Operations": NaN,
        "Tax Provision": NaN,
        "Pretax Income": NaN,
        "Other Income Expense": NaN,
        "Other Non Operating Income Expenses": NaN,
        "Net Non Operating Interest Income Expense": NaN,
        "Interest Expense Non Operating": NaN,
        "Operating Income": NaN,
        "Operating Expense": NaN,
        "Other Taxes": NaN,
        "Depreciation Amortization Depletion Income Statement": NaN,
        "Depreciation And Amortization In Income Statement": NaN,
        "Gross Profit": NaN,
        "Cost Of Revenue": NaN,
        "Total Revenue": NaN,
        "Operating Revenue": NaN
    },
    "2022-12-31": {
        "Tax Effect Of Unusual Items": 0.0,
        "Tax Rate For Calcs": 0.191829,
        "Normalized EBITDA": 218300000.0,
        "Net Income From Continuing Operation Net Minority Interest": 91000000.0,
        "Reconciled Depreciation": 62100000.0,
        "Reconciled Cost Of Revenue": 551300000.0,
        "EBITDA": 218300000.0,
        "EBIT": 156200000.0,
        "Net Interest Income": -43600000.0,
        "Interest Expense": 43600000.0,
        "Normalized Income": 91000000.0,
        "Net Income From Continuing And Discontinued Operation": 91000000.0,
        "Total Expenses": 663800000.0,
        "Total Operating Income As Reported": 150200000.0,
        "Diluted Average Shares": 52600000.0,
        "Basic Average Shares": 52400000.0,
        "Diluted EPS": 1.66,
        "Basic EPS": 1.66,
        "Diluted NI Availto Com Stockholders": 87200000.0,
        "Net Income Common Stockholders": 87200000.0,
        "Preferred Stock Dividends": 3700000.0,
        "Net Income": 91000000.0,
        "Net Income Including Noncontrolling Interests": 91000000.0,
        "Net Income Continuous Operations": 91000000.0,
        "Tax Provision": 21600000.0,
        "Pretax Income": 112600000.0,
        "Other Income Expense": 6000000.0,
        "Other Non Operating Income Expenses": 6000000.0,
        "Net Non Operating Interest Income Expense": -43600000.0,
        "Interest Expense Non Operating": 43600000.0,
        "Operating Income": 150200000.0,
        "Operating Expense": 112500000.0,
        "Other Taxes": 50400000.0,
        "Depreciation Amortization Depletion Income Statement": 62100000.0,
        "Depreciation And Amortization In Income Statement": 62100000.0,
        "Gross Profit": 262700000.0,
        "Cost Of Revenue": 551300000.0,
        "Total Revenue": 814000000.0,
        "Operating Revenue": 814000000.0
    },
    "2022-09-30": {
        "Tax Effect Of Unusual Items": 0.0,
        "Tax Rate For Calcs": 0.21,
        "Normalized EBITDA": 90300000.0,
        "Net Income From Continuing Operation Net Minority Interest": -7100000.0,
        "Reconciled Depreciation": 61100000.0,
        "Reconciled Cost Of Revenue": 197100000.0,
        "EBITDA": 90300000.0,
        "EBIT": 29200000.0,
        "Net Interest Income": -34400000.0,
        "Interest Expense": 34400000.0,
        "Normalized Income": -7100000.0,
        "Net Income From Continuing And Discontinued Operation": -7100000.0,
        "Total Expenses": 284400000.0,
        "Total Operating Income As Reported": 29800000.0,
        "Diluted Average Shares": 52600000.0,
        "Basic Average Shares": 52400000.0,
        "Diluted EPS": -0.2,
        "Basic EPS": -0.2,
        "Diluted NI Availto Com Stockholders": -10800000.0,
        "Net Income Common Stockholders": -10800000.0,
        "Preferred Stock Dividends": 3700000.0,
        "Net Income": -7100000.0,
        "Net Income Including Noncontrolling Interests": -7100000.0,
        "Net Income Continuous Operations": -7100000.0,
        "Tax Provision": 1900000.0,
        "Pretax Income": -5200000.0,
        "Other Income Expense": -600000.0,
        "Other Non Operating Income Expenses": -600000.0,
        "Net Non Operating Interest Income Expense": -34400000.0,
        "Interest Expense Non Operating": 34400000.0,
        "Operating Income": 29800000.0,
        "Operating Expense": 87300000.0,
        "Other Taxes": 26200000.0,
        "Depreciation Amortization Depletion Income Statement": 61100000.0,
        "Depreciation And Amortization In Income Statement": 61100000.0,
        "Gross Profit": 117100000.0,
        "Cost Of Revenue": 197100000.0,
        "Total Revenue": 314200000.0,
        "Operating Revenue": 314200000.0
    },
    "2022-06-30": {
        "Tax Effect Of Unusual Items": 0.0,
        "Tax Rate For Calcs": 0.4,
        "Normalized EBITDA": 86200000.0,
        "Net Income From Continuing Operation Net Minority Interest": -1400000.0,
        "Reconciled Depreciation": 60400000.0,
        "Reconciled Cost Of Revenue": 305600000.0,
        "EBITDA": 86200000.0,
        "EBIT": 25800000.0,
        "Net Interest Income": -29300000.0,
        "Interest Expense": 29300000.0,
        "Normalized Income": -1400000.0,
        "Net Income From Continuing And Discontinued Operation": -1400000.0,
        "Total Expenses": 410100000.0,
        "Total Operating Income As Reported": 37900000.0,
        "Diluted Average Shares": 52200000.0,
        "Basic Average Shares": 52200000.0,
        "Diluted EPS": -0.1,
        "Basic EPS": -0.1,
        "Diluted NI Availto Com Stockholders": -5100000.0,
        "Net Income Common Stockholders": -5100000.0,
        "Preferred Stock Dividends": 3700000.0,
        "Net Income": -1400000.0,
        "Net Income Including Noncontrolling Interests": -1400000.0,
        "Net Income Continuous Operations": -1400000.0,
        "Tax Provision": -2100000.0,
        "Pretax Income": -3500000.0,
        "Other Income Expense": -12100000.0,
        "Other Non Operating Income Expenses": -12100000.0,
        "Net Non Operating Interest Income Expense": -29300000.0,
        "Interest Expense Non Operating": 29300000.0,
        "Operating Income": 37900000.0,
        "Operating Expense": 104500000.0,
        "Other Taxes": 44100000.0,
        "Depreciation Amortization Depletion Income Statement": 60400000.0,
        "Depreciation And Amortization In Income Statement": 60400000.0,
        "Gross Profit": 142400000.0,
        "Cost Of Revenue": 305600000.0,
        "Total Revenue": 448000000.0,
        "Operating Revenue": 448000000.0
    },
    "2023-06-30": {
        "Tax Effect Of Unusual Items": 0.0,
        "Tax Rate For Calcs": 0.239437,
        "Normalized EBITDA": 82600000.0,
        "Net Income From Continuing Operation Net Minority Interest": -21600000.0,
        "Reconciled Depreciation": 64300000.0,
        "Reconciled Cost Of Revenue": 295300000.0,
        "EBITDA": 82600000.0,
        "EBIT": 18300000.0,
        "Net Interest Income": -46700000.0,
        "Interest Expense": 46700000.0,
        "Normalized Income": -21600000.0,
        "Net Income From Continuing And Discontinued Operation": -21600000.0,
        "Total Expenses": 406500000.0,
        "Total Operating Income As Reported": 12000000.0,
        "Diluted Average Shares": 52500000.0,
        "Basic Average Shares": 52500000.0,
        "Diluted EPS": -0.48,
        "Basic EPS": -0.48,
        "Diluted NI Availto Com Stockholders": -25200000.0,
        "Net Income Common Stockholders": -25200000.0,
        "Preferred Stock Dividends": 3700000.0,
        "Net Income": -21600000.0,
        "Net Income Including Noncontrolling Interests": -21600000.0,
        "Net Income Continuous Operations": -21600000.0,
        "Tax Provision": -6800000.0,
        "Pretax Income": -28400000.0,
        "Other Income Expense": 6300000.0,
        "Other Non Operating Income Expenses": 6300000.0,
        "Net Non Operating Interest Income Expense": -46700000.0,
        "Interest Expense Non Operating": 46700000.0,
        "Operating Income": 12000000.0,
        "Operating Expense": 111200000.0,
        "Other Taxes": 46900000.0,
        "Depreciation Amortization Depletion Income Statement": 64300000.0,
        "Depreciation And Amortization In Income Statement": 64300000.0,
        "Gross Profit": 123200000.0,
        "Cost Of Revenue": 295300000.0,
        "Total Revenue": 418500000.0,
        "Operating Revenue": 418500000.0
    },
    "2023-09-30": {
        "Tax Effect Of Unusual Items": 0.0,
        "Tax Rate For Calcs": 0.352083,
        "Normalized EBITDA": 66000000.0,
        "Net Income From Continuing Operation Net Minority Interest": -31100000.0,
        "Reconciled Depreciation": 65800000.0,
        "Reconciled Cost Of Revenue": 213200000.0,
        "EBITDA": 66000000.0,
        "EBIT": 200000.0,
        "Net Interest Income": -48200000.0,
        "Interest Expense": 48200000.0,
        "Normalized Income": -31100000.0,
        "Net Income From Continuing And Discontinued Operation": -31100000.0,
        "Total Expenses": 314300000.0,
        "Total Operating Income As Reported": -3900000.0,
        "Diluted Average Shares": 52500000.0,
        "Basic Average Shares": 52500000.0,
        "Diluted EPS": -0.66,
        "Basic EPS": -0.66,
        "Diluted NI Availto Com Stockholders": -34700000.0,
        "Net Income Common Stockholders": -34700000.0,
        "Preferred Stock Dividends": 3700000.0,
        "Net Income": -31100000.0,
        "Net Income Including Noncontrolling Interests": -31100000.0,
        "Net Income Continuous Operations": -31100000.0,
        "Tax Provision": -16900000.0,
        "Pretax Income": -48000000.0,
        "Other Income Expense": 4100000.0,
        "Other Non Operating Income Expenses": 4100000.0,
        "Net Non Operating Interest Income Expense": -48200000.0,
        "Interest Expense Non Operating": 48200000.0,
        "Operating Income": -3900000.0,
        "Operating Expense": 101100000.0,
        "Other Taxes": 35300000.0,
        "Depreciation Amortization Depletion Income Statement": 65800000.0,
        "Depreciation And Amortization In Income Statement": 65800000.0,
        "Gross Profit": 97200000.0,
        "Cost Of Revenue": 213200000.0,
        "Total Revenue": 310400000.0,
        "Operating Revenue": 310400000.0
    },
    "2023-12-31": {
        "Tax Effect Of Unusual Items": 0.0,
        "Tax Rate For Calcs": 0.197926,
        "Normalized EBITDA": 223700000.0,
        "Net Income From Continuing Operation Net Minority Interest": 85100000.0,
        "Reconciled Depreciation": 67000000.0,
        "Reconciled Cost Of Revenue": 497700000.0,
        "EBITDA": 223700000.0,
        "EBIT": 156700000.0,
        "Net Interest Income": -50600000.0,
        "Interest Expense": 50600000.0,
        "Normalized Income": 85100000.0,
        "Net Income From Continuing And Discontinued Operation": 85100000.0,
        "Total Expenses": 617400000.0,
        "Total Operating Income As Reported": 139200000.0,
        "Diluted Average Shares": 53600000.0,
        "Basic Average Shares": 53500000.0,
        "Diluted EPS": 1.52,
        "Basic EPS": 1.52,
        "Diluted NI Availto Com Stockholders": 81300000.0,
        "Net Income Common Stockholders": 81300000.0,
        "Preferred Stock Dividends": 3700000.0,
        "Net Income": 85100000.0,
        "Net Income Including Noncontrolling Interests": 85100000.0,
        "Net Income Continuous Operations": 85100000.0,
        "Tax Provision": 21000000.0,
        "Pretax Income": 106100000.0,
        "Other Income Expense": 17500000.0,
        "Other Non Operating Income Expenses": 17500000.0,
        "Net Non Operating Interest Income Expense": -50600000.0,
        "Interest Expense Non Operating": 50600000.0,
        "Operating Income": 139200000.0,
        "Operating Expense": 119700000.0,
        "Other Taxes": 52700000.0,
        "Depreciation Amortization Depletion Income Statement": 67000000.0,
        "Depreciation And Amortization In Income Statement": 67000000.0,
        "Gross Profit": 258900000.0,
        "Cost Of Revenue": 497700000.0,
        "Total Revenue": 756600000.0,
        "Operating Revenue": 756600000.0
    },
    "2024-03-31": {
        "Tax Effect Of Unusual Items": 0.0,
        "Tax Rate For Calcs": 0.194718,
        "Normalized EBITDA": 374800000.0,
        "Net Income From Continuing Operation Net Minority Interest": 204300000.0,
        "Reconciled Depreciation": 68900000.0,
        "Reconciled Cost Of Revenue": 678600000.0,
        "EBITDA": 374800000.0,
        "EBIT": 305900000.0,
        "Net Interest Income": -52200000.0,
        "Interest Expense": 52200000.0,
        "Normalized Income": 204300000.0,
        "Net Income From Continuing And Discontinued Operation": 204300000.0,
        "Total Expenses": 829900000.0,
        "Total Operating Income As Reported": 298600000.0,
        "Diluted Average Shares": 55900000.0,
        "Basic Average Shares": 55800000.0,
        "Diluted EPS": 3.58,
        "Basic EPS": 3.59,
        "Diluted NI Availto Com Stockholders": 200300000.0,
        "Net Income Common Stockholders": 200300000.0,
        "Preferred Stock Dividends": 3700000.0,
        "Net Income": 204300000.0,
        "Net Income Including Noncontrolling Interests": 204300000.0,
        "Net Income Continuous Operations": 204300000.0,
        "Tax Provision": 49400000.0,
        "Pretax Income": 253700000.0,
        "Other Income Expense": 7300000.0,
        "Other Non Operating Income Expenses": 7300000.0,
        "Net Non Operating Interest Income Expense": -52200000.0,
        "Interest Expense Non Operating": 52200000.0,
        "Operating Income": 298600000.0,
        "Operating Expense": 151300000.0,
        "Other Taxes": 82400000.0,
        "Depreciation Amortization Depletion Income Statement": 68900000.0,
        "Depreciation And Amortization In Income Statement": 68900000.0,
        "Gross Profit": 449900000.0,
        "Cost Of Revenue": 678600000.0,
        "Total Revenue": 1128500000.0,
        "Operating Revenue": 1128500000.0
    },
    "2024-06-30": {
        "Tax Effect Of Unusual Items": 0.0,
        "Tax Rate For Calcs": 0.197452,
        "Normalized EBITDA": 104500000.0,
        "Net Income From Continuing Operation Net Minority Interest": -12600000.0,
        "Reconciled Depreciation": 71400000.0,
        "Reconciled Cost Of Revenue": 267600000.0,
        "EBITDA": 104500000.0,
        "EBIT": 33100000.0,
        "Net Interest Income": -48800000.0,
        "Interest Expense": 48800000.0,
        "Normalized Income": -12600000.0,
        "Net Income From Continuing And Discontinued Operation": -12600000.0,
        "Total Expenses": 383400000.0,
        "Total Operating Income As Reported": 30700000.0,
        "Diluted Average Shares": 57700000.0,
        "Basic Average Shares": 57700000.0,
        "Diluted EPS": -0.28,
        "Basic EPS": -0.28,
        "Diluted NI Availto Com Stockholders": -16300000.0,
        "Net Income Common Stockholders": -16300000.0,
        "Preferred Stock Dividends": 3700000.0,
        "Net Income": -12600000.0,
        "Net Income Including Noncontrolling Interests": -12600000.0,
        "Net Income Continuous Operations": -12600000.0,
        "Tax Provision": -3100000.0,
        "Pretax Income": -15700000.0,
        "Other Income Expense": 2400000.0,
        "Other Non Operating Income Expenses": 2400000.0,
        "Net Non Operating Interest Income Expense": -48800000.0,
        "Interest Expense Non Operating": 48800000.0,
        "Operating Income": 30700000.0,
        "Operating Expense": 115800000.0,
        "Other Taxes": 44400000.0,
        "Depreciation Amortization Depletion Income Statement": 71400000.0,
        "Depreciation And Amortization In Income Statement": 71400000.0,
        "Gross Profit": 146500000.0,
        "Cost Of Revenue": 267600000.0,
        "Total Revenue": 414100000.0,
        "Operating Revenue": 414100000.0
    },
    "2024-09-30": {
        "Tax Effect Of Unusual Items": 0.0,
        "Tax Rate For Calcs": 0.249275,
        "Normalized EBITDA": 86100000.0,
        "Net Income From Continuing Operation Net Minority Interest": -25900000.0,
        "Reconciled Depreciation": 71100000.0,
        "Reconciled Cost Of Revenue": 166800000.0,
        "EBITDA": 86100000.0,
        "EBIT": 15000000.0,
        "Net Interest Income": -49500000.0,
        "Interest Expense": 49500000.0,
        "Normalized Income": -25900000.0,
        "Net Income From Continuing And Discontinued Operation": -25900000.0,
        "Total Expenses": 274000000.0,
        "Total Operating Income As Reported": 19800000.0,
        "Diluted Average Shares": 57700000.0,
        "Basic Average Shares": 57700000.0,
        "Diluted EPS": -0.51,
        "Basic EPS": -0.51,
        "Diluted NI Availto Com Stockholders": -29500000.0,
        "Net Income Common Stockholders": -29500000.0,
        "Preferred Stock Dividends": 3700000.0,
        "Net Income": -25900000.0,
        "Net Income Including Noncontrolling Interests": -25900000.0,
        "Net Income Continuous Operations": -25900000.0,
        "Tax Provision": -8600000.0,
        "Pretax Income": -34500000.0,
        "Other Income Expense": -4800000.0,
        "Other Non Operating Income Expenses": -4800000.0,
        "Net Non Operating Interest Income Expense": -49500000.0,
        "Interest Expense Non Operating": 49500000.0,
        "Operating Income": 19800000.0,
        "Operating Expense": 107200000.0,
        "Other Taxes": 36100000.0,
        "Depreciation Amortization Depletion Income Statement": 71100000.0,
        "Depreciation And Amortization In Income Statement": 71100000.0,
        "Gross Profit": 127000000.0,
        "Cost Of Revenue": 166800000.0,
        "Total Revenue": 293800000.0,
        "Operating Revenue": 293800000.0
    }
}