{
    "2023-06-30": {
        "Tax Effect Of Unusual Items": 0.0,
        "Tax Rate For Calcs": 0.2288,
        "Net Income From Continuing Operation Net Minority Interest": 32435000.0,
        "Reconciled Depreciation": 4027000.0,
        "Net Interest Income": 68516000.0,
        "Interest Expense": 32038000.0,
        "Interest Income": 100554000.0,
        "Normalized Income": 32435000.0,
        "Net Income From Continuing And Discontinued Operation": 32435000.0,
        "Diluted NI Availto Com Stockholders": 32112000.0,
        "Net Income Common Stockholders": 32112000.0,
        "Otherunder Preferred Stock Dividend": 323000.0,
        "Net Income": 32435000.0,
        "Minority Interests": -12000.0,
        "Net Income Including Noncontrolling Interests": 32447000.0,
        "Net Income Continuous Operations": 32447000.0,
        "Tax Provision": 9626000.0,
        "Pretax Income": 42073000.0,
        "Gain On Sale Of Security": 0.0,
        "Depreciation Amortization Depletion Income Statement": 1876000.0,
        "Depreciation And Amortization In Income Statement": 1876000.0,
        "Depreciation Income Statement": 1876000.0,
        "Selling General And Administration": 31229000.0,
        "Selling And Marketing Expense": 1649000.0,
        "General And Administrative Expense": 29580000.0,
        "Insurance And Claims": 1344000.0,
        "Salaries And Wages": 28236000.0,
        "Total Revenue": 91285000.0,
        "Operating Revenue": 91285000.0
    },
    "2023-03-31": {
        "Tax Effect Of Unusual Items": 0.0,
        "Tax Rate For Calcs": 0.2298,
        "Net Income From Continuing Operation Net Minority Interest": 31124000.0,
        "Reconciled Depreciation": 4167000.0,
        "Net Interest Income": 69565000.0,
        "Interest Expense": 24891000.0,
        "Interest Income": 94456000.0,
        "Normalized Income": 31124000.0,
        "Net Income From Continuing And Discontinued Operation": 31124000.0,
        "Diluted NI Availto Com Stockholders": 30869000.0,
        "Net Income Common Stockholders": 30869000.0,
        "Otherunder Preferred Stock Dividend": 255000.0,
        "Net Income": 31124000.0,
        "Minority Interests": -7000.0,
        "Net Income Including Noncontrolling Interests": 31131000.0,
        "Net Income Continuous Operations": 31131000.0,
        "Tax Provision": 9287000.0,
        "Pretax Income": 40418000.0,
        "Gain On Sale Of Security": -44000.0,
        "Depreciation Amortization Depletion Income Statement": 2022000.0,
        "Depreciation And Amortization In Income Statement": 2022000.0,
        "Depreciation Income Statement": 2022000.0,
        "Selling General And Administration": 31929000.0,
        "Selling And Marketing Expense": 1972000.0,
        "General And Administrative Expense": 29957000.0,
        "Insurance And Claims": 1360000.0,
        "Salaries And Wages": 28597000.0,
        "Total Revenue": 92888000.0,
        "Operating Revenue": 92888000.0
    },
    "2022-12-31": {
        "Tax Effect Of Unusual Items": 0.0,
        "Tax Rate For Calcs": 0.242832,
        "Net Income From Continuing Operation Net Minority Interest": 31068000.0,
        "Reconciled Depreciation": 4321000.0,
        "Net Interest Income": 71455000.0,
        "Interest Expense": 15805000.0,
        "Interest Income": 87260000.0,
        "Normalized Income": 31068000.0,
        "Net Income From Continuing And Discontinued Operation": 31068000.0,
        "Diluted NI Availto Com Stockholders": 30795000.0,
        "Net Income Common Stockholders": 30795000.0,
        "Otherunder Preferred Stock Dividend": 273000.0,
        "Net Income": 31068000.0,
        "Minority Interests": 12000.0,
        "Net Income Including Noncontrolling Interests": 31056000.0,
        "Net Income Continuous Operations": 31056000.0,
        "Tax Provision": 9960000.0,
        "Pretax Income": 41016000.0,
        "Gain On Sale Of Security": -184000.0,
        "Depreciation Amortization Depletion Income Statement": 2111000.0,
        "Depreciation And Amortization In Income Statement": 2111000.0,
        "Depreciation Income Statement": 2111000.0,
        "Selling General And Administration": 7874000.0,
        "Selling And Marketing Expense": NaN,
        "General And Administrative Expense": 7874000.0,
        "Insurance And Claims": 943000.0,
        "Salaries And Wages": 27695000.0,
        "Total Revenue": 94735000.0,
        "Operating Revenue": 94735000.0
    },
    "2022-09-30": {
        "Tax Effect Of Unusual Items": 0.0,
        "Tax Rate For Calcs": 0.2285,
        "Net Income From Continuing Operation Net Minority Interest": 32737000.0,
        "Reconciled Depreciation": 4452000.0,
        "Net Interest Income": 68934000.0,
        "Interest Expense": 7544000.0,
        "Interest Income": 76478000.0,
        "Normalized Income": 32737000.0,
        "Net Income From Continuing And Discontinued Operation": 32737000.0,
        "Diluted Average Shares": 24656736.0,
        "Basic Average Shares": 24656736.0,
        "Diluted EPS": 1.32,
        "Basic EPS": 1.32,
        "Diluted NI Availto Com Stockholders": 32461000.0,
        "Net Income Common Stockholders": 32461000.0,
        "Otherunder Preferred Stock Dividend": 276000.0,
        "Net Income": 32737000.0,
        "Minority Interests": -8000.0,
        "Net Income Including Noncontrolling Interests": 32745000.0,
        "Net Income Continuous Operations": 32745000.0,
        "Tax Provision": 9698000.0,
        "Pretax Income": 42443000.0,
        "Gain On Sale Of Security": 0.0,
        "Depreciation Amortization Depletion Income Statement": 2233000.0,
        "Depreciation And Amortization In Income Statement": 2233000.0,
        "Depreciation Income Statement": 2233000.0,
        "Selling General And Administration": 34542000.0,
        "Selling And Marketing Expense": NaN,
        "General And Administrative Expense": 34542000.0,
        "Other Gand A": 7217000.0,
        "Insurance And Claims": 939000.0,
        "Salaries And Wages": 26386000.0,
        "Total Revenue": 90941000.0,
        "Operating Revenue": 90941000.0
    },
    "2022-06-30": {
        "Tax Effect Of Unusual Items": 0.0,
        "Tax Rate For Calcs": 0.2309,
        "Net Income From Continuing Operation Net Minority Interest": 29314000.0,
        "Reconciled Depreciation": 4956000.0,
        "Net Interest Income": 63462000.0,
        "Interest Expense": 4567000.0,
        "Interest Income": 68029000.0,
        "Normalized Income": 29314000.0,
        "Net Income From Continuing And Discontinued Operation": 29314000.0,
        "Diluted Average Shares": 24691747.0,
        "Basic Average Shares": 24691747.0,
        "Diluted EPS": 1.18,
        "Basic EPS": 1.18,
        "Diluted NI Availto Com Stockholders": 29070000.0,
        "Net Income Common Stockholders": 29070000.0,
        "Otherunder Preferred Stock Dividend": 244000.0,
        "Net Income": 29314000.0,
        "Minority Interests": -16000.0,
        "Net Income Including Noncontrolling Interests": 29330000.0,
        "Net Income Continuous Operations": 29330000.0,
        "Tax Provision": 8804000.0,
        "Pretax Income": 38134000.0,
        "Gain On Sale Of Security": 0.0,
        "Depreciation Amortization Depletion Income Statement": 2664000.0,
        "Depreciation And Amortization In Income Statement": 2664000.0,
        "Depreciation Income Statement": 2664000.0,
        "Selling General And Administration": 33526000.0,
        "Selling And Marketing Expense": NaN,
        "General And Administrative Expense": 33526000.0,
        "Other Gand A": 7071000.0,
        "Insurance And Claims": 893000.0,
        "Salaries And Wages": 25562000.0,
        "Total Revenue": 86292000.0,
        "Operating Revenue": 86292000.0
    },
    "2022-03-31": {
        "Diluted EPS": 1.1,
        "Total Revenue": 85,
        "Gross Profit": 83,
        "Operating Income": 35,
        "EBIT": NaN,
        "Net Income": 27
    },
    "2021-12-31": {
        "Diluted EPS": 1.12,
        "Total Revenue": 88,
        "Gross Profit": 84,
        "Operating Income": 36,
        "EBIT": NaN,
        "Net Income": 27
    },
    "2021-09-30": {
        "Diluted EPS": 1.29,
        "Total Revenue": 92,
        "Gross Profit": 88,
        "Operating Income": 42,
        "EBIT": NaN,
        "Net Income": 32
    },
    "2021-06-30": {
        "Diluted EPS": 1.19,
        "Total Revenue": 87,
        "Gross Profit": 82,
        "Operating Income": 40,
        "EBIT": NaN,
        "Net Income": 30
    },
    "2021-03-31": {
        "Diluted EPS": 1.1,
        "Total Revenue": 88,
        "Gross Profit": 83,
        "Operating Income": 37,
        "EBIT": NaN,
        "Net Income": 28
    },
    "2020-12-31": {
        "Diluted EPS": 1.03,
        "Total Revenue": 95,
        "Gross Profit": 88,
        "Operating Income": 34,
        "EBIT": NaN,
        "Net Income": 26
    },
    "2020-09-30": {
        "Diluted EPS": 0.78,
        "Total Revenue": 91,
        "Gross Profit": 83,
        "Operating Income": 27,
        "EBIT": NaN,
        "Net Income": 20
    },
    "2020-06-30": {
        "Diluted EPS": 0.72,
        "Total Revenue": 89,
        "Gross Profit": 79,
        "Operating Income": 24,
        "EBIT": NaN,
        "Net Income": 19
    },
    "2020-03-31": {
        "Diluted EPS": 0.64,
        "Total Revenue": 92,
        "Gross Profit": 79,
        "Operating Income": 22,
        "EBIT": NaN,
        "Net Income": 16
    },
    "2019-12-31": {
        "Diluted EPS": 0.85,
        "Total Revenue": 95,
        "Gross Profit": 81,
        "Operating Income": 29,
        "EBIT": NaN,
        "Net Income": 21
    },
    "2019-09-30": {
        "Diluted EPS": 0.95,
        "Total Revenue": 98,
        "Gross Profit": 83,
        "Operating Income": 32,
        "EBIT": NaN,
        "Net Income": 24
    },
    "2019-06-30": {
        "Diluted EPS": 0.91,
        "Total Revenue": 97,
        "Gross Profit": 82,
        "Operating Income": 30,
        "EBIT": NaN,
        "Net Income": 23
    },
    "2019-03-31": {
        "Diluted EPS": 0.86,
        "Total Revenue": 93,
        "Gross Profit": 79,
        "Operating Income": 29,
        "EBIT": NaN,
        "Net Income": 22
    },
    "2018-12-31": {
        "Diluted EPS": 0.83,
        "Total Revenue": 93,
        "Gross Profit": 80,
        "Operating Income": 28,
        "EBIT": NaN,
        "Net Income": 21
    },
    "2018-09-30": {
        "Diluted EPS": 0.76,
        "Total Revenue": 90,
        "Gross Profit": 78,
        "Operating Income": 25,
        "EBIT": NaN,
        "Net Income": 20
    },
    "2018-06-30": {
        "Diluted EPS": 0.84,
        "Total Revenue": 89,
        "Gross Profit": 78,
        "Operating Income": 27,
        "EBIT": NaN,
        "Net Income": 22
    },
    "2018-03-31": {
        "Diluted EPS": 0.73,
        "Total Revenue": 83,
        "Gross Profit": 74,
        "Operating Income": 25,
        "EBIT": NaN,
        "Net Income": 19
    },
    "2017-12-31": {
        "Diluted EPS": 0.68,
        "Total Revenue": 82,
        "Gross Profit": 74,
        "Operating Income": 24,
        "EBIT": NaN,
        "Net Income": 17
    },
    "2017-09-30": {
        "Diluted EPS": 0.66,
        "Total Revenue": 80,
        "Gross Profit": 73,
        "Operating Income": 27,
        "EBIT": NaN,
        "Net Income": 17
    },
    "2017-06-30": {
        "Diluted EPS": 0.64,
        "Total Revenue": 77,
        "Gross Profit": 70,
        "Operating Income": 26,
        "EBIT": NaN,
        "Net Income": 17
    },
    "2017-03-31": {
        "Diluted EPS": 0.62,
        "Total Revenue": 73,
        "Gross Profit": 67,
        "Operating Income": 25,
        "EBIT": NaN,
        "Net Income": 16
    },
    "2016-12-31": {
        "Diluted EPS": 0.58,
        "Total Revenue": 71,
        "Gross Profit": 66,
        "Operating Income": 23,
        "EBIT": NaN,
        "Net Income": 15
    },
    "2016-09-30": {
        "Diluted EPS": 0.55,
        "Total Revenue": 71,
        "Gross Profit": 65,
        "Operating Income": 22,
        "EBIT": NaN,
        "Net Income": 14
    },
    "2016-06-30": {
        "Diluted EPS": 0.56,
        "Total Revenue": 70,
        "Gross Profit": 65,
        "Operating Income": 23,
        "EBIT": NaN,
        "Net Income": 14
    },
    "2016-03-31": {
        "Diluted EPS": 0.53,
        "Total Revenue": 68,
        "Gross Profit": 63,
        "Operating Income": 21,
        "EBIT": NaN,
        "Net Income": 14
    },
    "2015-12-31": {
        "Diluted EPS": 0.54,
        "Total Revenue": 69,
        "Gross Profit": 64,
        "Operating Income": 22,
        "EBIT": NaN,
        "Net Income": 14
    },
    "2015-09-30": {
        "Diluted EPS": 0.53,
        "Total Revenue": 68,
        "Gross Profit": 63,
        "Operating Income": 21,
        "EBIT": NaN,
        "Net Income": 14
    },
    "2015-06-30": {
        "Diluted EPS": 0.59,
        "Total Revenue": 68,
        "Gross Profit": 63,
        "Operating Income": 24,
        "EBIT": NaN,
        "Net Income": 16
    },
    "2015-03-31": {
        "Diluted EPS": 0.51,
        "Total Revenue": 63,
        "Gross Profit": 59,
        "Operating Income": 21,
        "EBIT": NaN,
        "Net Income": 14
    },
    "2014-12-31": {
        "Diluted EPS": 0.62,
        "Total Revenue": 65,
        "Gross Profit": 61,
        "Operating Income": 20,
        "EBIT": NaN,
        "Net Income": 15
    },
    "2014-09-30": {
        "Diluted EPS": 0.56,
        "Total Revenue": 65,
        "Gross Profit": 60,
        "Operating Income": 21,
        "EBIT": NaN,
        "Net Income": 15
    },
    "2014-06-30": {
        "Diluted EPS": 0.49,
        "Total Revenue": 64,
        "Gross Profit": 59,
        "Operating Income": 22,
        "EBIT": NaN,
        "Net Income": 14
    },
    "2014-03-31": {
        "Diluted EPS": 0.5,
        "Total Revenue": 63,
        "Gross Profit": 58,
        "Operating Income": 21,
        "EBIT": NaN,
        "Net Income": 14
    },
    "2013-12-31": {
        "Diluted EPS": 0.52,
        "Total Revenue": 62,
        "Gross Profit": 57,
        "Operating Income": 19,
        "EBIT": NaN,
        "Net Income": 14
    },
    "2013-09-30": {
        "Diluted EPS": 0.55,
        "Total Revenue": 67,
        "Gross Profit": 61,
        "Operating Income": 23,
        "EBIT": NaN,
        "Net Income": 15
    },
    "2013-06-30": {
        "Diluted EPS": 0.51,
        "Total Revenue": 65,
        "Gross Profit": 59,
        "Operating Income": 22,
        "EBIT": NaN,
        "Net Income": 14
    },
    "2013-03-31": {
        "Diluted EPS": 0.46,
        "Total Revenue": 63,
        "Gross Profit": 57,
        "Operating Income": 19,
        "EBIT": NaN,
        "Net Income": 12
    },
    "2012-12-31": {
        "Diluted EPS": 0.46,
        "Total Revenue": 66,
        "Gross Profit": 59,
        "Operating Income": 19,
        "EBIT": NaN,
        "Net Income": 13
    },
    "2012-09-30": {
        "Diluted EPS": 0.48,
        "Total Revenue": 66,
        "Gross Profit": 58,
        "Operating Income": 20,
        "EBIT": NaN,
        "Net Income": 13
    },
    "2012-06-30": {
        "Diluted EPS": 0.46,
        "Total Revenue": 66,
        "Gross Profit": 58,
        "Operating Income": 19,
        "EBIT": NaN,
        "Net Income": 13
    },
    "2012-03-31": {
        "Diluted EPS": 0.44,
        "Total Revenue": 66,
        "Gross Profit": 58,
        "Operating Income": 18,
        "EBIT": NaN,
        "Net Income": 12
    },
    "2011-12-31": {
        "Diluted EPS": 0.41,
        "Total Revenue": 66,
        "Gross Profit": 58,
        "Operating Income": 17,
        "EBIT": NaN,
        "Net Income": 11
    },
    "2011-09-30": {
        "Diluted EPS": 0.43,
        "Total Revenue": 67,
        "Gross Profit": 57,
        "Operating Income": 18,
        "EBIT": NaN,
        "Net Income": 12
    },
    "2011-06-30": {
        "Diluted EPS": 0.56,
        "Total Revenue": 69,
        "Gross Profit": 59,
        "Operating Income": 23,
        "EBIT": NaN,
        "Net Income": 15
    },
    "2011-03-31": {
        "Diluted EPS": 0.39,
        "Total Revenue": 66,
        "Gross Profit": 56,
        "Operating Income": 15,
        "EBIT": NaN,
        "Net Income": 11
    },
    "2010-12-31": {
        "Diluted EPS": 0.22,
        "Total Revenue": 73,
        "Gross Profit": 62,
        "Operating Income": 18,
        "EBIT": NaN,
        "Net Income": 6
    },
    "2010-09-30": {
        "Diluted EPS": 0.36,
        "Total Revenue": 73,
        "Gross Profit": 60,
        "Operating Income": 17,
        "EBIT": NaN,
        "Net Income": 9
    },
    "2010-06-30": {
        "Diluted EPS": 0.23,
        "Total Revenue": 71,
        "Gross Profit": 57,
        "Operating Income": 11,
        "EBIT": NaN,
        "Net Income": 6
    },
    "2010-03-31": {
        "Diluted EPS": 0.3,
        "Total Revenue": 70,
        "Gross Profit": 56,
        "Operating Income": 14,
        "EBIT": NaN,
        "Net Income": 8
    },
    "2009-12-31": {
        "Diluted EPS": 0.17,
        "Total Revenue": 71,
        "Gross Profit": 56,
        "Operating Income": 9,
        "EBIT": NaN,
        "Net Income": 5
    },
    "2009-09-30": {
        "Diluted EPS": 0.19,
        "Total Revenue": 70,
        "Gross Profit": 52,
        "Operating Income": 9,
        "EBIT": NaN,
        "Net Income": 5
    },
    "2009-06-30": {
        "Diluted EPS": 0.17,
        "Total Revenue": 73,
        "Gross Profit": 55,
        "Operating Income": 9,
        "EBIT": NaN,
        "Net Income": 5
    },
    "2009-03-31": {
        "Diluted EPS": 0.18,
        "Total Revenue": 71,
        "Gross Profit": 51,
        "Operating Income": 5,
        "EBIT": NaN,
        "Net Income": 5
    },
    "2023-09-30": {
        "Tax Effect Of Unusual Items": 0.0,
        "Tax Rate For Calcs": 0.228,
        "Net Income From Continuing Operation Net Minority Interest": 32939000.0,
        "Reconciled Depreciation": 3768000.0,
        "Net Interest Income": 69236000.0,
        "Interest Expense": 38090000.0,
        "Interest Income": 107326000.0,
        "Normalized Income": 32939000.0,
        "Net Income From Continuing And Discontinued Operation": 32939000.0,
        "Diluted NI Availto Com Stockholders": 32607000.0,
        "Net Income Common Stockholders": 32607000.0,
        "Otherunder Preferred Stock Dividend": 332000.0,
        "Net Income": 32939000.0,
        "Minority Interests": 0.0,
        "Net Income Including Noncontrolling Interests": 32939000.0,
        "Net Income Continuous Operations": 32939000.0,
        "Tax Provision": 9727000.0,
        "Pretax Income": 42666000.0,
        "Gain On Sale Of Security": 0.0,
        "Depreciation Amortization Depletion Income Statement": 1672000.0,
        "Depreciation And Amortization In Income Statement": 1672000.0,
        "Depreciation Income Statement": 1672000.0,
        "Selling General And Administration": 31665000.0,
        "Selling And Marketing Expense": 1201000.0,
        "General And Administrative Expense": 30464000.0,
        "Insurance And Claims": 1598000.0,
        "Salaries And Wages": 28866000.0,
        "Total Revenue": 93691000.0,
        "Operating Revenue": 93691000.0
    }
}