{
    "2023-06-30": {
        "Tax Effect Of Unusual Items": NaN,
        "Tax Rate For Calcs": NaN,
        "Normalized EBITDA": NaN,
        "Total Unusual Items": NaN,
        "Total Unusual Items Excluding Goodwill": NaN,
        "Net Income From Continuing Operation Net Minority Interest": NaN,
        "Reconciled Depreciation": NaN,
        "Reconciled Cost Of Revenue": NaN,
        "EBITDA": NaN,
        "EBIT": NaN,
        "Net Interest Income": NaN,
        "Interest Expense": NaN,
        "Normalized Income": NaN,
        "Net Income From Continuing And Discontinued Operation": NaN,
        "Total Expenses": NaN,
        "Total Operating Income As Reported": NaN,
        "Diluted Average Shares": 92500000.0,
        "Basic Average Shares": 92500000.0,
        "Diluted EPS": -0.54,
        "Basic EPS": -0.54,
        "Diluted NI Availto Com Stockholders": NaN,
        "Net Income Common Stockholders": NaN,
        "Net Income": NaN,
        "Minority Interests": NaN,
        "Net Income Including Noncontrolling Interests": NaN,
        "Net Income Continuous Operations": NaN,
        "Tax Provision": NaN,
        "Pretax Income": NaN,
        "Other Income Expense": -54800000.0,
        "Other Non Operating Income Expenses": -600000.0,
        "Special Income Charges": NaN,
        "Gain On Sale Of Business": NaN,
        "Net Non Operating Interest Income Expense": NaN,
        "Interest Expense Non Operating": NaN,
        "Operating Income": NaN,
        "Operating Expense": NaN,
        "Selling General And Administration": NaN,
        "Gross Profit": NaN,
        "Cost Of Revenue": NaN,
        "Total Revenue": NaN,
        "Operating Revenue": NaN
    },
    "2023-03-31": {
        "Tax Effect Of Unusual Items": NaN,
        "Tax Rate For Calcs": NaN,
        "Normalized EBITDA": NaN,
        "Total Unusual Items": NaN,
        "Total Unusual Items Excluding Goodwill": NaN,
        "Net Income From Continuing Operation Net Minority Interest": NaN,
        "Reconciled Depreciation": NaN,
        "Reconciled Cost Of Revenue": NaN,
        "EBITDA": NaN,
        "EBIT": NaN,
        "Net Interest Income": NaN,
        "Interest Expense": NaN,
        "Normalized Income": NaN,
        "Net Income From Continuing And Discontinued Operation": NaN,
        "Total Expenses": NaN,
        "Total Operating Income As Reported": NaN,
        "Diluted Average Shares": 92700000.0,
        "Basic Average Shares": 92300000.0,
        "Diluted EPS": 0.12,
        "Basic EPS": 0.12,
        "Diluted NI Availto Com Stockholders": NaN,
        "Net Income Common Stockholders": NaN,
        "Net Income": NaN,
        "Minority Interests": NaN,
        "Net Income Including Noncontrolling Interests": NaN,
        "Net Income Continuous Operations": NaN,
        "Tax Provision": NaN,
        "Pretax Income": NaN,
        "Other Income Expense": NaN,
        "Other Non Operating Income Expenses": 200000.0,
        "Special Income Charges": NaN,
        "Gain On Sale Of Business": NaN,
        "Net Non Operating Interest Income Expense": NaN,
        "Interest Expense Non Operating": NaN,
        "Operating Income": NaN,
        "Operating Expense": NaN,
        "Selling General And Administration": NaN,
        "Gross Profit": NaN,
        "Cost Of Revenue": NaN,
        "Total Revenue": NaN,
        "Operating Revenue": NaN
    },
    "2022-12-31": {
        "Tax Effect Of Unusual Items": NaN,
        "Tax Rate For Calcs": NaN,
        "Normalized EBITDA": NaN,
        "Total Unusual Items": NaN,
        "Total Unusual Items Excluding Goodwill": NaN,
        "Net Income From Continuing Operation Net Minority Interest": NaN,
        "Reconciled Depreciation": NaN,
        "Reconciled Cost Of Revenue": NaN,
        "EBITDA": NaN,
        "EBIT": NaN,
        "Net Interest Income": NaN,
        "Interest Expense": NaN,
        "Normalized Income": NaN,
        "Net Income From Continuing And Discontinued Operation": NaN,
        "Total Expenses": NaN,
        "Total Operating Income As Reported": NaN,
        "Diluted Average Shares": 92500000.0,
        "Basic Average Shares": 92200000.0,
        "Diluted EPS": 0.35,
        "Basic EPS": 0.35,
        "Diluted NI Availto Com Stockholders": NaN,
        "Net Income Common Stockholders": NaN,
        "Net Income": NaN,
        "Minority Interests": NaN,
        "Net Income Including Noncontrolling Interests": NaN,
        "Net Income Continuous Operations": NaN,
        "Tax Provision": NaN,
        "Pretax Income": NaN,
        "Other Income Expense": 15500000.0,
        "Other Non Operating Income Expenses": -100000.0,
        "Special Income Charges": NaN,
        "Gain On Sale Of Business": NaN,
        "Net Non Operating Interest Income Expense": NaN,
        "Interest Expense Non Operating": NaN,
        "Operating Income": NaN,
        "Operating Expense": NaN,
        "Selling General And Administration": NaN,
        "Gross Profit": NaN,
        "Cost Of Revenue": NaN,
        "Total Revenue": NaN,
        "Operating Revenue": NaN
    },
    "2022-09-30": {
        "Tax Effect Of Unusual Items": 0.0,
        "Tax Rate For Calcs": 0.154,
        "Normalized EBITDA": 111600000.0,
        "Total Unusual Items": 0.0,
        "Total Unusual Items Excluding Goodwill": 0.0,
        "Net Income From Continuing Operation Net Minority Interest": 28000000.0,
        "Reconciled Depreciation": 58700000.0,
        "Reconciled Cost Of Revenue": 424100000.0,
        "EBITDA": 111600000.0,
        "EBIT": 52900000.0,
        "Net Interest Income": -19800000.0,
        "Interest Expense": 19800000.0,
        "Normalized Income": 28000000.0,
        "Net Income From Continuing And Discontinued Operation": 28000000.0,
        "Total Expenses": 639700000.0,
        "Total Operating Income As Reported": 50600000.0,
        "Diluted Average Shares": 92400000.0,
        "Basic Average Shares": 92200000.0,
        "Diluted EPS": 0.3,
        "Basic EPS": 0.3,
        "Diluted NI Availto Com Stockholders": 28000000.0,
        "Net Income Common Stockholders": 28000000.0,
        "Net Income": 28000000.0,
        "Minority Interests": 0.0,
        "Net Income Including Noncontrolling Interests": 28000000.0,
        "Net Income Continuous Operations": 28000000.0,
        "Tax Provision": 5100000.0,
        "Pretax Income": 33100000.0,
        "Other Income Expense": 2300000.0,
        "Other Non Operating Income Expenses": 2300000.0,
        "Special Income Charges": 0.0,
        "Gain On Sale Of Business": 0.0,
        "Net Non Operating Interest Income Expense": -19800000.0,
        "Interest Expense Non Operating": 19800000.0,
        "Operating Income": 50600000.0,
        "Operating Expense": 215600000.0,
        "Selling General And Administration": 215600000.0,
        "Gross Profit": 266200000.0,
        "Cost Of Revenue": 424100000.0,
        "Total Revenue": 690300000.0,
        "Operating Revenue": 690300000.0
    },
    "2022-06-30": {
        "Tax Effect Of Unusual Items": 0.0,
        "Tax Rate For Calcs": 0.4,
        "Normalized EBITDA": 95200000.0,
        "Total Unusual Items": NaN,
        "Total Unusual Items Excluding Goodwill": NaN,
        "Net Income From Continuing Operation Net Minority Interest": 10500000.0,
        "Reconciled Depreciation": 57800000.0,
        "Reconciled Cost Of Revenue": 419300000.0,
        "EBITDA": 95200000.0,
        "EBIT": 37400000.0,
        "Net Interest Income": -18500000.0,
        "Interest Expense": 18500000.0,
        "Normalized Income": 10500000.0,
        "Net Income From Continuing And Discontinued Operation": 10500000.0,
        "Total Expenses": 641700000.0,
        "Total Operating Income As Reported": 38100000.0,
        "Diluted Average Shares": 92200000.0,
        "Basic Average Shares": 92100000.0,
        "Diluted EPS": 0.11,
        "Basic EPS": 0.11,
        "Diluted NI Availto Com Stockholders": 10500000.0,
        "Net Income Common Stockholders": 10500000.0,
        "Net Income": 10500000.0,
        "Minority Interests": 0.0,
        "Net Income Including Noncontrolling Interests": 10500000.0,
        "Net Income Continuous Operations": 10500000.0,
        "Tax Provision": 8400000.0,
        "Pretax Income": 18900000.0,
        "Other Income Expense": -700000.0,
        "Other Non Operating Income Expenses": -700000.0,
        "Special Income Charges": NaN,
        "Gain On Sale Of Business": NaN,
        "Net Non Operating Interest Income Expense": -18500000.0,
        "Interest Expense Non Operating": 18500000.0,
        "Operating Income": 38100000.0,
        "Operating Expense": 222400000.0,
        "Selling General And Administration": 222400000.0,
        "Gross Profit": 260500000.0,
        "Cost Of Revenue": 419300000.0,
        "Total Revenue": 679800000.0,
        "Operating Revenue": 679800000.0
    },
    "2022-03-31": {
        "Diluted EPS": -0.15,
        "Total Revenue": 664,
        "Gross Profit": 245,
        "Operating Income": 6,
        "EBIT": 66,
        "Net Income": -14
    },
    "2021-12-31": {
        "Diluted EPS": -0.18,
        "Total Revenue": 657,
        "Gross Profit": 247,
        "Operating Income": 8,
        "EBIT": 65,
        "Net Income": -17
    },
    "2021-09-30": {
        "Diluted EPS": -0.72,
        "Total Revenue": 649,
        "Gross Profit": 240,
        "Operating Income": -51,
        "EBIT": 6,
        "Net Income": -66
    },
    "2021-06-30": {
        "Diluted EPS": 0.32,
        "Total Revenue": 673,
        "Gross Profit": 269,
        "Operating Income": 56,
        "EBIT": 111,
        "Net Income": 29
    },
    "2021-03-31": {
        "Diluted EPS": 0.28,
        "Total Revenue": 668,
        "Gross Profit": 261,
        "Operating Income": 59,
        "EBIT": 114,
        "Net Income": 26
    },
    "2020-12-31": {
        "Diluted EPS": 0.53,
        "Total Revenue": 656,
        "Gross Profit": 270,
        "Operating Income": 93,
        "EBIT": 149,
        "Net Income": 49
    },
    "2020-09-30": {
        "Diluted EPS": -0.89,
        "Total Revenue": 636,
        "Gross Profit": 267,
        "Operating Income": -56,
        "EBIT": 2,
        "Net Income": -81
    },
    "2020-06-30": {
        "Diluted EPS": -0.05,
        "Total Revenue": 598,
        "Gross Profit": 230,
        "Operating Income": 25,
        "EBIT": 85,
        "Net Income": -5
    },
    "2020-03-31": {
        "Diluted EPS": -0.22,
        "Total Revenue": 785,
        "Gross Profit": 287,
        "Operating Income": -30,
        "EBIT": 30,
        "Net Income": -20
    },
    "2019-12-31": {
        "Diluted EPS": -2.41,
        "Total Revenue": 800,
        "Gross Profit": 280,
        "Operating Income": -199,
        "EBIT": 75,
        "Net Income": -219
    },
    "2019-09-30": {
        "Diluted EPS": -0.65,
        "Total Revenue": 833,
        "Gross Profit": 295,
        "Operating Income": -35,
        "EBIT": 33,
        "Net Income": -59
    },
    "2019-06-30": {
        "Diluted EPS": -0.33,
        "Total Revenue": 846,
        "Gross Profit": 303,
        "Operating Income": 25,
        "EBIT": 95,
        "Net Income": -31
    },
    "2019-03-31": {
        "Diluted EPS": -0.42,
        "Total Revenue": 830,
        "Gross Profit": 297,
        "Operating Income": -4,
        "EBIT": 86,
        "Net Income": -38
    },
    "2018-12-31": {
        "Diluted EPS": -3.67,
        "Total Revenue": 853,
        "Gross Profit": 329,
        "Operating Income": -346,
        "EBIT": 77,
        "Net Income": -318
    },
    "2018-09-30": {
        "Diluted EPS": 0.2,
        "Total Revenue": 855,
        "Gross Profit": 336,
        "Operating Income": 68,
        "EBIT": 132,
        "Net Income": 18
    },
    "2018-06-30": {
        "Diluted EPS": 0.31,
        "Total Revenue": 883,
        "Gross Profit": 353,
        "Operating Income": 62,
        "EBIT": 128,
        "Net Income": 27
    },
    "2018-03-31": {
        "Diluted EPS": 0.25,
        "Total Revenue": 895,
        "Gross Profit": 359,
        "Operating Income": 54,
        "EBIT": 117,
        "Net Income": 21
    },
    "2017-12-31": {
        "Diluted EPS": 0.98,
        "Total Revenue": 888,
        "Gross Profit": 344,
        "Operating Income": -23,
        "EBIT": 114,
        "Net Income": 83
    },
    "2017-09-30": {
        "Diluted EPS": 0.41,
        "Total Revenue": 883,
        "Gross Profit": 368,
        "Operating Income": 94,
        "EBIT": 154,
        "Net Income": 36
    },
    "2017-06-30": {
        "Diluted EPS": -1.74,
        "Total Revenue": 918,
        "Gross Profit": 382,
        "Operating Income": -192,
        "EBIT": -134,
        "Net Income": -149
    },
    "2017-03-31": {
        "Diluted EPS": 0.62,
        "Total Revenue": 892,
        "Gross Profit": 369,
        "Operating Income": 115,
        "EBIT": 173,
        "Net Income": 53
    },
    "2016-12-31": {
        "Diluted EPS": 0.15,
        "Total Revenue": 906,
        "Gross Profit": 367,
        "Operating Income": 69,
        "EBIT": 125,
        "Net Income": 13
    },
    "2016-09-30": {
        "Diluted EPS": 0.72,
        "Total Revenue": 890,
        "Gross Profit": 376,
        "Operating Income": 125,
        "EBIT": 190,
        "Net Income": 62
    },
    "2016-06-30": {
        "Diluted EPS": 0.43,
        "Total Revenue": 892,
        "Gross Profit": 378,
        "Operating Income": 100,
        "EBIT": 182,
        "Net Income": 37
    },
    "2016-03-31": {
        "Diluted EPS": 0.78,
        "Total Revenue": 874,
        "Gross Profit": 367,
        "Operating Income": 141,
        "EBIT": 189,
        "Net Income": 67
    },
    "2015-12-31": {
        "Diluted EPS": 0.81,
        "Total Revenue": 888,
        "Gross Profit": 369,
        "Operating Income": 151,
        "EBIT": 195,
        "Net Income": 71
    },
    "2015-09-30": {
        "Diluted EPS": 0.81,
        "Total Revenue": 719,
        "Gross Profit": 300,
        "Operating Income": 129,
        "EBIT": 156,
        "Net Income": 69
    },
    "2015-06-30": {
        "Diluted EPS": 1.02,
        "Total Revenue": 716,
        "Gross Profit": 305,
        "Operating Income": 155,
        "EBIT": 182,
        "Net Income": 88
    },
    "2015-03-31": {
        "Diluted EPS": 0.34,
        "Total Revenue": 663,
        "Gross Profit": 281,
        "Operating Income": 54,
        "EBIT": 81,
        "Net Income": 29
    },
    "2014-12-31": {
        "Diluted EPS": 0.97,
        "Total Revenue": 677,
        "Gross Profit": 285,
        "Operating Income": 139,
        "EBIT": 164,
        "Net Income": 83
    },
    "2014-09-30": {
        "Diluted EPS": 0.96,
        "Total Revenue": 668,
        "Gross Profit": 279,
        "Operating Income": 140,
        "EBIT": 168,
        "Net Income": 83
    },
    "2014-06-30": {
        "Diluted EPS": 0.95,
        "Total Revenue": 641,
        "Gross Profit": 275,
        "Operating Income": 145,
        "EBIT": 173,
        "Net Income": 82
    },
    "2014-03-31": {
        "Diluted EPS": 0.91,
        "Total Revenue": 570,
        "Gross Profit": 255,
        "Operating Income": 133,
        "EBIT": 156,
        "Net Income": 79
    },
    "2013-12-31": {
        "Diluted EPS": 0.9,
        "Total Revenue": 568,
        "Gross Profit": 253,
        "Operating Income": 135,
        "EBIT": 158,
        "Net Income": 78
    },
    "2013-09-30": {
        "Diluted EPS": 0.92,
        "Total Revenue": 535,
        "Gross Profit": 241,
        "Operating Income": 135,
        "EBIT": 157,
        "Net Income": 81
    },
    "2013-06-30": {
        "Diluted EPS": 0.89,
        "Total Revenue": 527,
        "Gross Profit": 238,
        "Operating Income": 134,
        "EBIT": 155,
        "Net Income": 78
    },
    "2013-03-31": {
        "Diluted EPS": 0.85,
        "Total Revenue": 514,
        "Gross Profit": 232,
        "Operating Income": 132,
        "EBIT": 153,
        "Net Income": 75
    },
    "2012-12-31": {
        "Diluted EPS": 0.8,
        "Total Revenue": 504,
        "Gross Profit": 227,
        "Operating Income": 120,
        "EBIT": 141,
        "Net Income": 70
    },
    "2012-09-30": {
        "Diluted EPS": 0.75,
        "Total Revenue": 480,
        "Gross Profit": 216,
        "Operating Income": 115,
        "EBIT": 134,
        "Net Income": 65
    },
    "2012-06-30": {
        "Diluted EPS": 0.78,
        "Total Revenue": 469,
        "Gross Profit": 209,
        "Operating Income": 118,
        "EBIT": 136,
        "Net Income": 68
    },
    "2012-03-31": {
        "Diluted EPS": 0.75,
        "Total Revenue": 460,
        "Gross Profit": 205,
        "Operating Income": 116,
        "EBIT": 134,
        "Net Income": 65
    },
    "2011-12-31": {
        "Diluted EPS": 0.74,
        "Total Revenue": 447,
        "Gross Profit": 202,
        "Operating Income": 115,
        "EBIT": 132,
        "Net Income": 64
    },
    "2011-09-30": {
        "Diluted EPS": 0.68,
        "Total Revenue": 421,
        "Gross Profit": 190,
        "Operating Income": 105,
        "EBIT": 121,
        "Net Income": 59
    },
    "2011-06-30": {
        "Diluted EPS": 0.63,
        "Total Revenue": 410,
        "Gross Profit": 187,
        "Operating Income": 102,
        "EBIT": 119,
        "Net Income": 56
    },
    "2011-03-31": {
        "Diluted EPS": 0.64,
        "Total Revenue": 398,
        "Gross Profit": 182,
        "Operating Income": 102,
        "EBIT": 118,
        "Net Income": 56
    },
    "2010-12-31": {
        "Diluted EPS": 0.57,
        "Total Revenue": 393,
        "Gross Profit": 154,
        "Operating Income": 94,
        "EBIT": 109,
        "Net Income": 50
    },
    "2010-09-30": {
        "Diluted EPS": 0.65,
        "Total Revenue": 363,
        "Gross Profit": 177,
        "Operating Income": 96,
        "EBIT": 110,
        "Net Income": 57
    },
    "2010-06-30": {
        "Diluted EPS": 0.61,
        "Total Revenue": 348,
        "Gross Profit": 171,
        "Operating Income": 94,
        "EBIT": 106,
        "Net Income": 53
    },
    "2010-03-31": {
        "Diluted EPS": 0.56,
        "Total Revenue": 335,
        "Gross Profit": 165,
        "Operating Income": 87,
        "EBIT": 100,
        "Net Income": 48
    },
    "2009-12-31": {
        "Diluted EPS": 0.51,
        "Total Revenue": 314,
        "Gross Profit": 127,
        "Operating Income": 82,
        "EBIT": 93,
        "Net Income": 45
    },
    "2009-09-30": {
        "Diluted EPS": 0.54,
        "Total Revenue": 298,
        "Gross Profit": 148,
        "Operating Income": 80,
        "EBIT": 89,
        "Net Income": 47
    },
    "2009-06-30": {
        "Diluted EPS": 0.51,
        "Total Revenue": 289,
        "Gross Profit": 144,
        "Operating Income": 80,
        "EBIT": 89,
        "Net Income": 44
    },
    "2009-03-31": {
        "Diluted EPS": 0.47,
        "Total Revenue": 277,
        "Gross Profit": 134,
        "Operating Income": 74,
        "EBIT": 83,
        "Net Income": 41
    },
    "2023-09-30": {
        "Tax Effect Of Unusual Items": -882000.0,
        "Tax Rate For Calcs": 0.21,
        "Normalized EBITDA": 82500000.0,
        "Total Unusual Items": -4200000.0,
        "Total Unusual Items Excluding Goodwill": -4200000.0,
        "Net Income From Continuing Operation Net Minority Interest": 2000000.0,
        "Reconciled Depreciation": 54000000.0,
        "Reconciled Cost Of Revenue": 407800000.0,
        "EBITDA": 78300000.0,
        "EBIT": 24300000.0,
        "Net Interest Income": -17400000.0,
        "Interest Expense": 17400000.0,
        "Normalized Income": 5318000.0,
        "Net Income From Continuing And Discontinued Operation": 2000000.0,
        "Total Expenses": 625100000.0,
        "Total Operating Income As Reported": 24200000.0,
        "Diluted Average Shares": 92900000.0,
        "Basic Average Shares": 92500000.0,
        "Diluted EPS": 0.02,
        "Basic EPS": 0.02,
        "Diluted NI Availto Com Stockholders": 2000000.0,
        "Net Income Common Stockholders": 2000000.0,
        "Net Income": 2000000.0,
        "Minority Interests": -100000.0,
        "Net Income Including Noncontrolling Interests": 2100000.0,
        "Net Income Continuous Operations": 2100000.0,
        "Tax Provision": 4800000.0,
        "Pretax Income": 6900000.0,
        "Other Income Expense": -4100000.0,
        "Other Non Operating Income Expenses": 100000.0,
        "Special Income Charges": -4200000.0,
        "Gain On Sale Of Business": -4200000.0,
        "Net Non Operating Interest Income Expense": -17400000.0,
        "Interest Expense Non Operating": 17400000.0,
        "Operating Income": 28400000.0,
        "Operating Expense": 217300000.0,
        "Selling General And Administration": 217300000.0,
        "Gross Profit": 245700000.0,
        "Cost Of Revenue": 407800000.0,
        "Total Revenue": 653500000.0,
        "Operating Revenue": 653500000.0
    },
    "2023-12-31": {
        "Tax Effect Of Unusual Items": 0.0,
        "Tax Rate For Calcs": 0.270936,
        "Normalized EBITDA": 90900000.0,
        "Total Unusual Items": 0.0,
        "Total Unusual Items Excluding Goodwill": 0.0,
        "Net Income From Continuing Operation Net Minority Interest": 14900000.0,
        "Reconciled Depreciation": 53600000.0,
        "Reconciled Cost Of Revenue": 395200000.0,
        "EBITDA": 90900000.0,
        "EBIT": 37300000.0,
        "Net Interest Income": -17000000.0,
        "Interest Expense": 17000000.0,
        "Normalized Income": 14900000.0,
        "Net Income From Continuing And Discontinued Operation": 14900000.0,
        "Total Expenses": 614900000.0,
        "Total Operating Income As Reported": 37100000.0,
        "Diluted Average Shares": NaN,
        "Basic Average Shares": NaN,
        "Diluted EPS": NaN,
        "Basic EPS": NaN,
        "Diluted NI Availto Com Stockholders": 14900000.0,
        "Net Income Common Stockholders": 14900000.0,
        "Net Income": 14900000.0,
        "Minority Interests": 300000.0,
        "Net Income Including Noncontrolling Interests": 14800000.0,
        "Net Income Continuous Operations": 14800000.0,
        "Tax Provision": 5500000.0,
        "Pretax Income": 20300000.0,
        "Other Income Expense": 200000.0,
        "Other Non Operating Income Expenses": 200000.0,
        "Special Income Charges": 0.0,
        "Gain On Sale Of Business": 0.0,
        "Net Non Operating Interest Income Expense": -17000000.0,
        "Interest Expense Non Operating": 17000000.0,
        "Operating Income": 37100000.0,
        "Operating Expense": 219700000.0,
        "Selling General And Administration": 219700000.0,
        "Gross Profit": 256800000.0,
        "Cost Of Revenue": 395200000.0,
        "Total Revenue": 652000000.0,
        "Operating Revenue": 652000000.0
    },
    "2024-03-31": {
        "Tax Effect Of Unusual Items": 0.0,
        "Tax Rate For Calcs": 0.361,
        "Normalized EBITDA": 92400000.0,
        "Total Unusual Items": 0.0,
        "Total Unusual Items Excluding Goodwill": 0.0,
        "Net Income From Continuing Operation Net Minority Interest": 13100000.0,
        "Reconciled Depreciation": 53500000.0,
        "Reconciled Cost Of Revenue": 410000000.0,
        "EBITDA": 92400000.0,
        "EBIT": 38900000.0,
        "Net Interest Income": -18400000.0,
        "Interest Expense": 18400000.0,
        "Normalized Income": 13100000.0,
        "Net Income From Continuing And Discontinued Operation": 13100000.0,
        "Total Expenses": 626000000.0,
        "Total Operating Income As Reported": 38900000.0,
        "Diluted Average Shares": 93000000.0,
        "Basic Average Shares": 92600000.0,
        "Diluted EPS": 0.14,
        "Basic EPS": 0.14,
        "Diluted NI Availto Com Stockholders": 13100000.0,
        "Net Income Common Stockholders": 13100000.0,
        "Net Income": 13100000.0,
        "Minority Interests": 0.0,
        "Net Income Including Noncontrolling Interests": 13100000.0,
        "Net Income Continuous Operations": 13100000.0,
        "Tax Provision": 7400000.0,
        "Pretax Income": 20500000.0,
        "Other Income Expense": NaN,
        "Other Non Operating Income Expenses": NaN,
        "Special Income Charges": 0.0,
        "Gain On Sale Of Business": 0.0,
        "Net Non Operating Interest Income Expense": -18400000.0,
        "Interest Expense Non Operating": 18400000.0,
        "Operating Income": 38900000.0,
        "Operating Expense": 216000000.0,
        "Selling General And Administration": 216000000.0,
        "Gross Profit": 254900000.0,
        "Cost Of Revenue": 410000000.0,
        "Total Revenue": 664900000.0,
        "Operating Revenue": 664900000.0
    },
    "2024-06-30": {
        "Tax Effect Of Unusual Items": 0.0,
        "Tax Rate For Calcs": 0.394,
        "Normalized EBITDA": 83500000.0,
        "Total Unusual Items": 0.0,
        "Total Unusual Items Excluding Goodwill": 0.0,
        "Net Income From Continuing Operation Net Minority Interest": 6000000.0,
        "Reconciled Depreciation": 53100000.0,
        "Reconciled Cost Of Revenue": 403600000.0,
        "EBITDA": 83500000.0,
        "EBIT": 30400000.0,
        "Net Interest Income": -20500000.0,
        "Interest Expense": 20500000.0,
        "Normalized Income": 6000000.0,
        "Net Income From Continuing And Discontinued Operation": 6000000.0,
        "Total Expenses": 631100000.0,
        "Total Operating Income As Reported": 30500000.0,
        "Diluted Average Shares": 93000000.0,
        "Basic Average Shares": 92700000.0,
        "Diluted EPS": 0.06,
        "Basic EPS": 0.06,
        "Diluted NI Availto Com Stockholders": 6000000.0,
        "Net Income Common Stockholders": 6000000.0,
        "Net Income": 6000000.0,
        "Minority Interests": 0.0,
        "Net Income Including Noncontrolling Interests": 6000000.0,
        "Net Income Continuous Operations": 6000000.0,
        "Tax Provision": 3900000.0,
        "Pretax Income": 9900000.0,
        "Other Income Expense": -100000.0,
        "Other Non Operating Income Expenses": -100000.0,
        "Special Income Charges": 0.0,
        "Gain On Sale Of Business": 0.0,
        "Net Non Operating Interest Income Expense": -20500000.0,
        "Interest Expense Non Operating": 20500000.0,
        "Operating Income": 30500000.0,
        "Operating Expense": 227500000.0,
        "Selling General And Administration": 227500000.0,
        "Gross Profit": 258000000.0,
        "Cost Of Revenue": 403600000.0,
        "Total Revenue": 661600000.0,
        "Operating Revenue": 661600000.0
    },
    "2024-09-30": {
        "Tax Effect Of Unusual Items": -2205000.0,
        "Tax Rate For Calcs": 0.21,
        "Normalized EBITDA": 72600000.0,
        "Total Unusual Items": -10500000.0,
        "Total Unusual Items Excluding Goodwill": -10500000.0,
        "Net Income From Continuing Operation Net Minority Interest": -13800000.0,
        "Reconciled Depreciation": 53100000.0,
        "Reconciled Cost Of Revenue": 404300000.0,
        "EBITDA": 62100000.0,
        "EBIT": 9000000.0,
        "Net Interest Income": -20400000.0,
        "Interest Expense": 20400000.0,
        "Normalized Income": -5505000.0,
        "Net Income From Continuing And Discontinued Operation": -13800000.0,
        "Total Expenses": 628900000.0,
        "Total Operating Income As Reported": 9000000.0,
        "Diluted Average Shares": NaN,
        "Basic Average Shares": NaN,
        "Diluted EPS": NaN,
        "Basic EPS": NaN,
        "Diluted NI Availto Com Stockholders": -13800000.0,
        "Net Income Common Stockholders": -13800000.0,
        "Net Income": -13800000.0,
        "Minority Interests": 100000.0,
        "Net Income Including Noncontrolling Interests": -13700000.0,
        "Net Income Continuous Operations": -13700000.0,
        "Tax Provision": 2300000.0,
        "Pretax Income": -11400000.0,
        "Other Income Expense": -10500000.0,
        "Other Non Operating Income Expenses": NaN,
        "Special Income Charges": -10500000.0,
        "Gain On Sale Of Business": -10500000.0,
        "Net Non Operating Interest Income Expense": -20400000.0,
        "Interest Expense Non Operating": 20400000.0,
        "Operating Income": 19500000.0,
        "Operating Expense": 224600000.0,
        "Selling General And Administration": 224600000.0,
        "Gross Profit": 244100000.0,
        "Cost Of Revenue": 404300000.0,
        "Total Revenue": 648400000.0,
        "Operating Revenue": 648400000.0
    }
}