{
    "2023-03-31": {
        "Tax Effect Of Unusual Items": 0.0,
        "Tax Rate For Calcs": 0.087,
        "Normalized EBITDA": 3171000.0,
        "Total Unusual Items": NaN,
        "Total Unusual Items Excluding Goodwill": NaN,
        "Net Income From Continuing Operation Net Minority Interest": -7386000.0,
        "Reconciled Depreciation": 8519000.0,
        "Reconciled Cost Of Revenue": 198523000.0,
        "EBITDA": 3171000.0,
        "EBIT": -5348000.0,
        "Net Interest Income": -2746000.0,
        "Interest Expense": 2746000.0,
        "Normalized Income": -7386000.0,
        "Net Income From Continuing And Discontinued Operation": -7386000.0,
        "Total Expenses": 245354000.0,
        "Total Operating Income As Reported": -4029000.0,
        "Diluted Average Shares": 27349000.0,
        "Basic Average Shares": 27349000.0,
        "Diluted EPS": -0.27,
        "Basic EPS": -0.27,
        "Diluted NI Availto Com Stockholders": -7386000.0,
        "Net Income Common Stockholders": -7386000.0,
        "Net Income": -7386000.0,
        "Net Income Including Noncontrolling Interests": -7386000.0,
        "Net Income Continuous Operations": -7386000.0,
        "Tax Provision": -708000.0,
        "Pretax Income": -8094000.0,
        "Other Income Expense": -1319000.0,
        "Other Non Operating Income Expenses": -1148000.0,
        "Special Income Charges": NaN,
        "Gain On Sale Of Business": NaN,
        "Earnings From Equity Interest": -171000.0,
        "Net Non Operating Interest Income Expense": -2746000.0,
        "Interest Expense Non Operating": 2746000.0,
        "Operating Income": -4029000.0,
        "Operating Expense": 46831000.0,
        "Research And Development": 16968000.0,
        "Selling General And Administration": 29863000.0,
        "Gross Profit": 42802000.0,
        "Cost Of Revenue": 198523000.0,
        "Total Revenue": 241325000.0,
        "Operating Revenue": 241325000.0
    },
    "2022-12-31": {
        "Tax Effect Of Unusual Items": 0.0,
        "Tax Rate For Calcs": 0.4,
        "Normalized EBITDA": 11313000.0,
        "Total Unusual Items": 0.0,
        "Total Unusual Items Excluding Goodwill": 0.0,
        "Net Income From Continuing Operation Net Minority Interest": 227000.0,
        "Reconciled Depreciation": 8372000.0,
        "Reconciled Cost Of Revenue": 185693000.0,
        "EBITDA": 11313000.0,
        "EBIT": 2941000.0,
        "Net Interest Income": -2249000.0,
        "Interest Expense": 2249000.0,
        "Normalized Income": 227000.0,
        "Net Income From Continuing And Discontinued Operation": 227000.0,
        "Total Expenses": 225188000.0,
        "Total Operating Income As Reported": 5984000.0,
        "Diluted Average Shares": 27282000.0,
        "Basic Average Shares": 27282000.0,
        "Diluted EPS": 0.0,
        "Basic EPS": 0.0,
        "Diluted NI Availto Com Stockholders": 227000.0,
        "Net Income Common Stockholders": 227000.0,
        "Net Income": 227000.0,
        "Net Income Including Noncontrolling Interests": 227000.0,
        "Net Income Continuous Operations": 227000.0,
        "Tax Provision": 465000.0,
        "Pretax Income": 692000.0,
        "Other Income Expense": -3043000.0,
        "Other Non Operating Income Expenses": -2644000.0,
        "Special Income Charges": 0.0,
        "Gain On Sale Of Business": 0.0,
        "Earnings From Equity Interest": -399000.0,
        "Net Non Operating Interest Income Expense": -2249000.0,
        "Interest Expense Non Operating": 2249000.0,
        "Operating Income": 5984000.0,
        "Operating Expense": 39495000.0,
        "Research And Development": 16581000.0,
        "Selling General And Administration": 22914000.0,
        "Gross Profit": 45479000.0,
        "Cost Of Revenue": 185693000.0,
        "Total Revenue": 231172000.0,
        "Operating Revenue": 231172000.0
    },
    "2022-09-30": {
        "Tax Effect Of Unusual Items": 0.0,
        "Tax Rate For Calcs": 0.4,
        "Normalized EBITDA": 11994000.0,
        "Total Unusual Items": 0.0,
        "Total Unusual Items Excluding Goodwill": 0.0,
        "Net Income From Continuing Operation Net Minority Interest": 731000.0,
        "Reconciled Depreciation": 8429000.0,
        "Reconciled Cost Of Revenue": 177317000.0,
        "EBITDA": 11994000.0,
        "EBIT": 3565000.0,
        "Net Interest Income": -1845000.0,
        "Interest Expense": 1845000.0,
        "Normalized Income": 731000.0,
        "Net Income From Continuing And Discontinued Operation": 731000.0,
        "Total Expenses": 220894000.0,
        "Total Operating Income As Reported": 5863000.0,
        "Diluted Average Shares": 27524000.0,
        "Basic Average Shares": 27281000.0,
        "Diluted EPS": 0.03,
        "Basic EPS": 0.03,
        "Diluted NI Availto Com Stockholders": 731000.0,
        "Net Income Common Stockholders": 731000.0,
        "Net Income": 731000.0,
        "Net Income Including Noncontrolling Interests": 731000.0,
        "Net Income Continuous Operations": 731000.0,
        "Tax Provision": 989000.0,
        "Pretax Income": 1720000.0,
        "Other Income Expense": -2298000.0,
        "Other Non Operating Income Expenses": -2332000.0,
        "Special Income Charges": 0.0,
        "Gain On Sale Of Business": 0.0,
        "Earnings From Equity Interest": 34000.0,
        "Net Non Operating Interest Income Expense": -1845000.0,
        "Interest Expense Non Operating": 1845000.0,
        "Operating Income": 5863000.0,
        "Operating Expense": 43577000.0,
        "Research And Development": 16133000.0,
        "Selling General And Administration": 27444000.0,
        "Gross Profit": 49440000.0,
        "Cost Of Revenue": 177317000.0,
        "Total Revenue": 226757000.0,
        "Operating Revenue": 226757000.0
    },
    "2022-06-30": {
        "Tax Effect Of Unusual Items": 0.0,
        "Tax Rate For Calcs": 0.4,
        "Normalized EBITDA": 2998000.0,
        "Total Unusual Items": 0.0,
        "Total Unusual Items Excluding Goodwill": 0.0,
        "Net Income From Continuing Operation Net Minority Interest": -7339000.0,
        "Reconciled Depreciation": 8707000.0,
        "Reconciled Cost Of Revenue": 182372000.0,
        "EBITDA": 2998000.0,
        "EBIT": -5709000.0,
        "Net Interest Income": -1217000.0,
        "Interest Expense": 1217000.0,
        "Normalized Income": -7339000.0,
        "Net Income From Continuing And Discontinued Operation": -7339000.0,
        "Total Expenses": 226864000.0,
        "Total Operating Income As Reported": -5928000.0,
        "Diluted Average Shares": 27268938.0,
        "Basic Average Shares": 27268938.0,
        "Diluted EPS": -0.27,
        "Basic EPS": -0.27,
        "Diluted NI Availto Com Stockholders": -7339000.0,
        "Net Income Common Stockholders": -7339000.0,
        "Net Income": -7339000.0,
        "Net Income Including Noncontrolling Interests": -7339000.0,
        "Net Income Continuous Operations": -7339000.0,
        "Tax Provision": 413000.0,
        "Pretax Income": -6926000.0,
        "Other Income Expense": 219000.0,
        "Other Non Operating Income Expenses": 596000.0,
        "Special Income Charges": 0.0,
        "Gain On Sale Of Business": 0.0,
        "Earnings From Equity Interest": -377000.0,
        "Net Non Operating Interest Income Expense": -1217000.0,
        "Interest Expense Non Operating": 1217000.0,
        "Operating Income": -5928000.0,
        "Operating Expense": 44492000.0,
        "Research And Development": 15554000.0,
        "Selling General And Administration": 28938000.0,
        "Gross Profit": 38564000.0,
        "Cost Of Revenue": 182372000.0,
        "Total Revenue": 220936000.0,
        "Operating Revenue": 220936000.0
    },
    "2023-06-30": {
        "Tax Effect Of Unusual Items": 0.0,
        "Tax Rate For Calcs": 0.4,
        "Normalized EBITDA": 10261000.0,
        "Total Unusual Items": NaN,
        "Total Unusual Items Excluding Goodwill": NaN,
        "Net Income From Continuing Operation Net Minority Interest": -2992000.0,
        "Reconciled Depreciation": 8646000.0,
        "Reconciled Cost Of Revenue": 206326000.0,
        "EBITDA": 10261000.0,
        "EBIT": 1615000.0,
        "Net Interest Income": -3120000.0,
        "Interest Expense": 3120000.0,
        "Normalized Income": -2992000.0,
        "Net Income From Continuing And Discontinued Operation": -2992000.0,
        "Total Expenses": 262483000.0,
        "Total Operating Income As Reported": 4331000.0,
        "Diluted Average Shares": 27451623.0,
        "Basic Average Shares": 27451623.0,
        "Diluted EPS": -0.11,
        "Basic EPS": -0.11,
        "Diluted NI Availto Com Stockholders": -2992000.0,
        "Net Income Common Stockholders": -2992000.0,
        "Net Income": -2992000.0,
        "Net Income Including Noncontrolling Interests": -2992000.0,
        "Net Income Continuous Operations": -2992000.0,
        "Tax Provision": 1487000.0,
        "Pretax Income": -1505000.0,
        "Other Income Expense": -2716000.0,
        "Other Non Operating Income Expenses": -2387000.0,
        "Special Income Charges": NaN,
        "Gain On Sale Of Business": NaN,
        "Earnings From Equity Interest": -329000.0,
        "Net Non Operating Interest Income Expense": -3120000.0,
        "Interest Expense Non Operating": 3120000.0,
        "Operating Income": 4331000.0,
        "Operating Expense": 56157000.0,
        "Research And Development": 22666000.0,
        "Selling General And Administration": 33491000.0,
        "Gross Profit": 60488000.0,
        "Cost Of Revenue": 206326000.0,
        "Total Revenue": 266814000.0,
        "Operating Revenue": 266814000.0
    },
    "2022-03-31": {
        "Diluted EPS": -0.28,
        "Total Revenue": 221,
        "Gross Profit": 41,
        "Operating Income": -3,
        "EBIT": 6,
        "Net Income": -8
    },
    "2021-12-31": {
        "Diluted EPS": -0.22,
        "Total Revenue": 204,
        "Gross Profit": 42,
        "Operating Income": -4,
        "EBIT": 4,
        "Net Income": -6
    },
    "2021-09-30": {
        "Diluted EPS": -0.38,
        "Total Revenue": 182,
        "Gross Profit": 36,
        "Operating Income": -9,
        "EBIT": -1,
        "Net Income": -10
    },
    "2021-06-30": {
        "Diluted EPS": 0.72,
        "Total Revenue": 191,
        "Gross Profit": 43,
        "Operating Income": 27,
        "EBIT": 35,
        "Net Income": 20
    },
    "2021-03-31": {
        "Diluted EPS": 0.0,
        "Total Revenue": 194,
        "Gross Profit": 46,
        "Operating Income": 2,
        "EBIT": 11,
        "Net Income": 0
    },
    "2020-12-31": {
        "Diluted EPS": 0.14,
        "Total Revenue": 190,
        "Gross Profit": 50,
        "Operating Income": 6,
        "EBIT": 15,
        "Net Income": 4
    },
    "2020-09-30": {
        "Diluted EPS": 0.25,
        "Total Revenue": 176,
        "Gross Profit": 46,
        "Operating Income": 10,
        "EBIT": 18,
        "Net Income": 7
    },
    "2020-06-30": {
        "Diluted EPS": -0.81,
        "Total Revenue": 100,
        "Gross Profit": 13,
        "Operating Income": -27,
        "EBIT": -19,
        "Net Income": -22
    },
    "2020-03-31": {
        "Diluted EPS": 0.13,
        "Total Revenue": 183,
        "Gross Profit": 45,
        "Operating Income": 4,
        "EBIT": 12,
        "Net Income": 3
    },
    "2019-12-31": {
        "Diluted EPS": 0.15,
        "Total Revenue": 190,
        "Gross Profit": 44,
        "Operating Income": 1,
        "EBIT": 9,
        "Net Income": 4
    },
    "2019-09-30": {
        "Diluted EPS": 0.24,
        "Total Revenue": 203,
        "Gross Profit": 52,
        "Operating Income": 9,
        "EBIT": 17,
        "Net Income": 7
    },
    "2019-06-30": {
        "Diluted EPS": 1.41,
        "Total Revenue": 222,
        "Gross Profit": 57,
        "Operating Income": 49,
        "EBIT": 57,
        "Net Income": 40
    },
    "2019-03-31": {
        "Diluted EPS": 0.33,
        "Total Revenue": 218,
        "Gross Profit": 61,
        "Operating Income": 12,
        "EBIT": 19,
        "Net Income": 10
    },
    "2018-12-31": {
        "Diluted EPS": 0.41,
        "Total Revenue": 211,
        "Gross Profit": 58,
        "Operating Income": 13,
        "EBIT": 20,
        "Net Income": 12
    },
    "2018-09-30": {
        "Diluted EPS": 0.46,
        "Total Revenue": 209,
        "Gross Profit": 63,
        "Operating Income": 18,
        "EBIT": 25,
        "Net Income": 13
    },
    "2018-06-30": {
        "Diluted EPS": 0.52,
        "Total Revenue": 221,
        "Gross Profit": 67,
        "Operating Income": 19,
        "EBIT": 26,
        "Net Income": 15
    },
    "2018-03-31": {
        "Diluted EPS": 0.46,
        "Total Revenue": 226,
        "Gross Profit": 68,
        "Operating Income": 17,
        "EBIT": 25,
        "Net Income": 13
    },
    "2017-12-31": {
        "Diluted EPS": 0.65,
        "Total Revenue": 207,
        "Gross Profit": 61,
        "Operating Income": 13,
        "EBIT": 21,
        "Net Income": 19
    },
    "2017-09-30": {
        "Diluted EPS": 0.28,
        "Total Revenue": 204,
        "Gross Profit": 63,
        "Operating Income": 13,
        "EBIT": 20,
        "Net Income": 8
    },
    "2017-06-30": {
        "Diluted EPS": 0.32,
        "Total Revenue": 209,
        "Gross Profit": 63,
        "Operating Income": 16,
        "EBIT": 23,
        "Net Income": 9
    },
    "2017-03-31": {
        "Diluted EPS": 0.32,
        "Total Revenue": 204,
        "Gross Profit": 61,
        "Operating Income": 15,
        "EBIT": 22,
        "Net Income": 9
    },
    "2016-12-31": {
        "Diluted EPS": 1.71,
        "Total Revenue": 173,
        "Gross Profit": 48,
        "Operating Income": 10,
        "EBIT": 16,
        "Net Income": 48
    },
    "2016-09-30": {
        "Diluted EPS": 0.36,
        "Total Revenue": 174,
        "Gross Profit": 50,
        "Operating Income": 12,
        "EBIT": 18,
        "Net Income": 10
    },
    "2016-06-30": {
        "Diluted EPS": 0.41,
        "Total Revenue": 187,
        "Gross Profit": 53,
        "Operating Income": 14,
        "EBIT": 20,
        "Net Income": 12
    },
    "2016-03-31": {
        "Diluted EPS": 0.26,
        "Total Revenue": 163,
        "Gross Profit": 45,
        "Operating Income": 9,
        "EBIT": 14,
        "Net Income": 7
    },
    "2015-12-31": {
        "Diluted EPS": 0.22,
        "Total Revenue": 155,
        "Gross Profit": 42,
        "Operating Income": 8,
        "EBIT": 13,
        "Net Income": 6
    },
    "2015-09-30": {
        "Diluted EPS": 0.26,
        "Total Revenue": 162,
        "Gross Profit": 45,
        "Operating Income": 9,
        "EBIT": 15,
        "Net Income": 7
    },
    "2015-06-30": {
        "Diluted EPS": 0.25,
        "Total Revenue": 165,
        "Gross Profit": 46,
        "Operating Income": 7,
        "EBIT": 13,
        "Net Income": 7
    },
    "2015-03-31": {
        "Diluted EPS": 0.08,
        "Total Revenue": 163,
        "Gross Profit": 44,
        "Operating Income": 3,
        "EBIT": 9,
        "Net Income": 2
    },
    "2014-12-31": {
        "Diluted EPS": -0.99,
        "Total Revenue": 167,
        "Gross Profit": 45,
        "Operating Income": -23,
        "EBIT": 12,
        "Net Income": -27
    },
    "2014-09-30": {
        "Diluted EPS": 0.0,
        "Total Revenue": 170,
        "Gross Profit": 50,
        "Operating Income": 14,
        "EBIT": 15,
        "Net Income": 0
    },
    "2014-06-30": {
        "Diluted EPS": -0.81,
        "Total Revenue": 162,
        "Gross Profit": 48,
        "Operating Income": -23,
        "EBIT": 14,
        "Net Income": -22
    },
    "2014-03-31": {
        "Diluted EPS": 0.05,
        "Total Revenue": 161,
        "Gross Profit": 48,
        "Operating Income": 6,
        "EBIT": 15,
        "Net Income": 1
    },
    "2013-12-31": {
        "Diluted EPS": 0.01,
        "Total Revenue": 92,
        "Gross Profit": 43,
        "Operating Income": 8,
        "EBIT": 17,
        "Net Income": 0
    },
    "2013-09-30": {
        "Diluted EPS": 0.19,
        "Total Revenue": 162,
        "Gross Profit": 50,
        "Operating Income": 13,
        "EBIT": 21,
        "Net Income": 5
    },
    "2013-06-30": {
        "Diluted EPS": 0.21,
        "Total Revenue": 170,
        "Gross Profit": 54,
        "Operating Income": 12,
        "EBIT": 21,
        "Net Income": 6
    },
    "2013-03-31": {
        "Diluted EPS": 0.15,
        "Total Revenue": 236,
        "Gross Profit": 59,
        "Operating Income": 10,
        "EBIT": 19,
        "Net Income": 4
    },
    "2012-12-31": {
        "Diluted EPS": 0.1,
        "Total Revenue": 223,
        "Gross Profit": 55,
        "Operating Income": 9,
        "EBIT": 17,
        "Net Income": 3
    },
    "2012-09-30": {
        "Diluted EPS": 0.02,
        "Total Revenue": 219,
        "Gross Profit": 51,
        "Operating Income": 7,
        "EBIT": 16,
        "Net Income": 0
    },
    "2012-06-30": {
        "Diluted EPS": -0.13,
        "Total Revenue": 234,
        "Gross Profit": 54,
        "Operating Income": 2,
        "EBIT": 11,
        "Net Income": -4
    },
    "2012-03-31": {
        "Diluted EPS": 0.22,
        "Total Revenue": 262,
        "Gross Profit": 65,
        "Operating Income": 12,
        "EBIT": 21,
        "Net Income": 6
    },
    "2011-12-31": {
        "Diluted EPS": 1.56,
        "Total Revenue": 186,
        "Gross Profit": 32,
        "Operating Income": -8,
        "EBIT": 2,
        "Net Income": 39
    },
    "2011-09-30": {
        "Diluted EPS": 0.18,
        "Total Revenue": 196,
        "Gross Profit": 37,
        "Operating Income": 7,
        "EBIT": 12,
        "Net Income": 5
    },
    "2011-06-30": {
        "Diluted EPS": 0.14,
        "Total Revenue": 190,
        "Gross Profit": 38,
        "Operating Income": 7,
        "EBIT": 13,
        "Net Income": 3
    },
    "2011-03-31": {
        "Diluted EPS": 0.12,
        "Total Revenue": 193,
        "Gross Profit": 39,
        "Operating Income": 7,
        "EBIT": 12,
        "Net Income": 3
    },
    "2010-12-31": {
        "Diluted EPS": 0.18,
        "Total Revenue": 160,
        "Gross Profit": 36,
        "Operating Income": 6,
        "EBIT": 11,
        "Net Income": 5
    },
    "2010-09-30": {
        "Diluted EPS": 0.05,
        "Total Revenue": 160,
        "Gross Profit": 37,
        "Operating Income": 6,
        "EBIT": 11,
        "Net Income": 1
    },
    "2010-06-30": {
        "Diluted EPS": 0.16,
        "Total Revenue": 166,
        "Gross Profit": 39,
        "Operating Income": 8,
        "EBIT": 13,
        "Net Income": 4
    },
    "2010-03-31": {
        "Diluted EPS": 0.08,
        "Total Revenue": 148,
        "Gross Profit": 34,
        "Operating Income": 4,
        "EBIT": 9,
        "Net Income": 2
    },
    "2009-12-31": {
        "Diluted EPS": -0.01,
        "Total Revenue": 134,
        "Gross Profit": 28,
        "Operating Income": 2,
        "EBIT": 7,
        "Net Income": 0
    },
    "2009-09-30": {
        "Diluted EPS": -0.04,
        "Total Revenue": 118,
        "Gross Profit": 27,
        "Operating Income": 3,
        "EBIT": 8,
        "Net Income": -1
    },
    "2009-06-30": {
        "Diluted EPS": -0.84,
        "Total Revenue": 102,
        "Gross Profit": 14,
        "Operating Income": -14,
        "EBIT": -9,
        "Net Income": -20
    },
    "2009-03-31": {
        "Diluted EPS": -0.49,
        "Total Revenue": 121,
        "Gross Profit": 19,
        "Operating Income": -9,
        "EBIT": -3,
        "Net Income": -12
    },
    "2023-09-30": {
        "Tax Effect Of Unusual Items": 0.0,
        "Tax Rate For Calcs": 0.21,
        "Normalized EBITDA": 16466000.0,
        "Total Unusual Items": NaN,
        "Total Unusual Items Excluding Goodwill": NaN,
        "Net Income From Continuing Operation Net Minority Interest": 2171000.0,
        "Reconciled Depreciation": 8712000.0,
        "Reconciled Cost Of Revenue": 185689000.0,
        "EBITDA": 16466000.0,
        "EBIT": 7754000.0,
        "Net Interest Income": -3313000.0,
        "Interest Expense": 3313000.0,
        "Normalized Income": 2171000.0,
        "Net Income From Continuing And Discontinued Operation": 2171000.0,
        "Total Expenses": 231652000.0,
        "Total Operating Income As Reported": 6512000.0,
        "Diluted Average Shares": 27734000.0,
        "Basic Average Shares": 27484000.0,
        "Diluted EPS": 0.08,
        "Basic EPS": 0.08,
        "Diluted NI Availto Com Stockholders": 2171000.0,
        "Net Income Common Stockholders": 2171000.0,
        "Net Income": 2171000.0,
        "Net Income Including Noncontrolling Interests": 2171000.0,
        "Net Income Continuous Operations": 2171000.0,
        "Tax Provision": 2270000.0,
        "Pretax Income": 4441000.0,
        "Other Income Expense": 1242000.0,
        "Other Non Operating Income Expenses": 1383000.0,
        "Special Income Charges": NaN,
        "Gain On Sale Of Business": NaN,
        "Earnings From Equity Interest": -141000.0,
        "Net Non Operating Interest Income Expense": -3313000.0,
        "Interest Expense Non Operating": 3313000.0,
        "Operating Income": 6512000.0,
        "Operating Expense": 45963000.0,
        "Research And Development": 17852000.0,
        "Selling General And Administration": 28111000.0,
        "Gross Profit": 52475000.0,
        "Cost Of Revenue": 185689000.0,
        "Total Revenue": 238164000.0,
        "Operating Revenue": 238164000.0
    }
}