{
    "2022-06-30": {
        "Diluted EPS": 0.0,
        "Total Revenue": NaN,
        "Gross Profit": NaN,
        "Operating Income": NaN,
        "Net Income": NaN
    },
    "2017-12-31": {
        "Diluted EPS": -1.97,
        "Total Revenue": 32,
        "Gross Profit": -18,
        "Operating Income": -20,
        "EBIT": -19,
        "Net Income": -26
    },
    "2017-09-30": {
        "Diluted EPS": -0.39,
        "Total Revenue": 46,
        "Gross Profit": 7,
        "Operating Income": -1,
        "EBIT": 0,
        "Net Income": -6
    },
    "2017-06-30": {
        "Diluted EPS": -0.04,
        "Total Revenue": 50,
        "Gross Profit": 5,
        "Operating Income": -5,
        "EBIT": -3,
        "Net Income": -3
    },
    "2017-03-31": {
        "Diluted EPS": -0.1,
        "Total Revenue": 84,
        "Gross Profit": 14,
        "Operating Income": 3,
        "EBIT": 5,
        "Net Income": -2
    },
    "2016-12-31": {
        "Diluted EPS": -0.83,
        "Total Revenue": 149,
        "Gross Profit": 5,
        "Operating Income": -2,
        "EBIT": 0,
        "Net Income": -13
    },
    "2016-09-30": {
        "Diluted EPS": -0.42,
        "Total Revenue": 197,
        "Gross Profit": 11,
        "Operating Income": -4,
        "EBIT": 0,
        "Net Income": -6
    },
    "2016-06-30": {
        "Diluted EPS": -0.03,
        "Total Revenue": 253,
        "Gross Profit": 21,
        "Operating Income": 4,
        "EBIT": 6,
        "Net Income": 0
    },
    "2016-03-31": {
        "Diluted EPS": 0.0,
        "Total Revenue": 255,
        "Gross Profit": 17,
        "Operating Income": 2,
        "EBIT": 4,
        "Net Income": 0
    },
    "2015-12-31": {
        "Diluted EPS": -7.52,
        "Total Revenue": 406,
        "Gross Profit": NaN,
        "Operating Income": NaN,
        "EBIT": NaN,
        "Net Income": -112
    },
    "2015-09-30": {
        "Diluted EPS": -19.71,
        "Total Revenue": 339,
        "Gross Profit": 20,
        "Operating Income": 3,
        "EBIT": -4,
        "Net Income": -293
    },
    "2015-06-30": {
        "Diluted EPS": 0.47,
        "Total Revenue": 372,
        "Gross Profit": 26,
        "Operating Income": 7,
        "EBIT": 13,
        "Net Income": 7
    },
    "2015-03-31": {
        "Diluted EPS": 0.43,
        "Total Revenue": 331,
        "Gross Profit": 28,
        "Operating Income": 11,
        "EBIT": 15,
        "Net Income": 6
    },
    "2014-12-31": {
        "Diluted EPS": -1.23,
        "Total Revenue": 390,
        "Gross Profit": 29,
        "Operating Income": 6,
        "EBIT": 15,
        "Net Income": -18
    },
    "2014-09-30": {
        "Diluted EPS": 0.43,
        "Total Revenue": 389,
        "Gross Profit": 34,
        "Operating Income": 15,
        "EBIT": 22,
        "Net Income": 6
    },
    "2014-06-30": {
        "Diluted EPS": 0.47,
        "Total Revenue": 394,
        "Gross Profit": 37,
        "Operating Income": 10,
        "EBIT": 16,
        "Net Income": 7
    },
    "2014-03-31": {
        "Diluted EPS": 0.38,
        "Total Revenue": 229,
        "Gross Profit": 32,
        "Operating Income": 14,
        "EBIT": 19,
        "Net Income": 6
    },
    "2013-12-31": {
        "Diluted EPS": -0.85,
        "Total Revenue": 221,
        "Gross Profit": 21,
        "Operating Income": 5,
        "EBIT": 14,
        "Net Income": -13
    },
    "2013-09-30": {
        "Diluted EPS": 0.47,
        "Total Revenue": 213,
        "Gross Profit": 19,
        "Operating Income": 6,
        "EBIT": 11,
        "Net Income": 7
    },
    "2013-06-30": {
        "Diluted EPS": 0.43,
        "Total Revenue": 167,
        "Gross Profit": 31,
        "Operating Income": 14,
        "EBIT": 19,
        "Net Income": 6
    },
    "2013-03-31": {
        "Diluted EPS": 0.34,
        "Total Revenue": 206,
        "Gross Profit": 25,
        "Operating Income": 9,
        "EBIT": 17,
        "Net Income": 5
    },
    "2012-12-31": {
        "Diluted EPS": -2.21,
        "Total Revenue": 110,
        "Gross Profit": 6,
        "Operating Income": -10,
        "EBIT": -7,
        "Net Income": -32
    },
    "2012-09-30": {
        "Diluted EPS": 15.84,
        "Total Revenue": 119,
        "Gross Profit": 18,
        "Operating Income": 7,
        "EBIT": 16,
        "Net Income": 233
    },
    "2012-06-30": {
        "Diluted EPS": 0.77,
        "Total Revenue": 104,
        "Gross Profit": 24,
        "Operating Income": 12,
        "EBIT": 18,
        "Net Income": 11
    },
    "2012-03-31": {
        "Diluted EPS": 0.98,
        "Total Revenue": 148,
        "Gross Profit": 26,
        "Operating Income": 17,
        "EBIT": 20,
        "Net Income": 15
    },
    "2011-12-31": {
        "Diluted EPS": 0.81,
        "Total Revenue": 521,
        "Gross Profit": 404,
        "Operating Income": 396,
        "EBIT": 399,
        "Net Income": 12
    },
    "2011-09-30": {
        "Diluted EPS": 0.47,
        "Total Revenue": 112,
        "Gross Profit": 20,
        "Operating Income": 10,
        "EBIT": 12,
        "Net Income": 7
    },
    "2011-06-30": {
        "Diluted EPS": 0.81,
        "Total Revenue": 142,
        "Gross Profit": 22,
        "Operating Income": 11,
        "EBIT": 15,
        "Net Income": 12
    },
    "2011-03-31": {
        "Diluted EPS": 0.21,
        "Total Revenue": 134,
        "Gross Profit": 27,
        "Operating Income": 9,
        "EBIT": 13,
        "Net Income": 3
    },
    "2010-12-31": {
        "Diluted EPS": 3.91,
        "Total Revenue": 58,
        "Gross Profit": 84,
        "Operating Income": 95,
        "EBIT": 106,
        "Net Income": 46
    },
    "2010-09-30": {
        "Diluted EPS": 0.81,
        "Total Revenue": NaN,
        "Gross Profit": NaN,
        "Operating Income": -5,
        "EBIT": -5,
        "Net Income": 6
    },
    "2010-06-30": {
        "Diluted EPS": -0.04,
        "Total Revenue": NaN,
        "Gross Profit": NaN,
        "Operating Income": -4,
        "EBIT": -4,
        "Net Income": 0
    },
    "2010-03-31": {
        "Diluted EPS": -2.59,
        "Total Revenue": 102,
        "Gross Profit": 26,
        "Operating Income": 6,
        "EBIT": 7,
        "Net Income": -19
    },
    "2009-12-31": {
        "Diluted EPS": 5.52,
        "Total Revenue": 210,
        "Gross Profit": 67,
        "Operating Income": 47,
        "EBIT": 47,
        "Net Income": 39
    },
    "2009-09-30": {
        "Diluted EPS": 1.06,
        "Total Revenue": 148,
        "Gross Profit": 26,
        "Operating Income": 8,
        "EBIT": 8,
        "Net Income": 7
    },
    "2009-06-30": {
        "Diluted EPS": -1.06,
        "Total Revenue": 106,
        "Gross Profit": 24,
        "Operating Income": 3,
        "EBIT": 4,
        "Net Income": -7
    },
    "2009-03-31": {
        "Diluted EPS": 0.17,
        "Total Revenue": 112,
        "Gross Profit": 19,
        "Operating Income": 4,
        "EBIT": 5,
        "Net Income": 1
    }
}