{
    "2023-03-31": {
        "Tax Effect Of Unusual Items": NaN,
        "Tax Rate For Calcs": NaN,
        "Normalized EBITDA": NaN,
        "Net Income From Continuing Operation Net Minority Interest": NaN,
        "Reconciled Depreciation": NaN,
        "Reconciled Cost Of Revenue": NaN,
        "EBITDA": NaN,
        "EBIT": NaN,
        "Net Interest Income": NaN,
        "Interest Expense": NaN,
        "Interest Income": NaN,
        "Normalized Income": NaN,
        "Net Income From Continuing And Discontinued Operation": NaN,
        "Total Expenses": NaN,
        "Total Operating Income As Reported": NaN,
        "Diluted Average Shares": 8200000.0,
        "Basic Average Shares": 1700000.0,
        "Diluted EPS": -0.022354,
        "Basic EPS": -0.022354,
        "Diluted NI Availto Com Stockholders": NaN,
        "Net Income Common Stockholders": NaN,
        "Net Income": NaN,
        "Net Income Including Noncontrolling Interests": NaN,
        "Net Income Continuous Operations": NaN,
        "Pretax Income": NaN,
        "Net Non Operating Interest Income Expense": NaN,
        "Interest Expense Non Operating": NaN,
        "Interest Income Non Operating": NaN,
        "Operating Income": NaN,
        "Operating Expense": NaN,
        "Selling General And Administration": NaN,
        "General And Administrative Expense": NaN,
        "Other Gand A": NaN,
        "Gross Profit": NaN,
        "Cost Of Revenue": NaN,
        "Total Revenue": NaN,
        "Operating Revenue": NaN
    },
    "2023-06-30": {
        "Tax Effect Of Unusual Items": 0.0,
        "Tax Rate For Calcs": 0.21,
        "Normalized EBITDA": 250262.0,
        "Net Income From Continuing Operation Net Minority Interest": 228022.0,
        "Reconciled Depreciation": -2279.0,
        "Reconciled Cost Of Revenue": 1833934.0,
        "EBITDA": 250262.0,
        "EBIT": 250262.0,
        "Net Interest Income": -21927.0,
        "Interest Expense": 22240.0,
        "Interest Income": 313.0,
        "Normalized Income": 228022.0,
        "Net Income From Continuing And Discontinued Operation": 228022.0,
        "Total Expenses": 2092006.0,
        "Total Operating Income As Reported": 249949.0,
        "Diluted Average Shares": 9450000.0,
        "Basic Average Shares": 9450000.0,
        "Diluted EPS": 0.024129,
        "Basic EPS": 0.024129,
        "Diluted NI Availto Com Stockholders": 228022.0,
        "Net Income Common Stockholders": 228022.0,
        "Net Income": 228022.0,
        "Net Income Including Noncontrolling Interests": 228022.0,
        "Net Income Continuous Operations": 228022.0,
        "Pretax Income": 228022.0,
        "Net Non Operating Interest Income Expense": -21927.0,
        "Interest Expense Non Operating": 22240.0,
        "Interest Income Non Operating": 313.0,
        "Operating Income": 249949.0,
        "Operating Expense": 258072.0,
        "Selling General And Administration": 258072.0,
        "General And Administrative Expense": 258072.0,
        "Other Gand A": 258072.0,
        "Gross Profit": 508021.0,
        "Cost Of Revenue": 1833934.0,
        "Total Revenue": 2341955.0,
        "Operating Revenue": 2341955.0
    },
    "2023-09-30": {
        "Tax Effect Of Unusual Items": 0.0,
        "Tax Rate For Calcs": 0.0,
        "Normalized EBITDA": -1473103.0,
        "Net Income From Continuing Operation Net Minority Interest": -1486749.0,
        "Reconciled Depreciation": 2279.0,
        "Reconciled Cost Of Revenue": 898712.0,
        "EBITDA": -1473103.0,
        "EBIT": -1475382.0,
        "Net Interest Income": 1678.0,
        "Interest Expense": 11367.0,
        "Interest Income": 13045.0,
        "Normalized Income": -1486749.0,
        "Net Income From Continuing And Discontinued Operation": -1486749.0,
        "Total Expenses": 2616489.0,
        "Total Operating Income As Reported": NaN,
        "Diluted Average Shares": 8007065.0,
        "Basic Average Shares": 8007065.0,
        "Diluted EPS": -0.19,
        "Basic EPS": -0.19,
        "Diluted NI Availto Com Stockholders": -1486749.0,
        "Net Income Common Stockholders": -1486749.0,
        "Net Income": -1486749.0,
        "Net Income Including Noncontrolling Interests": -1486749.0,
        "Net Income Continuous Operations": -1486749.0,
        "Pretax Income": -1486749.0,
        "Net Non Operating Interest Income Expense": 1678.0,
        "Interest Expense Non Operating": 11367.0,
        "Interest Income Non Operating": 13045.0,
        "Operating Income": -1488427.0,
        "Operating Expense": 1717777.0,
        "Selling General And Administration": 1717777.0,
        "General And Administrative Expense": 1717777.0,
        "Other Gand A": 1717777.0,
        "Gross Profit": 229350.0,
        "Cost Of Revenue": 898712.0,
        "Total Revenue": 1128062.0,
        "Operating Revenue": 1128062.0
    },
    "2022-09-30": {
        "Tax Effect Of Unusual Items": NaN,
        "Tax Rate For Calcs": NaN,
        "Normalized EBITDA": NaN,
        "Net Income From Continuing Operation Net Minority Interest": NaN,
        "Reconciled Depreciation": NaN,
        "Reconciled Cost Of Revenue": NaN,
        "EBITDA": NaN,
        "EBIT": NaN,
        "Net Interest Income": NaN,
        "Interest Expense": NaN,
        "Interest Income": NaN,
        "Normalized Income": NaN,
        "Net Income From Continuing And Discontinued Operation": NaN,
        "Total Expenses": NaN,
        "Diluted Average Shares": 8200000.0,
        "Basic Average Shares": 1700000.0,
        "Diluted EPS": 0.029611,
        "Basic EPS": 0.142829,
        "Diluted NI Availto Com Stockholders": NaN,
        "Net Income Common Stockholders": NaN,
        "Net Income": NaN,
        "Net Income Including Noncontrolling Interests": NaN,
        "Net Income Continuous Operations": NaN,
        "Pretax Income": NaN,
        "Net Non Operating Interest Income Expense": NaN,
        "Interest Expense Non Operating": NaN,
        "Interest Income Non Operating": NaN,
        "Operating Income": NaN,
        "Operating Expense": NaN,
        "Selling General And Administration": NaN,
        "General And Administrative Expense": NaN,
        "Other Gand A": NaN,
        "Gross Profit": NaN,
        "Cost Of Revenue": NaN,
        "Total Revenue": NaN,
        "Operating Revenue": NaN
    },
    "2023-12-31": {
        "Tax Effect Of Unusual Items": 0.0,
        "Tax Rate For Calcs": 0.0,
        "Normalized EBITDA": -754243.0,
        "Net Income From Continuing Operation Net Minority Interest": -757130.0,
        "Reconciled Depreciation": 2887.0,
        "Reconciled Cost Of Revenue": 859370.0,
        "EBITDA": -754243.0,
        "EBIT": -757130.0,
        "Net Interest Income": 25561.0,
        "Interest Expense": 0.0,
        "Interest Income": 25561.0,
        "Normalized Income": -757130.0,
        "Net Income From Continuing And Discontinued Operation": -757130.0,
        "Total Expenses": 1986319.0,
        "Total Operating Income As Reported": NaN,
        "Diluted Average Shares": NaN,
        "Basic Average Shares": NaN,
        "Diluted EPS": NaN,
        "Basic EPS": NaN,
        "Diluted NI Availto Com Stockholders": -757130.0,
        "Net Income Common Stockholders": -757130.0,
        "Net Income": -757130.0,
        "Net Income Including Noncontrolling Interests": -757130.0,
        "Net Income Continuous Operations": -757130.0,
        "Pretax Income": -757130.0,
        "Net Non Operating Interest Income Expense": 25561.0,
        "Interest Expense Non Operating": 0.0,
        "Interest Income Non Operating": 25561.0,
        "Operating Income": -782691.0,
        "Operating Expense": 1126949.0,
        "Selling General And Administration": 1126949.0,
        "General And Administrative Expense": 1126949.0,
        "Other Gand A": 1126949.0,
        "Gross Profit": 344258.0,
        "Cost Of Revenue": 859370.0,
        "Total Revenue": 1203628.0,
        "Operating Revenue": 1203628.0
    },
    "2024-03-31": {
        "Tax Effect Of Unusual Items": 0.0,
        "Tax Rate For Calcs": 0.0,
        "Normalized EBITDA": -1707116.0,
        "Net Income From Continuing Operation Net Minority Interest": -1710004.0,
        "Reconciled Depreciation": 2888.0,
        "Reconciled Cost Of Revenue": 842810.0,
        "EBITDA": -1707116.0,
        "EBIT": -1710004.0,
        "Net Interest Income": 5002.0,
        "Interest Expense": 0.0,
        "Interest Income": 5002.0,
        "Normalized Income": -1710004.0,
        "Net Income From Continuing And Discontinued Operation": -1710004.0,
        "Total Expenses": 2721363.0,
        "Total Operating Income As Reported": NaN,
        "Diluted Average Shares": 10043522.0,
        "Basic Average Shares": 10043522.0,
        "Diluted EPS": -0.17,
        "Basic EPS": -0.17,
        "Diluted NI Availto Com Stockholders": -1710004.0,
        "Net Income Common Stockholders": -1710004.0,
        "Net Income": -1710004.0,
        "Net Income Including Noncontrolling Interests": -1710004.0,
        "Net Income Continuous Operations": -1710004.0,
        "Pretax Income": -1710004.0,
        "Net Non Operating Interest Income Expense": 5002.0,
        "Interest Expense Non Operating": 0.0,
        "Interest Income Non Operating": 5002.0,
        "Operating Income": -1715006.0,
        "Operating Expense": 1878553.0,
        "Selling General And Administration": 1878553.0,
        "General And Administrative Expense": 1878553.0,
        "Other Gand A": 1878553.0,
        "Gross Profit": 163547.0,
        "Cost Of Revenue": 842810.0,
        "Total Revenue": 1006357.0,
        "Operating Revenue": 1006357.0
    },
    "2022-12-31": {
        "Tax Effect Of Unusual Items": NaN,
        "Tax Rate For Calcs": NaN,
        "Normalized EBITDA": NaN,
        "Net Income From Continuing Operation Net Minority Interest": NaN,
        "Reconciled Depreciation": 583.0,
        "Reconciled Cost Of Revenue": NaN,
        "EBITDA": NaN,
        "EBIT": NaN,
        "Net Interest Income": NaN,
        "Interest Expense": NaN,
        "Interest Income": -1.0,
        "Normalized Income": NaN,
        "Net Income From Continuing And Discontinued Operation": NaN,
        "Total Expenses": NaN,
        "Diluted Average Shares": NaN,
        "Basic Average Shares": NaN,
        "Diluted EPS": NaN,
        "Basic EPS": NaN,
        "Diluted NI Availto Com Stockholders": NaN,
        "Net Income Common Stockholders": NaN,
        "Net Income": NaN,
        "Net Income Including Noncontrolling Interests": NaN,
        "Net Income Continuous Operations": NaN,
        "Pretax Income": NaN,
        "Net Non Operating Interest Income Expense": NaN,
        "Interest Expense Non Operating": NaN,
        "Interest Income Non Operating": -1.0,
        "Operating Income": NaN,
        "Operating Expense": NaN,
        "Selling General And Administration": 402241.0,
        "General And Administrative Expense": 402241.0,
        "Other Gand A": 402241.0,
        "Gross Profit": NaN,
        "Cost Of Revenue": NaN,
        "Total Revenue": NaN,
        "Operating Revenue": NaN
    },
    "2024-06-30": {
        "Tax Effect Of Unusual Items": 0.0,
        "Tax Rate For Calcs": 0.0,
        "Normalized EBITDA": -516613.0,
        "Net Income From Continuing Operation Net Minority Interest": -520971.0,
        "Reconciled Depreciation": 4358.0,
        "Reconciled Cost Of Revenue": 1183261.0,
        "EBITDA": -516613.0,
        "EBIT": -520971.0,
        "Net Interest Income": 5505.0,
        "Interest Expense": 0.0,
        "Interest Income": 5505.0,
        "Normalized Income": -520971.0,
        "Net Income From Continuing And Discontinued Operation": -520971.0,
        "Total Expenses": 2034403.0,
        "Total Operating Income As Reported": -526476.0,
        "Diluted Average Shares": 10187753.0,
        "Basic Average Shares": 10187753.0,
        "Diluted EPS": -0.05,
        "Basic EPS": -0.05,
        "Diluted NI Availto Com Stockholders": -520971.0,
        "Net Income Common Stockholders": -520971.0,
        "Net Income": -520971.0,
        "Net Income Including Noncontrolling Interests": -520971.0,
        "Net Income Continuous Operations": -520971.0,
        "Pretax Income": -520971.0,
        "Net Non Operating Interest Income Expense": 5505.0,
        "Interest Expense Non Operating": 0.0,
        "Interest Income Non Operating": 5505.0,
        "Operating Income": -526476.0,
        "Operating Expense": 851142.0,
        "Selling General And Administration": 851142.0,
        "General And Administrative Expense": 851142.0,
        "Other Gand A": 851142.0,
        "Gross Profit": 324666.0,
        "Cost Of Revenue": 1183261.0,
        "Total Revenue": 1507927.0,
        "Operating Revenue": 1507927.0
    }
}