{
    "2023-03-31": {
        "Tax Effect Of Unusual Items": NaN,
        "Tax Rate For Calcs": NaN,
        "Normalized EBITDA": NaN,
        "Total Unusual Items": NaN,
        "Total Unusual Items Excluding Goodwill": NaN,
        "Net Income From Continuing Operation Net Minority Interest": NaN,
        "Reconciled Depreciation": NaN,
        "Reconciled Cost Of Revenue": NaN,
        "EBITDA": NaN,
        "EBIT": NaN,
        "Net Interest Income": NaN,
        "Interest Expense": NaN,
        "Interest Income": NaN,
        "Normalized Income": NaN,
        "Net Income From Continuing And Discontinued Operation": NaN,
        "Total Expenses": NaN,
        "Total Operating Income As Reported": NaN,
        "Diluted Average Shares": 88186000.0,
        "Basic Average Shares": 88186000.0,
        "Diluted EPS": -5.86,
        "Basic EPS": -5.86,
        "Diluted NI Availto Com Stockholders": NaN,
        "Average Dilution Earnings": 0.0,
        "Net Income Common Stockholders": NaN,
        "Net Income": NaN,
        "Net Income Including Noncontrolling Interests": NaN,
        "Net Income Continuous Operations": NaN,
        "Tax Provision": NaN,
        "Pretax Income": NaN,
        "Other Income Expense": NaN,
        "Other Non Operating Income Expenses": NaN,
        "Special Income Charges": NaN,
        "Gain On Sale Of Ppe": NaN,
        "Other Special Charges": 387329000.0,
        "Write Off": NaN,
        "Restructuring And Mergern Acquisition": NaN,
        "Securities Amortization": NaN,
        "Net Non Operating Interest Income Expense": NaN,
        "Interest Expense Non Operating": NaN,
        "Interest Income Non Operating": NaN,
        "Operating Income": NaN,
        "Operating Expense": NaN,
        "Depreciation Amortization Depletion Income Statement": NaN,
        "Depreciation And Amortization In Income Statement": NaN,
        "Amortization": NaN,
        "Amortization Of Intangibles Income Statement": NaN,
        "Research And Development": NaN,
        "Selling General And Administration": NaN,
        "General And Administrative Expense": NaN,
        "Other Gand A": NaN,
        "Salaries And Wages": NaN,
        "Gross Profit": NaN,
        "Cost Of Revenue": NaN,
        "Total Revenue": NaN,
        "Operating Revenue": NaN
    },
    "2022-12-31": {
        "Tax Effect Of Unusual Items": NaN,
        "Tax Rate For Calcs": NaN,
        "Normalized EBITDA": NaN,
        "Total Unusual Items": NaN,
        "Total Unusual Items Excluding Goodwill": NaN,
        "Net Income From Continuing Operation Net Minority Interest": NaN,
        "Reconciled Depreciation": NaN,
        "Reconciled Cost Of Revenue": NaN,
        "EBITDA": NaN,
        "EBIT": NaN,
        "Net Interest Income": NaN,
        "Interest Expense": NaN,
        "Interest Income": NaN,
        "Normalized Income": NaN,
        "Net Income From Continuing And Discontinued Operation": NaN,
        "Total Expenses": NaN,
        "Total Operating Income As Reported": NaN,
        "Diluted Average Shares": NaN,
        "Basic Average Shares": NaN,
        "Diluted EPS": NaN,
        "Basic EPS": NaN,
        "Diluted NI Availto Com Stockholders": NaN,
        "Average Dilution Earnings": NaN,
        "Net Income Common Stockholders": NaN,
        "Net Income": NaN,
        "Net Income Including Noncontrolling Interests": NaN,
        "Net Income Continuous Operations": NaN,
        "Tax Provision": NaN,
        "Pretax Income": NaN,
        "Other Income Expense": NaN,
        "Other Non Operating Income Expenses": NaN,
        "Special Income Charges": NaN,
        "Gain On Sale Of Ppe": 0.0,
        "Other Special Charges": 0.0,
        "Write Off": 2575000.0,
        "Restructuring And Mergern Acquisition": NaN,
        "Securities Amortization": NaN,
        "Net Non Operating Interest Income Expense": NaN,
        "Interest Expense Non Operating": NaN,
        "Interest Income Non Operating": NaN,
        "Operating Income": NaN,
        "Operating Expense": NaN,
        "Depreciation Amortization Depletion Income Statement": NaN,
        "Depreciation And Amortization In Income Statement": NaN,
        "Amortization": NaN,
        "Amortization Of Intangibles Income Statement": NaN,
        "Research And Development": NaN,
        "Selling General And Administration": NaN,
        "General And Administrative Expense": NaN,
        "Other Gand A": NaN,
        "Salaries And Wages": NaN,
        "Gross Profit": NaN,
        "Cost Of Revenue": NaN,
        "Total Revenue": NaN,
        "Operating Revenue": NaN
    },
    "2022-09-30": {
        "Tax Effect Of Unusual Items": NaN,
        "Tax Rate For Calcs": NaN,
        "Normalized EBITDA": NaN,
        "Total Unusual Items": NaN,
        "Total Unusual Items Excluding Goodwill": NaN,
        "Net Income From Continuing Operation Net Minority Interest": NaN,
        "Reconciled Depreciation": NaN,
        "Reconciled Cost Of Revenue": NaN,
        "EBITDA": NaN,
        "EBIT": NaN,
        "Net Interest Income": NaN,
        "Interest Expense": NaN,
        "Interest Income": NaN,
        "Normalized Income": NaN,
        "Net Income From Continuing And Discontinued Operation": NaN,
        "Total Expenses": NaN,
        "Total Operating Income As Reported": NaN,
        "Diluted Average Shares": 87628000.0,
        "Basic Average Shares": 87628000.0,
        "Diluted EPS": -2.94,
        "Basic EPS": -2.94,
        "Diluted NI Availto Com Stockholders": NaN,
        "Average Dilution Earnings": NaN,
        "Net Income Common Stockholders": NaN,
        "Net Income": NaN,
        "Net Income Including Noncontrolling Interests": NaN,
        "Net Income Continuous Operations": NaN,
        "Tax Provision": NaN,
        "Pretax Income": NaN,
        "Other Income Expense": NaN,
        "Other Non Operating Income Expenses": NaN,
        "Special Income Charges": NaN,
        "Gain On Sale Of Ppe": 0.0,
        "Other Special Charges": 125441000.0,
        "Write Off": 0.0,
        "Restructuring And Mergern Acquisition": NaN,
        "Securities Amortization": NaN,
        "Net Non Operating Interest Income Expense": NaN,
        "Interest Expense Non Operating": NaN,
        "Interest Income Non Operating": NaN,
        "Operating Income": NaN,
        "Operating Expense": NaN,
        "Depreciation Amortization Depletion Income Statement": NaN,
        "Depreciation And Amortization In Income Statement": NaN,
        "Amortization": NaN,
        "Amortization Of Intangibles Income Statement": NaN,
        "Research And Development": NaN,
        "Selling General And Administration": NaN,
        "General And Administrative Expense": NaN,
        "Other Gand A": NaN,
        "Salaries And Wages": NaN,
        "Gross Profit": NaN,
        "Cost Of Revenue": NaN,
        "Total Revenue": NaN,
        "Operating Revenue": NaN
    },
    "2022-06-30": {
        "Tax Effect Of Unusual Items": 0.0,
        "Tax Rate For Calcs": 0.4,
        "Normalized EBITDA": -202176000.0,
        "Total Unusual Items": 0.0,
        "Total Unusual Items Excluding Goodwill": 0.0,
        "Net Income From Continuing Operation Net Minority Interest": -231481000.0,
        "Reconciled Depreciation": 9889000.0,
        "Reconciled Cost Of Revenue": 28085000.0,
        "EBITDA": -202176000.0,
        "EBIT": -212065000.0,
        "Net Interest Income": -13619000.0,
        "Interest Expense": 16028000.0,
        "Interest Income": 2409000.0,
        "Normalized Income": -231481000.0,
        "Net Income From Continuing And Discontinued Operation": -231481000.0,
        "Total Expenses": 444619000.0,
        "Total Operating Income As Reported": -211132000.0,
        "Diluted Average Shares": 87511000.0,
        "Basic Average Shares": 87511000.0,
        "Diluted EPS": -2.65,
        "Basic EPS": -2.65,
        "Diluted NI Availto Com Stockholders": -231481000.0,
        "Net Income Common Stockholders": -231481000.0,
        "Net Income": -231481000.0,
        "Net Income Including Noncontrolling Interests": -231481000.0,
        "Net Income Continuous Operations": -231481000.0,
        "Tax Provision": 3388000.0,
        "Pretax Income": -228093000.0,
        "Other Income Expense": -3342000.0,
        "Other Non Operating Income Expenses": -3342000.0,
        "Special Income Charges": 0.0,
        "Gain On Sale Of Ppe": 0.0,
        "Other Special Charges": NaN,
        "Write Off": NaN,
        "Restructuring And Mergern Acquisition": NaN,
        "Securities Amortization": NaN,
        "Net Non Operating Interest Income Expense": -13619000.0,
        "Interest Expense Non Operating": 16028000.0,
        "Interest Income Non Operating": 2409000.0,
        "Operating Income": -211132000.0,
        "Operating Expense": 406824000.0,
        "Depreciation Amortization Depletion Income Statement": 179000.0,
        "Depreciation And Amortization In Income Statement": 179000.0,
        "Amortization": 179000.0,
        "Amortization Of Intangibles Income Statement": 179000.0,
        "Research And Development": 252329000.0,
        "Selling General And Administration": 154316000.0,
        "General And Administrative Expense": 154316000.0,
        "Other Gand A": 37269000.0,
        "Salaries And Wages": 117047000.0,
        "Gross Profit": 195692000.0,
        "Cost Of Revenue": 37795000.0,
        "Total Revenue": 233487000.0,
        "Operating Revenue": 233487000.0
    },
    "2023-06-30": {
        "Tax Effect Of Unusual Items": 168000.0,
        "Tax Rate For Calcs": 0.21,
        "Normalized EBITDA": 631000.0,
        "Total Unusual Items": 800000.0,
        "Total Unusual Items Excluding Goodwill": 800000.0,
        "Net Income From Continuing Operation Net Minority Interest": -23940000.0,
        "Reconciled Depreciation": 10792000.0,
        "Reconciled Cost Of Revenue": 23511000.0,
        "EBITDA": 1431000.0,
        "EBIT": -9361000.0,
        "Net Interest Income": 15980000.0,
        "Interest Expense": 5224000.0,
        "Interest Income": 21204000.0,
        "Normalized Income": -24572000.0,
        "Net Income From Continuing And Discontinued Operation": -23940000.0,
        "Total Expenses": 394757000.0,
        "Total Operating Income As Reported": -133519000.0,
        "Diluted Average Shares": 88743000.0,
        "Basic Average Shares": 88743000.0,
        "Diluted EPS": -0.27,
        "Basic EPS": -0.27,
        "Diluted NI Availto Com Stockholders": -23940000.0,
        "Average Dilution Earnings": 0.0,
        "Net Income Common Stockholders": -23940000.0,
        "Net Income": -23940000.0,
        "Net Income Including Noncontrolling Interests": -23940000.0,
        "Net Income Continuous Operations": -23940000.0,
        "Tax Provision": 9355000.0,
        "Pretax Income": -14585000.0,
        "Other Income Expense": 102954000.0,
        "Other Non Operating Income Expenses": 102154000.0,
        "Special Income Charges": 800000.0,
        "Gain On Sale Of Ppe": 102000000.0,
        "Other Special Charges": NaN,
        "Write Off": NaN,
        "Restructuring And Mergern Acquisition": -800000.0,
        "Securities Amortization": -12786000.0,
        "Net Non Operating Interest Income Expense": 15980000.0,
        "Interest Expense Non Operating": 5224000.0,
        "Interest Income Non Operating": 21204000.0,
        "Operating Income": -133519000.0,
        "Operating Expense": 360633000.0,
        "Depreciation Amortization Depletion Income Statement": 179000.0,
        "Depreciation And Amortization In Income Statement": 179000.0,
        "Amortization": 179000.0,
        "Amortization Of Intangibles Income Statement": 179000.0,
        "Research And Development": 241890000.0,
        "Selling General And Administration": 118564000.0,
        "General And Administrative Expense": 118564000.0,
        "Other Gand A": 54435000.0,
        "Salaries And Wages": 64129000.0,
        "Gross Profit": 227114000.0,
        "Cost Of Revenue": 34124000.0,
        "Total Revenue": 261238000.0,
        "Operating Revenue": 261238000.0
    },
    "2022-03-31": {
        "Diluted EPS": -1.2,
        "Total Revenue": 211,
        "Gross Profit": 179,
        "Operating Income": -87,
        "EBIT": -76,
        "Net Income": -105
    },
    "2021-12-31": {
        "Diluted EPS": -1.43,
        "Total Revenue": 201,
        "Gross Profit": 170,
        "Operating Income": -106,
        "EBIT": -96,
        "Net Income": -122
    },
    "2021-09-30": {
        "Diluted EPS": -0.6,
        "Total Revenue": 189,
        "Gross Profit": 166,
        "Operating Income": -34,
        "EBIT": -24,
        "Net Income": -48
    },
    "2021-06-30": {
        "Diluted EPS": -1.02,
        "Total Revenue": 164,
        "Gross Profit": 145,
        "Operating Income": -168,
        "EBIT": -159,
        "Net Income": -81
    },
    "2021-03-31": {
        "Diluted EPS": -2.1,
        "Total Revenue": 147,
        "Gross Profit": 125,
        "Operating Income": -152,
        "EBIT": -143,
        "Net Income": -167
    },
    "2020-12-31": {
        "Diluted EPS": -2.45,
        "Total Revenue": 145,
        "Gross Profit": 123,
        "Operating Income": -171,
        "EBIT": -163,
        "Net Income": -189
    },
    "2020-09-30": {
        "Diluted EPS": -2.5,
        "Total Revenue": 144,
        "Gross Profit": 129,
        "Operating Income": -137,
        "EBIT": -129,
        "Net Income": -196
    },
    "2020-06-30": {
        "Diluted EPS": -1.93,
        "Total Revenue": 137,
        "Gross Profit": 124,
        "Operating Income": -138,
        "EBIT": -133,
        "Net Income": -151
    },
    "2020-03-31": {
        "Diluted EPS": -0.23,
        "Total Revenue": 114,
        "Gross Profit": 101,
        "Operating Income": -118,
        "EBIT": -113,
        "Net Income": -17
    },
    "2019-12-31": {
        "Diluted EPS": -3.2,
        "Total Revenue": 100,
        "Gross Profit": 85,
        "Operating Income": -230,
        "EBIT": -216,
        "Net Income": -236
    },
    "2019-09-30": {
        "Diluted EPS": -1.7,
        "Total Revenue": 99,
        "Gross Profit": 86,
        "Operating Income": -124,
        "EBIT": -118,
        "Net Income": -126
    },
    "2019-06-30": {
        "Diluted EPS": -3.74,
        "Total Revenue": 95,
        "Gross Profit": 79,
        "Operating Income": -275,
        "EBIT": -271,
        "Net Income": -276
    },
    "2019-03-31": {
        "Diluted EPS": -1.07,
        "Total Revenue": 87,
        "Gross Profit": 75,
        "Operating Income": -76,
        "EBIT": -75,
        "Net Income": -77
    },
    "2018-12-31": {
        "Diluted EPS": -2.09,
        "Total Revenue": 84,
        "Gross Profit": 71,
        "Operating Income": -139,
        "EBIT": -139,
        "Net Income": -141
    },
    "2018-09-30": {
        "Diluted EPS": -1.15,
        "Total Revenue": 78,
        "Gross Profit": 70,
        "Operating Income": -70,
        "EBIT": -68,
        "Net Income": -76
    },
    "2018-06-30": {
        "Diluted EPS": -1.67,
        "Total Revenue": 74,
        "Gross Profit": 67,
        "Operating Income": -103,
        "EBIT": -102,
        "Net Income": -109
    },
    "2018-03-31": {
        "Diluted EPS": -0.55,
        "Total Revenue": 65,
        "Gross Profit": 59,
        "Operating Income": -31,
        "EBIT": -30,
        "Net Income": -35
    },
    "2017-12-31": {
        "Diluted EPS": -0.43,
        "Total Revenue": 57,
        "Gross Profit": 54,
        "Operating Income": -23,
        "EBIT": -22,
        "Net Income": -24
    },
    "2017-09-30": {
        "Diluted EPS": -0.78,
        "Total Revenue": 46,
        "Gross Profit": 43,
        "Operating Income": -46,
        "EBIT": -43,
        "Net Income": -48
    },
    "2017-06-30": {
        "Diluted EPS": -1.15,
        "Total Revenue": 35,
        "Gross Profit": 35,
        "Operating Income": -63,
        "EBIT": -62,
        "Net Income": -63
    },
    "2017-03-31": {
        "Diluted EPS": 1.5,
        "Total Revenue": 16,
        "Gross Profit": 16,
        "Operating Income": -39,
        "EBIT": -38,
        "Net Income": 84
    },
    "2016-12-31": {
        "Diluted EPS": -1.65,
        "Total Revenue": NaN,
        "Gross Profit": NaN,
        "Operating Income": -94,
        "EBIT": -93,
        "Net Income": -88
    },
    "2016-09-30": {
        "Diluted EPS": -1.18,
        "Total Revenue": NaN,
        "Gross Profit": NaN,
        "Operating Income": -57,
        "EBIT": -55,
        "Net Income": -57
    },
    "2016-06-30": {
        "Diluted EPS": -1.35,
        "Total Revenue": NaN,
        "Gross Profit": NaN,
        "Operating Income": -62,
        "EBIT": -60,
        "Net Income": -62
    },
    "2016-03-31": {
        "Diluted EPS": -1.31,
        "Total Revenue": NaN,
        "Gross Profit": NaN,
        "Operating Income": -60,
        "EBIT": -58,
        "Net Income": -60
    },
    "2015-12-31": {
        "Diluted EPS": -1.45,
        "Total Revenue": NaN,
        "Gross Profit": NaN,
        "Operating Income": -66,
        "EBIT": -64,
        "Net Income": -65
    },
    "2015-09-30": {
        "Diluted EPS": -1.25,
        "Total Revenue": NaN,
        "Gross Profit": NaN,
        "Operating Income": -52,
        "EBIT": -50,
        "Net Income": -52
    },
    "2015-06-30": {
        "Diluted EPS": -1.01,
        "Total Revenue": NaN,
        "Gross Profit": NaN,
        "Operating Income": -42,
        "EBIT": -41,
        "Net Income": -42
    },
    "2015-03-31": {
        "Diluted EPS": -1.49,
        "Total Revenue": NaN,
        "Gross Profit": NaN,
        "Operating Income": -62,
        "EBIT": -60,
        "Net Income": -62
    },
    "2014-12-31": {
        "Diluted EPS": -1.08,
        "Total Revenue": 0,
        "Gross Profit": 0,
        "Operating Income": -45,
        "EBIT": -43,
        "Net Income": -44
    },
    "2014-09-30": {
        "Diluted EPS": -0.71,
        "Total Revenue": 1,
        "Gross Profit": 1,
        "Operating Income": -34,
        "EBIT": -32,
        "Net Income": -29
    },
    "2014-06-30": {
        "Diluted EPS": -0.85,
        "Total Revenue": 3,
        "Gross Profit": 3,
        "Operating Income": -30,
        "EBIT": -29,
        "Net Income": -34
    },
    "2014-03-31": {
        "Diluted EPS": -0.75,
        "Total Revenue": 6,
        "Gross Profit": 6,
        "Operating Income": -25,
        "EBIT": -24,
        "Net Income": -28
    },
    "2013-12-31": {
        "Diluted EPS": -0.15,
        "Total Revenue": 3,
        "Gross Profit": 3,
        "Operating Income": -33,
        "EBIT": -33,
        "Net Income": -9
    },
    "2013-09-30": {
        "Diluted EPS": -1.24,
        "Total Revenue": 4,
        "Gross Profit": 4,
        "Operating Income": -25,
        "EBIT": -25,
        "Net Income": -42
    },
    "2013-06-30": {
        "Diluted EPS": -0.6,
        "Total Revenue": 3,
        "Gross Profit": 3,
        "Operating Income": -17,
        "EBIT": -17,
        "Net Income": -19
    },
    "2013-03-31": {
        "Diluted EPS": -1.32,
        "Total Revenue": 4,
        "Gross Profit": 4,
        "Operating Income": -15,
        "EBIT": -15,
        "Net Income": -42
    },
    "2012-12-31": {
        "Diluted EPS": -2.54,
        "Total Revenue": 7,
        "Gross Profit": 7,
        "Operating Income": -10,
        "EBIT": -10,
        "Net Income": -62
    },
    "2012-09-30": {
        "Diluted EPS": -2.17,
        "Total Revenue": 8,
        "Gross Profit": 8,
        "Operating Income": -7,
        "EBIT": -7,
        "Net Income": -50
    },
    "2012-06-30": {
        "Diluted EPS": 0.35,
        "Total Revenue": 11,
        "Gross Profit": 11,
        "Operating Income": -6,
        "EBIT": -5,
        "Net Income": 8
    },
    "2012-03-31": {
        "Diluted EPS": -0.78,
        "Total Revenue": 11,
        "Gross Profit": 11,
        "Operating Income": -7,
        "EBIT": -7,
        "Net Income": -18
    },
    "2011-12-31": {
        "Diluted EPS": -0.11,
        "Total Revenue": 14,
        "Gross Profit": 14,
        "Operating Income": -9,
        "EBIT": -8,
        "Net Income": -1
    },
    "2011-09-30": {
        "Diluted EPS": -0.18,
        "Total Revenue": 8,
        "Gross Profit": 8,
        "Operating Income": -11,
        "EBIT": -11,
        "Net Income": -4
    },
    "2011-06-30": {
        "Diluted EPS": 0.06,
        "Total Revenue": 12,
        "Gross Profit": 12,
        "Operating Income": -10,
        "EBIT": -10,
        "Net Income": 1
    },
    "2011-03-31": {
        "Diluted EPS": 0.12,
        "Total Revenue": 14,
        "Gross Profit": 14,
        "Operating Income": -6,
        "EBIT": -5,
        "Net Income": 2
    },
    "2010-12-31": {
        "Diluted EPS": -0.36,
        "Total Revenue": 16,
        "Gross Profit": 16,
        "Operating Income": -2,
        "EBIT": -1,
        "Net Income": -8
    },
    "2010-09-30": {
        "Diluted EPS": -0.42,
        "Total Revenue": 9,
        "Gross Profit": 9,
        "Operating Income": -4,
        "EBIT": -3,
        "Net Income": -7
    },
    "2010-06-30": {
        "Diluted EPS": -0.9,
        "Total Revenue": 4,
        "Gross Profit": 4,
        "Operating Income": -8,
        "EBIT": -7,
        "Net Income": -17
    },
    "2010-03-31": {
        "Diluted EPS": -0.06,
        "Total Revenue": 1,
        "Gross Profit": 1,
        "Operating Income": -8,
        "EBIT": -7,
        "Net Income": -1
    },
    "2009-12-31": {
        "Diluted EPS": 0.3,
        "Total Revenue": 5,
        "Gross Profit": 5,
        "Operating Income": -4,
        "EBIT": -4,
        "Net Income": 4
    },
    "2009-09-30": {
        "Diluted EPS": -0.48,
        "Total Revenue": 6,
        "Gross Profit": 6,
        "Operating Income": -3,
        "EBIT": -3,
        "Net Income": -8
    },
    "2009-06-30": {
        "Diluted EPS": -1.38,
        "Total Revenue": 3,
        "Gross Profit": 3,
        "Operating Income": -5,
        "EBIT": -5,
        "Net Income": -20
    },
    "2009-03-31": {
        "Diluted EPS": -0.06,
        "Total Revenue": 3,
        "Gross Profit": 3,
        "Operating Income": -4,
        "EBIT": -3,
        "Net Income": -1
    },
    "2023-09-30": {
        "Tax Effect Of Unusual Items": -6195000.0,
        "Tax Rate For Calcs": 0.21,
        "Normalized EBITDA": 12483000.0,
        "Total Unusual Items": -29500000.0,
        "Total Unusual Items Excluding Goodwill": -29500000.0,
        "Net Income From Continuing Operation Net Minority Interest": -40937000.0,
        "Reconciled Depreciation": 10928000.0,
        "Reconciled Cost Of Revenue": 26537000.0,
        "EBITDA": -17017000.0,
        "EBIT": -27945000.0,
        "Net Interest Income": 17593000.0,
        "Interest Expense": 5229000.0,
        "Interest Income": 22822000.0,
        "Normalized Income": -17632000.0,
        "Net Income From Continuing And Discontinued Operation": -40937000.0,
        "Total Expenses": 352659000.0,
        "Total Operating Income As Reported": -20842000.0,
        "Diluted Average Shares": 88889000.0,
        "Basic Average Shares": 88889000.0,
        "Diluted EPS": -0.46,
        "Basic EPS": -0.46,
        "Diluted NI Availto Com Stockholders": -40937000.0,
        "Average Dilution Earnings": NaN,
        "Net Income Common Stockholders": -40937000.0,
        "Net Income": -40937000.0,
        "Net Income Including Noncontrolling Interests": -40937000.0,
        "Net Income Continuous Operations": -40937000.0,
        "Tax Provision": 7763000.0,
        "Pretax Income": -33174000.0,
        "Other Income Expense": -29925000.0,
        "Other Non Operating Income Expenses": -425000.0,
        "Special Income Charges": -29500000.0,
        "Gain On Sale Of Ppe": NaN,
        "Other Special Charges": NaN,
        "Write Off": 27500000.0,
        "Restructuring And Mergern Acquisition": 2000000.0,
        "Securities Amortization": NaN,
        "Net Non Operating Interest Income Expense": 17593000.0,
        "Interest Expense Non Operating": 5229000.0,
        "Interest Income Non Operating": 22822000.0,
        "Operating Income": -20842000.0,
        "Operating Expense": 315633000.0,
        "Depreciation Amortization Depletion Income Statement": 439000.0,
        "Depreciation And Amortization In Income Statement": 439000.0,
        "Amortization": 439000.0,
        "Amortization Of Intangibles Income Statement": 439000.0,
        "Research And Development": 194301000.0,
        "Selling General And Administration": 120893000.0,
        "General And Administrative Expense": 120893000.0,
        "Other Gand A": 57539000.0,
        "Salaries And Wages": 63354000.0,
        "Gross Profit": 294791000.0,
        "Cost Of Revenue": 37026000.0,
        "Total Revenue": 331817000.0,
        "Operating Revenue": 331817000.0
    },
    "2023-12-31": {
        "Tax Effect Of Unusual Items": -525000.0,
        "Tax Rate For Calcs": 0.21,
        "Normalized EBITDA": 59477000.0,
        "Total Unusual Items": -2500000.0,
        "Total Unusual Items Excluding Goodwill": -2500000.0,
        "Net Income From Continuing Operation Net Minority Interest": 45655000.0,
        "Reconciled Depreciation": 11372000.0,
        "Reconciled Cost Of Revenue": 33567000.0,
        "EBITDA": 56977000.0,
        "EBIT": 45605000.0,
        "Net Interest Income": 17394000.0,
        "Interest Expense": 5234000.0,
        "Interest Income": 22628000.0,
        "Normalized Income": 47630000.0,
        "Net Income From Continuing And Discontinued Operation": 45655000.0,
        "Total Expenses": 372156000.0,
        "Total Operating Income As Reported": 24625000.0,
        "Diluted Average Shares": NaN,
        "Basic Average Shares": NaN,
        "Diluted EPS": NaN,
        "Basic EPS": NaN,
        "Diluted NI Availto Com Stockholders": 45655000.0,
        "Average Dilution Earnings": NaN,
        "Net Income Common Stockholders": 45655000.0,
        "Net Income": 45655000.0,
        "Net Income Including Noncontrolling Interests": 45655000.0,
        "Net Income Continuous Operations": 45655000.0,
        "Tax Provision": -5284000.0,
        "Pretax Income": 40371000.0,
        "Other Income Expense": -1648000.0,
        "Other Non Operating Income Expenses": 852000.0,
        "Special Income Charges": -2500000.0,
        "Gain On Sale Of Ppe": NaN,
        "Other Special Charges": 0.0,
        "Write Off": 2500000.0,
        "Restructuring And Mergern Acquisition": 0.0,
        "Securities Amortization": NaN,
        "Net Non Operating Interest Income Expense": 17394000.0,
        "Interest Expense Non Operating": 5234000.0,
        "Interest Income Non Operating": 22628000.0,
        "Operating Income": 24625000.0,
        "Operating Expense": 327980000.0,
        "Depreciation Amortization Depletion Income Statement": 763000.0,
        "Depreciation And Amortization In Income Statement": 763000.0,
        "Amortization": 763000.0,
        "Amortization Of Intangibles Income Statement": 763000.0,
        "Research And Development": 195517000.0,
        "Selling General And Administration": 131700000.0,
        "General And Administrative Expense": 131700000.0,
        "Other Gand A": 65145000.0,
        "Salaries And Wages": 66555000.0,
        "Gross Profit": 352605000.0,
        "Cost Of Revenue": 44176000.0,
        "Total Revenue": 396781000.0,
        "Operating Revenue": 396781000.0
    },
    "2024-03-31": {
        "Tax Effect Of Unusual Items": -1434200.0,
        "Tax Rate For Calcs": 0.142,
        "Normalized EBITDA": 64458000.0,
        "Total Unusual Items": -10100000.0,
        "Total Unusual Items Excluding Goodwill": -10100000.0,
        "Net Income From Continuing Operation Net Minority Interest": 36119000.0,
        "Reconciled Depreciation": 8744000.0,
        "Reconciled Cost Of Revenue": 42416000.0,
        "EBITDA": 54358000.0,
        "EBIT": 45614000.0,
        "Net Interest Income": 15731000.0,
        "Interest Expense": 4166000.0,
        "Interest Income": 19897000.0,
        "Normalized Income": 44784800.0,
        "Net Income From Continuing And Discontinued Operation": 36119000.0,
        "Total Expenses": 378559000.0,
        "Total Operating Income As Reported": 34905000.0,
        "Diluted Average Shares": 99114000.0,
        "Basic Average Shares": 93991000.0,
        "Diluted EPS": 0.37,
        "Basic EPS": 0.38,
        "Diluted NI Availto Com Stockholders": 36548000.0,
        "Average Dilution Earnings": 429000.0,
        "Net Income Common Stockholders": 36119000.0,
        "Net Income": 36119000.0,
        "Net Income Including Noncontrolling Interests": 36119000.0,
        "Net Income Continuous Operations": 36119000.0,
        "Tax Provision": 5329000.0,
        "Pretax Income": 41448000.0,
        "Other Income Expense": -9188000.0,
        "Other Non Operating Income Expenses": 912000.0,
        "Special Income Charges": -10100000.0,
        "Gain On Sale Of Ppe": NaN,
        "Other Special Charges": NaN,
        "Write Off": NaN,
        "Restructuring And Mergern Acquisition": 10100000.0,
        "Securities Amortization": NaN,
        "Net Non Operating Interest Income Expense": 15731000.0,
        "Interest Expense Non Operating": 4166000.0,
        "Interest Income Non Operating": 19897000.0,
        "Operating Income": 34905000.0,
        "Operating Expense": 328000000.0,
        "Depreciation Amortization Depletion Income Statement": 601000.0,
        "Depreciation And Amortization In Income Statement": 601000.0,
        "Amortization": 601000.0,
        "Amortization Of Intangibles Income Statement": 601000.0,
        "Research And Development": 200396000.0,
        "Selling General And Administration": 127003000.0,
        "General And Administrative Expense": 127003000.0,
        "Other Gand A": 60532000.0,
        "Salaries And Wages": 66471000.0,
        "Gross Profit": 362905000.0,
        "Cost Of Revenue": 50559000.0,
        "Total Revenue": 413464000.0,
        "Operating Revenue": 413464000.0
    },
    "2024-06-30": {
        "Tax Effect Of Unusual Items": 0.0,
        "Tax Rate For Calcs": 0.21,
        "Normalized EBITDA": 27128000.0,
        "Total Unusual Items": 0.0,
        "Total Unusual Items Excluding Goodwill": 0.0,
        "Net Income From Continuing Operation Net Minority Interest": 6460000.0,
        "Reconciled Depreciation": 8719000.0,
        "Reconciled Cost Of Revenue": 36427000.0,
        "EBITDA": 27128000.0,
        "EBIT": 18409000.0,
        "Net Interest Income": 14010000.0,
        "Interest Expense": 4832000.0,
        "Interest Income": 18842000.0,
        "Normalized Income": 6460000.0,
        "Net Income From Continuing And Discontinued Operation": 6460000.0,
        "Total Expenses": 363632000.0,
        "Total Operating Income As Reported": -701000.0,
        "Diluted Average Shares": 99144000.0,
        "Basic Average Shares": 94618000.0,
        "Diluted EPS": 0.07,
        "Basic EPS": 0.07,
        "Diluted NI Availto Com Stockholders": 6800000.0,
        "Average Dilution Earnings": 340000.0,
        "Net Income Common Stockholders": 6460000.0,
        "Net Income": 6460000.0,
        "Net Income Including Noncontrolling Interests": 6460000.0,
        "Net Income Continuous Operations": 6460000.0,
        "Tax Provision": 7117000.0,
        "Pretax Income": 13577000.0,
        "Other Income Expense": 268000.0,
        "Other Non Operating Income Expenses": 268000.0,
        "Special Income Charges": 0.0,
        "Gain On Sale Of Ppe": NaN,
        "Other Special Charges": NaN,
        "Write Off": NaN,
        "Restructuring And Mergern Acquisition": 0.0,
        "Securities Amortization": NaN,
        "Net Non Operating Interest Income Expense": 14010000.0,
        "Interest Expense Non Operating": 4832000.0,
        "Interest Income Non Operating": 18842000.0,
        "Operating Income": -701000.0,
        "Operating Expense": 319087000.0,
        "Depreciation Amortization Depletion Income Statement": 601000.0,
        "Depreciation And Amortization In Income Statement": 601000.0,
        "Amortization": 601000.0,
        "Amortization Of Intangibles Income Statement": 601000.0,
        "Research And Development": 179690000.0,
        "Selling General And Administration": 138796000.0,
        "General And Administrative Expense": 138796000.0,
        "Other Gand A": 67992000.0,
        "Salaries And Wages": 70804000.0,
        "Gross Profit": 318386000.0,
        "Cost Of Revenue": 44545000.0,
        "Total Revenue": 362931000.0,
        "Operating Revenue": 362931000.0
    }
}