{
    "2023-03-31": {
        "Tax Effect Of Unusual Items": -51450.0,
        "Tax Rate For Calcs": 0.21,
        "Normalized EBITDA": 7911000.0,
        "Total Unusual Items": -245000.0,
        "Total Unusual Items Excluding Goodwill": -245000.0,
        "Net Income From Continuing Operation Net Minority Interest": -3147000.0,
        "Reconciled Depreciation": 5238000.0,
        "Reconciled Cost Of Revenue": 79129000.0,
        "EBITDA": 7666000.0,
        "EBIT": 2428000.0,
        "Net Interest Income": -2077000.0,
        "Interest Expense": 2077000.0,
        "Normalized Income": -2953450.0,
        "Net Income From Continuing And Discontinued Operation": -670000.0,
        "Total Expenses": 89416000.0,
        "Rent Expense Supplemental": 4081000.0,
        "Total Operating Income As Reported": 2356000.0,
        "Diluted Average Shares": 40321000.0,
        "Basic Average Shares": 40321000.0,
        "Diluted EPS": -0.01,
        "Basic EPS": -0.01,
        "Diluted NI Availto Com Stockholders": -670000.0,
        "Net Income Common Stockholders": -670000.0,
        "Net Income": -670000.0,
        "Minority Interests": -2589000.0,
        "Net Income Including Noncontrolling Interests": 1919000.0,
        "Net Income Discontinuous Operations": 2477000.0,
        "Net Income Continuous Operations": -558000.0,
        "Tax Provision": 909000.0,
        "Pretax Income": 351000.0,
        "Other Income Expense": -245000.0,
        "Special Income Charges": -317000.0,
        "Write Off": 317000.0,
        "Impairment Of Capital Assets": 317000.0,
        "Restructuring And Mergern Acquisition": NaN,
        "Earnings From Equity Interest": 0.0,
        "Gain On Sale Of Security": 72000.0,
        "Net Non Operating Interest Income Expense": -2077000.0,
        "Interest Expense Non Operating": 2077000.0,
        "Operating Income": 2673000.0,
        "Operating Expense": 10287000.0,
        "Selling General And Administration": 10287000.0,
        "Gross Profit": 12960000.0,
        "Cost Of Revenue": 79129000.0,
        "Total Revenue": 92089000.0,
        "Operating Revenue": 92089000.0
    },
    "2022-12-31": {
        "Tax Effect Of Unusual Items": -2168250.0,
        "Tax Rate For Calcs": 0.21,
        "Normalized EBITDA": 14407000.0,
        "Total Unusual Items": -10325000.0,
        "Total Unusual Items Excluding Goodwill": -10325000.0,
        "Net Income From Continuing Operation Net Minority Interest": -4120000.0,
        "Reconciled Depreciation": 454000.0,
        "Reconciled Cost Of Revenue": 76156000.0,
        "EBITDA": 4082000.0,
        "EBIT": 4082000.0,
        "Net Interest Income": -4790000.0,
        "Interest Expense": 4790000.0,
        "Normalized Income": 4036750.0,
        "Net Income From Continuing And Discontinued Operation": -3128000.0,
        "Total Expenses": 88423000.0,
        "Rent Expense Supplemental": 1818000.0,
        "Total Operating Income As Reported": -5180000.0,
        "Diluted Average Shares": 40271000.0,
        "Basic Average Shares": 40271000.0,
        "Diluted EPS": -0.08,
        "Basic EPS": -0.08,
        "Diluted NI Availto Com Stockholders": -3128000.0,
        "Net Income Common Stockholders": -3128000.0,
        "Net Income": -3128000.0,
        "Minority Interests": -2179000.0,
        "Net Income Including Noncontrolling Interests": -949000.0,
        "Net Income Discontinuous Operations": 992000.0,
        "Net Income Continuous Operations": -1941000.0,
        "Tax Provision": 1233000.0,
        "Pretax Income": -708000.0,
        "Other Income Expense": -452000.0,
        "Special Income Charges": -9714000.0,
        "Write Off": 9714000.0,
        "Impairment Of Capital Assets": 9714000.0,
        "Restructuring And Mergern Acquisition": NaN,
        "Earnings From Equity Interest": 9873000.0,
        "Gain On Sale Of Security": -611000.0,
        "Net Non Operating Interest Income Expense": -4790000.0,
        "Interest Expense Non Operating": 4790000.0,
        "Operating Income": 4534000.0,
        "Operating Expense": 12267000.0,
        "Selling General And Administration": 12267000.0,
        "Gross Profit": 16801000.0,
        "Cost Of Revenue": 76156000.0,
        "Total Revenue": 92957000.0,
        "Operating Revenue": 92957000.0
    },
    "2022-09-30": {
        "Tax Effect Of Unusual Items": -8800.0,
        "Tax Rate For Calcs": 0.4,
        "Normalized EBITDA": 14472000.0,
        "Total Unusual Items": -22000.0,
        "Total Unusual Items Excluding Goodwill": -22000.0,
        "Net Income From Continuing Operation Net Minority Interest": 243000.0,
        "Reconciled Depreciation": 7581000.0,
        "Reconciled Cost Of Revenue": 140018000.0,
        "EBITDA": 14450000.0,
        "EBIT": 6869000.0,
        "Net Interest Income": -2767000.0,
        "Interest Expense": 2767000.0,
        "Normalized Income": 256200.0,
        "Net Income From Continuing And Discontinued Operation": 243000.0,
        "Total Expenses": 156541000.0,
        "Rent Expense Supplemental": 5416000.0,
        "Total Operating Income As Reported": 5596000.0,
        "Diluted Average Shares": 40333000.0,
        "Basic Average Shares": 40326000.0,
        "Diluted EPS": 0.01,
        "Basic EPS": 0.01,
        "Diluted NI Availto Com Stockholders": 243000.0,
        "Net Income Common Stockholders": 243000.0,
        "Net Income": 243000.0,
        "Minority Interests": -2021000.0,
        "Net Income Including Noncontrolling Interests": 2264000.0,
        "Net Income Discontinuous Operations": NaN,
        "Net Income Continuous Operations": 2264000.0,
        "Tax Provision": 1838000.0,
        "Pretax Income": 4102000.0,
        "Other Income Expense": 275000.0,
        "Special Income Charges": -998000.0,
        "Write Off": 998000.0,
        "Impairment Of Capital Assets": 998000.0,
        "Restructuring And Mergern Acquisition": NaN,
        "Earnings From Equity Interest": 297000.0,
        "Gain On Sale Of Security": 976000.0,
        "Net Non Operating Interest Income Expense": -2767000.0,
        "Interest Expense Non Operating": 2767000.0,
        "Operating Income": 6594000.0,
        "Operating Expense": 16523000.0,
        "Selling General And Administration": 16523000.0,
        "Gross Profit": 23117000.0,
        "Cost Of Revenue": 140018000.0,
        "Total Revenue": 163135000.0,
        "Operating Revenue": 163135000.0
    },
    "2022-06-30": {
        "Tax Effect Of Unusual Items": -232892.865959,
        "Tax Rate For Calcs": 0.351271,
        "Normalized EBITDA": 13787000.0,
        "Total Unusual Items": -663000.0,
        "Total Unusual Items Excluding Goodwill": -663000.0,
        "Net Income From Continuing Operation Net Minority Interest": 1867000.0,
        "Reconciled Depreciation": 6970000.0,
        "Reconciled Cost Of Revenue": 150914000.0,
        "EBITDA": 13124000.0,
        "EBIT": 6154000.0,
        "Net Interest Income": -2103000.0,
        "Interest Expense": 2103000.0,
        "Normalized Income": 2297107.134041,
        "Net Income From Continuing And Discontinued Operation": 1867000.0,
        "Total Expenses": 164657000.0,
        "Rent Expense Supplemental": 5562000.0,
        "Total Operating Income As Reported": 2239000.0,
        "Diluted Average Shares": 40308000.0,
        "Basic Average Shares": 40284000.0,
        "Diluted EPS": 0.05,
        "Basic EPS": 0.05,
        "Diluted NI Availto Com Stockholders": 1867000.0,
        "Net Income Common Stockholders": 1867000.0,
        "Net Income": 1867000.0,
        "Minority Interests": -761000.0,
        "Net Income Including Noncontrolling Interests": 2628000.0,
        "Net Income Discontinuous Operations": NaN,
        "Net Income Continuous Operations": 2628000.0,
        "Tax Provision": 1423000.0,
        "Pretax Income": 4051000.0,
        "Other Income Expense": 3170000.0,
        "Special Income Charges": -745000.0,
        "Write Off": NaN,
        "Impairment Of Capital Assets": 745000.0,
        "Earnings From Equity Interest": 3833000.0,
        "Gain On Sale Of Security": 82000.0,
        "Net Non Operating Interest Income Expense": -2103000.0,
        "Interest Expense Non Operating": 2103000.0,
        "Operating Income": 2984000.0,
        "Operating Expense": 13743000.0,
        "Selling General And Administration": 13743000.0,
        "Gross Profit": 16727000.0,
        "Cost Of Revenue": 150914000.0,
        "Total Revenue": 167641000.0,
        "Operating Revenue": 167641000.0
    },
    "2022-03-31": {
        "Diluted EPS": -0.03,
        "Total Revenue": 101,
        "Gross Profit": 14,
        "Operating Income": 2,
        "EBIT": 8,
        "Net Income": 0
    },
    "2021-12-31": {
        "Diluted EPS": 0.16,
        "Total Revenue": 114,
        "Gross Profit": 17,
        "Operating Income": 2,
        "EBIT": 11,
        "Net Income": 8
    },
    "2021-09-30": {
        "Diluted EPS": 0.0,
        "Total Revenue": 173,
        "Gross Profit": 22,
        "Operating Income": 8,
        "EBIT": 15,
        "Net Income": 0
    },
    "2021-06-30": {
        "Diluted EPS": 0.17,
        "Total Revenue": 189,
        "Gross Profit": 25,
        "Operating Income": 12,
        "EBIT": 19,
        "Net Income": 7
    },
    "2021-03-31": {
        "Diluted EPS": -0.3,
        "Total Revenue": 163,
        "Gross Profit": 25,
        "Operating Income": 9,
        "EBIT": 27,
        "Net Income": -12
    },
    "2020-12-31": {
        "Diluted EPS": -0.17,
        "Total Revenue": 174,
        "Gross Profit": 29,
        "Operating Income": 2,
        "EBIT": 23,
        "Net Income": -8
    },
    "2020-09-30": {
        "Diluted EPS": 0.01,
        "Total Revenue": 163,
        "Gross Profit": 22,
        "Operating Income": 8,
        "EBIT": 15,
        "Net Income": 0
    },
    "2020-06-30": {
        "Diluted EPS": -0.14,
        "Total Revenue": 142,
        "Gross Profit": 16,
        "Operating Income": 1,
        "EBIT": 9,
        "Net Income": -5
    },
    "2020-03-31": {
        "Diluted EPS": -0.69,
        "Total Revenue": 161,
        "Gross Profit": 20,
        "Operating Income": -22,
        "EBIT": 9,
        "Net Income": -26
    },
    "2019-12-31": {
        "Diluted EPS": -0.13,
        "Total Revenue": 172,
        "Gross Profit": 28,
        "Operating Income": 0,
        "EBIT": 17,
        "Net Income": -5
    },
    "2019-09-30": {
        "Diluted EPS": -0.07,
        "Total Revenue": 165,
        "Gross Profit": 28,
        "Operating Income": 5,
        "EBIT": 13,
        "Net Income": -3
    },
    "2019-06-30": {
        "Diluted EPS": -0.1,
        "Total Revenue": 161,
        "Gross Profit": 28,
        "Operating Income": 2,
        "EBIT": 9,
        "Net Income": -4
    },
    "2019-03-31": {
        "Diluted EPS": -0.09,
        "Total Revenue": 161,
        "Gross Profit": 27,
        "Operating Income": 2,
        "EBIT": 9,
        "Net Income": -3
    },
    "2018-12-31": {
        "Diluted EPS": 0.0,
        "Total Revenue": NaN,
        "Gross Profit": NaN,
        "Operating Income": NaN,
        "EBIT": NaN,
        "Net Income": NaN
    },
    "2018-09-30": {
        "Diluted EPS": -0.32,
        "Total Revenue": 152,
        "Gross Profit": 23,
        "Operating Income": -7,
        "EBIT": 1,
        "Net Income": -11
    },
    "2018-06-30": {
        "Diluted EPS": -0.18,
        "Total Revenue": 110,
        "Gross Profit": 17,
        "Operating Income": 2,
        "EBIT": 6,
        "Net Income": -4
    },
    "2018-03-31": {
        "Diluted EPS": -0.3,
        "Total Revenue": 115,
        "Gross Profit": 21,
        "Operating Income": 0,
        "EBIT": 7,
        "Net Income": -6
    },
    "2017-12-31": {
        "Diluted EPS": -0.33,
        "Total Revenue": 21,
        "Gross Profit": -7,
        "Operating Income": -9,
        "EBIT": 2,
        "Net Income": -6
    },
    "2017-09-30": {
        "Diluted EPS": 0.11,
        "Total Revenue": 120,
        "Gross Profit": 20,
        "Operating Income": 6,
        "EBIT": 9,
        "Net Income": 2
    },
    "2017-06-30": {
        "Diluted EPS": 0.03,
        "Total Revenue": 74,
        "Gross Profit": 9,
        "Operating Income": 0,
        "EBIT": 3,
        "Net Income": 1
    },
    "2017-03-31": {
        "Diluted EPS": 0.11,
        "Total Revenue": 78,
        "Gross Profit": 10,
        "Operating Income": 2,
        "EBIT": 5,
        "Net Income": 2
    },
    "2016-12-31": {
        "Diluted EPS": 0.08,
        "Total Revenue": 77,
        "Gross Profit": 11,
        "Operating Income": 2,
        "EBIT": 5,
        "Net Income": 1
    },
    "2016-09-30": {
        "Diluted EPS": 0.05,
        "Total Revenue": 78,
        "Gross Profit": 10,
        "Operating Income": 1,
        "EBIT": 4,
        "Net Income": 1
    },
    "2016-06-30": {
        "Diluted EPS": -0.11,
        "Total Revenue": 74,
        "Gross Profit": 7,
        "Operating Income": -1,
        "EBIT": 2,
        "Net Income": -2
    },
    "2016-03-31": {
        "Diluted EPS": 0.0,
        "Total Revenue": 78,
        "Gross Profit": 8,
        "Operating Income": 1,
        "EBIT": 4,
        "Net Income": 0
    },
    "2015-12-31": {
        "Diluted EPS": 0.02,
        "Total Revenue": 82,
        "Gross Profit": 10,
        "Operating Income": 1,
        "EBIT": 4,
        "Net Income": 0
    },
    "2015-09-30": {
        "Diluted EPS": -0.49,
        "Total Revenue": 73,
        "Gross Profit": 3,
        "Operating Income": -7,
        "EBIT": -4,
        "Net Income": -8
    },
    "2015-06-30": {
        "Diluted EPS": -0.33,
        "Total Revenue": 63,
        "Gross Profit": 5,
        "Operating Income": -5,
        "EBIT": -2,
        "Net Income": -5
    },
    "2015-03-31": {
        "Diluted EPS": -0.21,
        "Total Revenue": 64,
        "Gross Profit": 6,
        "Operating Income": -3,
        "EBIT": 0,
        "Net Income": -3
    },
    "2014-12-31": {
        "Diluted EPS": -0.1,
        "Total Revenue": 64,
        "Gross Profit": 8,
        "Operating Income": -1,
        "EBIT": 1,
        "Net Income": -2
    },
    "2014-09-30": {
        "Diluted EPS": -0.01,
        "Total Revenue": 61,
        "Gross Profit": 9,
        "Operating Income": 0,
        "EBIT": 3,
        "Net Income": 0
    },
    "2014-06-30": {
        "Diluted EPS": -0.21,
        "Total Revenue": 61,
        "Gross Profit": 6,
        "Operating Income": -4,
        "EBIT": -1,
        "Net Income": -3
    },
    "2014-03-31": {
        "Diluted EPS": -0.03,
        "Total Revenue": 63,
        "Gross Profit": 8,
        "Operating Income": 0,
        "EBIT": 2,
        "Net Income": -1
    },
    "2013-12-31": {
        "Diluted EPS": -0.07,
        "Total Revenue": 63,
        "Gross Profit": 7,
        "Operating Income": 0,
        "EBIT": 3,
        "Net Income": -1
    },
    "2013-09-30": {
        "Diluted EPS": -0.12,
        "Total Revenue": 58,
        "Gross Profit": 7,
        "Operating Income": -1,
        "EBIT": 3,
        "Net Income": -2
    },
    "2013-06-30": {
        "Diluted EPS": -0.08,
        "Total Revenue": 56,
        "Gross Profit": 6,
        "Operating Income": -1,
        "EBIT": 2,
        "Net Income": -1
    },
    "2013-03-31": {
        "Diluted EPS": -0.15,
        "Total Revenue": 54,
        "Gross Profit": 5,
        "Operating Income": -3,
        "EBIT": 0,
        "Net Income": -2
    },
    "2012-12-31": {
        "Diluted EPS": 0.07,
        "Total Revenue": 55,
        "Gross Profit": 8,
        "Operating Income": 1,
        "EBIT": 4,
        "Net Income": 1
    },
    "2012-09-30": {
        "Diluted EPS": -0.08,
        "Total Revenue": 48,
        "Gross Profit": 6,
        "Operating Income": -1,
        "EBIT": 2,
        "Net Income": -1
    },
    "2012-06-30": {
        "Diluted EPS": -0.28,
        "Total Revenue": 44,
        "Gross Profit": 3,
        "Operating Income": -5,
        "EBIT": -1,
        "Net Income": -4
    },
    "2012-03-31": {
        "Diluted EPS": -0.4,
        "Total Revenue": 51,
        "Gross Profit": 5,
        "Operating Income": -6,
        "EBIT": -2,
        "Net Income": -6
    },
    "2011-12-31": {
        "Diluted EPS": -0.49,
        "Total Revenue": 51,
        "Gross Profit": 4,
        "Operating Income": -7,
        "EBIT": -4,
        "Net Income": -7
    },
    "2011-09-30": {
        "Diluted EPS": -0.45,
        "Total Revenue": 52,
        "Gross Profit": 2,
        "Operating Income": -7,
        "EBIT": -3,
        "Net Income": -7
    },
    "2011-06-30": {
        "Diluted EPS": -0.64,
        "Total Revenue": 57,
        "Gross Profit": 4,
        "Operating Income": -10,
        "EBIT": -6,
        "Net Income": -10
    },
    "2011-03-31": {
        "Diluted EPS": -0.17,
        "Total Revenue": 60,
        "Gross Profit": 6,
        "Operating Income": -2,
        "EBIT": 2,
        "Net Income": -3
    },
    "2010-12-31": {
        "Diluted EPS": -0.44,
        "Total Revenue": 65,
        "Gross Profit": 6,
        "Operating Income": -7,
        "EBIT": -3,
        "Net Income": -7
    },
    "2010-09-30": {
        "Diluted EPS": -0.3,
        "Total Revenue": 66,
        "Gross Profit": 7,
        "Operating Income": -4,
        "EBIT": 0,
        "Net Income": -4
    },
    "2010-06-30": {
        "Diluted EPS": -0.35,
        "Total Revenue": 68,
        "Gross Profit": 8,
        "Operating Income": -3,
        "EBIT": 1,
        "Net Income": -5
    },
    "2010-03-31": {
        "Diluted EPS": -0.21,
        "Total Revenue": 67,
        "Gross Profit": 7,
        "Operating Income": -4,
        "EBIT": 0,
        "Net Income": -3
    },
    "2009-12-31": {
        "Diluted EPS": 0.06,
        "Total Revenue": 73,
        "Gross Profit": 12,
        "Operating Income": 0,
        "EBIT": 4,
        "Net Income": 1
    },
    "2009-09-30": {
        "Diluted EPS": 0.12,
        "Total Revenue": 72,
        "Gross Profit": 13,
        "Operating Income": 2,
        "EBIT": 6,
        "Net Income": 2
    },
    "2009-06-30": {
        "Diluted EPS": 0.09,
        "Total Revenue": 73,
        "Gross Profit": 13,
        "Operating Income": 2,
        "EBIT": 6,
        "Net Income": 1
    },
    "2009-03-31": {
        "Diluted EPS": 0.04,
        "Total Revenue": 71,
        "Gross Profit": 11,
        "Operating Income": -5,
        "EBIT": -1,
        "Net Income": 1
    },
    "2023-06-30": {
        "Tax Effect Of Unusual Items": 314800.0,
        "Tax Rate For Calcs": 0.4,
        "Normalized EBITDA": 6162000.0,
        "Total Unusual Items": 787000.0,
        "Total Unusual Items Excluding Goodwill": 787000.0,
        "Net Income From Continuing Operation Net Minority Interest": -31000.0,
        "Reconciled Depreciation": 5297000.0,
        "Reconciled Cost Of Revenue": 79534000.0,
        "EBITDA": 6949000.0,
        "EBIT": 1652000.0,
        "Net Interest Income": -1582000.0,
        "Interest Expense": 1582000.0,
        "Normalized Income": -503200.0,
        "Net Income From Continuing And Discontinued Operation": 6535000.0,
        "Total Expenses": 90332000.0,
        "Rent Expense Supplemental": 4517000.0,
        "Total Operating Income As Reported": 1307000.0,
        "Diluted Average Shares": 40318000.0,
        "Basic Average Shares": 40316000.0,
        "Diluted EPS": 0.16,
        "Basic EPS": 0.16,
        "Diluted NI Availto Com Stockholders": 6535000.0,
        "Net Income Common Stockholders": 6535000.0,
        "Net Income": 6535000.0,
        "Minority Interests": 0.0,
        "Net Income Including Noncontrolling Interests": 6535000.0,
        "Net Income Discontinuous Operations": 6566000.0,
        "Net Income Continuous Operations": -31000.0,
        "Tax Provision": 101000.0,
        "Pretax Income": 70000.0,
        "Other Income Expense": 787000.0,
        "Special Income Charges": 442000.0,
        "Write Off": -442000.0,
        "Impairment Of Capital Assets": NaN,
        "Restructuring And Mergern Acquisition": NaN,
        "Earnings From Equity Interest": 0.0,
        "Gain On Sale Of Security": 345000.0,
        "Net Non Operating Interest Income Expense": -1582000.0,
        "Interest Expense Non Operating": 1582000.0,
        "Operating Income": 865000.0,
        "Operating Expense": 10798000.0,
        "Selling General And Administration": 10798000.0,
        "Gross Profit": 11663000.0,
        "Cost Of Revenue": 79534000.0,
        "Total Revenue": 91197000.0,
        "Operating Revenue": 91197000.0
    },
    "2023-09-30": {
        "Tax Effect Of Unusual Items": -439932.651594,
        "Tax Rate For Calcs": 0.017456,
        "Normalized EBITDA": 8051000.0,
        "Total Unusual Items": -25202000.0,
        "Total Unusual Items Excluding Goodwill": -25202000.0,
        "Net Income From Continuing Operation Net Minority Interest": -24597000.0,
        "Reconciled Depreciation": 5885000.0,
        "Reconciled Cost Of Revenue": 81141000.0,
        "EBITDA": -17151000.0,
        "EBIT": -23036000.0,
        "Net Interest Income": -1998000.0,
        "Interest Expense": 1998000.0,
        "Normalized Income": 165067.348406,
        "Net Income From Continuing And Discontinued Operation": -24230000.0,
        "Total Expenses": 91463000.0,
        "Rent Expense Supplemental": 3715000.0,
        "Total Operating Income As Reported": -22728000.0,
        "Diluted Average Shares": 40298000.0,
        "Basic Average Shares": 40298000.0,
        "Diluted EPS": -0.6,
        "Basic EPS": -0.6,
        "Diluted NI Availto Com Stockholders": -24230000.0,
        "Net Income Common Stockholders": -24230000.0,
        "Net Income": -24230000.0,
        "Minority Interests": 0.0,
        "Net Income Including Noncontrolling Interests": -24230000.0,
        "Net Income Discontinuous Operations": 367000.0,
        "Net Income Continuous Operations": -24597000.0,
        "Tax Provision": -437000.0,
        "Pretax Income": -25034000.0,
        "Other Income Expense": -25202000.0,
        "Special Income Charges": -24894000.0,
        "Write Off": 4833000.0,
        "Impairment Of Capital Assets": 19648000.0,
        "Restructuring And Mergern Acquisition": 413000.0,
        "Earnings From Equity Interest": 0.0,
        "Gain On Sale Of Security": -308000.0,
        "Net Non Operating Interest Income Expense": -1998000.0,
        "Interest Expense Non Operating": 1998000.0,
        "Operating Income": 2166000.0,
        "Operating Expense": 10322000.0,
        "Selling General And Administration": 10322000.0,
        "Gross Profit": 12488000.0,
        "Cost Of Revenue": 81141000.0,
        "Total Revenue": 93629000.0,
        "Operating Revenue": 93629000.0
    }
}