{
    "2023-06-30": {
        "Tax Effect Of Unusual Items": -394867.2,
        "Tax Rate For Calcs": 0.2184,
        "Total Unusual Items": -1808000.0,
        "Total Unusual Items Excluding Goodwill": -1808000.0,
        "Net Income From Continuing Operation Net Minority Interest": 123447000.0,
        "Reconciled Depreciation": 7028000.0,
        "Net Interest Income": 361743000.0,
        "Interest Expense": 116310000.0,
        "Interest Income": 478053000.0,
        "Normalized Income": 124860132.8,
        "Net Income From Continuing And Discontinued Operation": 123447000.0,
        "Diluted Average Shares": 76417537.0,
        "Basic Average Shares": 76057977.0,
        "Diluted EPS": 1.62,
        "Basic EPS": 1.62,
        "Diluted NI Availto Com Stockholders": 123447000.0,
        "Net Income Common Stockholders": 123447000.0,
        "Net Income": 123447000.0,
        "Net Income Including Noncontrolling Interests": 123447000.0,
        "Net Income Continuous Operations": 123447000.0,
        "Tax Provision": 34495000.0,
        "Pretax Income": 157942000.0,
        "Special Income Charges": -1808000.0,
        "Restructuring And Mergern Acquisition": 1808000.0,
        "Gain On Sale Of Security": 0.0,
        "Depreciation Amortization Depletion Income Statement": 7028000.0,
        "Depreciation And Amortization In Income Statement": 7028000.0,
        "Amortization": 7028000.0,
        "Amortization Of Intangibles Income Statement": 7028000.0,
        "Selling General And Administration": 189027000.0,
        "Selling And Marketing Expense": 1521000.0,
        "General And Administrative Expense": 187506000.0,
        "Other Gand A": 30345000.0,
        "Insurance And Claims": 9819000.0,
        "Salaries And Wages": 147342000.0,
        "Total Revenue": 438957000.0,
        "Operating Revenue": 438957000.0
    },
    "2023-03-31": {
        "Tax Effect Of Unusual Items": -2055580.8,
        "Tax Rate For Calcs": 0.2184,
        "Total Unusual Items": -9412000.0,
        "Total Unusual Items Excluding Goodwill": -9412000.0,
        "Net Income From Continuing Operation Net Minority Interest": 139926000.0,
        "Reconciled Depreciation": 7299000.0,
        "Net Interest Income": 381263000.0,
        "Interest Expense": 69146000.0,
        "Interest Income": 450409000.0,
        "Normalized Income": 147282419.2,
        "Net Income From Continuing And Discontinued Operation": 139926000.0,
        "Diluted Average Shares": 76388954.0,
        "Basic Average Shares": 75902440.0,
        "Diluted EPS": 1.83,
        "Basic EPS": 1.84,
        "Diluted NI Availto Com Stockholders": 139926000.0,
        "Net Income Common Stockholders": 139926000.0,
        "Net Income": 139926000.0,
        "Net Income Including Noncontrolling Interests": 139926000.0,
        "Net Income Continuous Operations": 139926000.0,
        "Tax Provision": 39096000.0,
        "Pretax Income": 179022000.0,
        "Special Income Charges": -9412000.0,
        "Restructuring And Mergern Acquisition": 9412000.0,
        "Gain On Sale Of Security": 45000.0,
        "Depreciation Amortization Depletion Income Statement": 7299000.0,
        "Depreciation And Amortization In Income Statement": 7299000.0,
        "Amortization": 7299000.0,
        "Amortization Of Intangibles Income Statement": 7299000.0,
        "Selling General And Administration": 152472000.0,
        "Selling And Marketing Expense": 2118000.0,
        "General And Administrative Expense": 150354000.0,
        "Other Gand A": 25882000.0,
        "Insurance And Claims": 6294000.0,
        "Salaries And Wages": 144060000.0,
        "Total Revenue": 452618000.0,
        "Operating Revenue": 452618000.0
    },
    "2022-12-31": {
        "Tax Effect Of Unusual Items": -331198.194304,
        "Tax Rate For Calcs": 0.214785,
        "Total Unusual Items": -1542000.0,
        "Total Unusual Items Excluding Goodwill": -1542000.0,
        "Net Income From Continuing Operation Net Minority Interest": 143502000.0,
        "Reconciled Depreciation": 8027000.0,
        "Net Interest Income": 396004000.0,
        "Interest Expense": 27885000.0,
        "Interest Income": 423889000.0,
        "Normalized Income": 144712801.805696,
        "Net Income From Continuing And Discontinued Operation": 143502000.0,
        "Diluted Average Shares": 76351000.0,
        "Basic Average Shares": 75649000.0,
        "Diluted EPS": 1.88,
        "Basic EPS": 1.9,
        "Diluted NI Availto Com Stockholders": 143502000.0,
        "Net Income Common Stockholders": 143502000.0,
        "Net Income": 143502000.0,
        "Net Income Including Noncontrolling Interests": 143502000.0,
        "Net Income Continuous Operations": 143502000.0,
        "Tax Provision": 39253000.0,
        "Pretax Income": 182755000.0,
        "Special Income Charges": -1542000.0,
        "Restructuring And Mergern Acquisition": 1542000.0,
        "Gain On Sale Of Security": 0.0,
        "Depreciation Amortization Depletion Income Statement": 8027000.0,
        "Depreciation And Amortization In Income Statement": 8027000.0,
        "Amortization": 8027000.0,
        "Amortization Of Intangibles Income Statement": 8027000.0,
        "Selling General And Administration": 155549000.0,
        "Selling And Marketing Expense": 2669000.0,
        "General And Administrative Expense": 152880000.0,
        "Other Gand A": NaN,
        "Insurance And Claims": 6589000.0,
        "Salaries And Wages": 146291000.0,
        "Total Revenue": 459396000.0,
        "Operating Revenue": 459396000.0
    },
    "2022-09-30": {
        "Tax Effect Of Unusual Items": -3040841.7,
        "Tax Rate For Calcs": 0.2223,
        "Total Unusual Items": -13679000.0,
        "Total Unusual Items Excluding Goodwill": -13679000.0,
        "Net Income From Continuing Operation Net Minority Interest": 133043000.0,
        "Reconciled Depreciation": 7837000.0,
        "Net Interest Income": 358209000.0,
        "Interest Expense": 16601000.0,
        "Interest Income": 374810000.0,
        "Normalized Income": 143681158.3,
        "Net Income From Continuing And Discontinued Operation": 133043000.0,
        "Diluted Average Shares": 76182000.0,
        "Basic Average Shares": 75606000.0,
        "Diluted EPS": 1.75,
        "Basic EPS": 1.76,
        "Diluted NI Availto Com Stockholders": 133043000.0,
        "Net Income Common Stockholders": 133043000.0,
        "Net Income": 133043000.0,
        "Net Income Including Noncontrolling Interests": 133043000.0,
        "Net Income Continuous Operations": 133043000.0,
        "Tax Provision": 38035000.0,
        "Pretax Income": 171078000.0,
        "Special Income Charges": -13679000.0,
        "Restructuring And Mergern Acquisition": 13679000.0,
        "Gain On Sale Of Security": 30000.0,
        "Depreciation Amortization Depletion Income Statement": 7837000.0,
        "Depreciation And Amortization In Income Statement": 7837000.0,
        "Amortization": 7837000.0,
        "Amortization Of Intangibles Income Statement": 7837000.0,
        "Selling General And Administration": 176449000.0,
        "Selling And Marketing Expense": 2170000.0,
        "General And Administrative Expense": 174279000.0,
        "Other Gand A": 28425000.0,
        "Insurance And Claims": 6300000.0,
        "Salaries And Wages": 139554000.0,
        "Total Revenue": 435387000.0,
        "Operating Revenue": 435387000.0
    },
    "2022-06-30": {
        "Tax Effect Of Unusual Items": -1167474.0,
        "Tax Rate For Calcs": 0.2166,
        "Total Unusual Items": -5390000.0,
        "Total Unusual Items Excluding Goodwill": -5390000.0,
        "Net Income From Continuing Operation Net Minority Interest": 119175000.0,
        "Reconciled Depreciation": 8847000.0,
        "Net Interest Income": 314279000.0,
        "Interest Expense": 11380000.0,
        "Interest Income": 325659000.0,
        "Normalized Income": 123397526.0,
        "Net Income From Continuing And Discontinued Operation": 119175000.0,
        "Diluted Average Shares": 76094000.0,
        "Basic Average Shares": 75461000.0,
        "Diluted EPS": 1.57,
        "Basic EPS": 1.58,
        "Diluted NI Availto Com Stockholders": 119175000.0,
        "Net Income Common Stockholders": 119175000.0,
        "Net Income": 119175000.0,
        "Net Income Including Noncontrolling Interests": 119175000.0,
        "Net Income Continuous Operations": 119175000.0,
        "Tax Provision": 32941000.0,
        "Pretax Income": 152116000.0,
        "Special Income Charges": -5390000.0,
        "Restructuring And Mergern Acquisition": 5390000.0,
        "Gain On Sale Of Security": 0.0,
        "Depreciation Amortization Depletion Income Statement": 8847000.0,
        "Depreciation And Amortization In Income Statement": 8847000.0,
        "Amortization": 8847000.0,
        "Amortization Of Intangibles Income Statement": 8847000.0,
        "Selling General And Administration": 171918000.0,
        "Selling And Marketing Expense": 2286000.0,
        "General And Administrative Expense": 169632000.0,
        "Other Gand A": 27263000.0,
        "Insurance And Claims": 5332000.0,
        "Salaries And Wages": 137037000.0,
        "Total Revenue": 402571000.0,
        "Operating Revenue": 402571000.0
    },
    "2022-03-31": {
        "Diluted EPS": 1.39,
        "Total Revenue": 357,
        "Gross Profit": 348,
        "Operating Income": 127,
        "EBIT": NaN,
        "Net Income": 100
    },
    "2021-12-31": {
        "Diluted EPS": 1.52,
        "Total Revenue": 359,
        "Gross Profit": 350,
        "Operating Income": 169,
        "EBIT": NaN,
        "Net Income": 107
    },
    "2021-09-30": {
        "Diluted EPS": 1.74,
        "Total Revenue": 358,
        "Gross Profit": 347,
        "Operating Income": 154,
        "EBIT": NaN,
        "Net Income": 123
    },
    "2021-06-30": {
        "Diluted EPS": 1.39,
        "Total Revenue": 347,
        "Gross Profit": 332,
        "Operating Income": 161,
        "EBIT": NaN,
        "Net Income": 99
    },
    "2021-03-31": {
        "Diluted EPS": 2.06,
        "Total Revenue": 375,
        "Gross Profit": 358,
        "Operating Income": 188,
        "EBIT": NaN,
        "Net Income": 147
    },
    "2020-12-31": {
        "Diluted EPS": 2.1,
        "Total Revenue": 384,
        "Gross Profit": 363,
        "Operating Income": 87,
        "EBIT": NaN,
        "Net Income": 86
    },
    "2020-09-30": {
        "Diluted EPS": 1.34,
        "Total Revenue": 410,
        "Gross Profit": 385,
        "Operating Income": 140,
        "EBIT": NaN,
        "Net Income": 95
    },
    "2020-06-30": {
        "Diluted EPS": -1.96,
        "Total Revenue": 235,
        "Gross Profit": 217,
        "Operating Income": -69,
        "EBIT": NaN,
        "Net Income": -85
    },
    "2020-03-31": {
        "Diluted EPS": 0.71,
        "Total Revenue": 192,
        "Gross Profit": 172,
        "Operating Income": 32,
        "EBIT": NaN,
        "Net Income": 24
    },
    "2019-12-31": {
        "Diluted EPS": 1.44,
        "Total Revenue": 184,
        "Gross Profit": 163,
        "Operating Income": 60,
        "EBIT": NaN,
        "Net Income": 49
    },
    "2019-09-30": {
        "Diluted EPS": 1.5,
        "Total Revenue": 188,
        "Gross Profit": 165,
        "Operating Income": 65,
        "EBIT": NaN,
        "Net Income": 52
    },
    "2019-06-30": {
        "Diluted EPS": 1.17,
        "Total Revenue": 188,
        "Gross Profit": 165,
        "Operating Income": 54,
        "EBIT": NaN,
        "Net Income": 41
    },
    "2019-03-31": {
        "Diluted EPS": 1.25,
        "Total Revenue": 175,
        "Gross Profit": 155,
        "Operating Income": 57,
        "EBIT": NaN,
        "Net Income": 44
    },
    "2018-12-31": {
        "Diluted EPS": 1.34,
        "Total Revenue": 180,
        "Gross Profit": 162,
        "Operating Income": 76,
        "EBIT": NaN,
        "Net Income": 49
    },
    "2018-09-30": {
        "Diluted EPS": 1.28,
        "Total Revenue": 176,
        "Gross Profit": 160,
        "Operating Income": 61,
        "EBIT": NaN,
        "Net Income": 47
    },
    "2018-06-30": {
        "Diluted EPS": 1.09,
        "Total Revenue": 179,
        "Gross Profit": 167,
        "Operating Income": 52,
        "EBIT": NaN,
        "Net Income": 40
    },
    "2018-03-31": {
        "Diluted EPS": 1.15,
        "Total Revenue": 179,
        "Gross Profit": 170,
        "Operating Income": 65,
        "EBIT": NaN,
        "Net Income": 42
    },
    "2017-12-31": {
        "Diluted EPS": 0.03,
        "Total Revenue": 152,
        "Gross Profit": 147,
        "Operating Income": 86,
        "EBIT": NaN,
        "Net Income": 2
    },
    "2017-09-30": {
        "Diluted EPS": 1.19,
        "Total Revenue": 138,
        "Gross Profit": 134,
        "Operating Income": 54,
        "EBIT": NaN,
        "Net Income": 35
    },
    "2017-06-30": {
        "Diluted EPS": 1.08,
        "Total Revenue": 138,
        "Gross Profit": 134,
        "Operating Income": 48,
        "EBIT": NaN,
        "Net Income": 32
    },
    "2017-03-31": {
        "Diluted EPS": 0.63,
        "Total Revenue": 137,
        "Gross Profit": 134,
        "Operating Income": 25,
        "EBIT": NaN,
        "Net Income": 18
    },
    "2016-12-31": {
        "Diluted EPS": 1.0,
        "Total Revenue": 106,
        "Gross Profit": 104,
        "Operating Income": 44,
        "EBIT": NaN,
        "Net Income": 24
    },
    "2016-09-30": {
        "Diluted EPS": 1.16,
        "Total Revenue": 119,
        "Gross Profit": 117,
        "Operating Income": 43,
        "EBIT": NaN,
        "Net Income": 28
    },
    "2016-06-30": {
        "Diluted EPS": 1.01,
        "Total Revenue": 115,
        "Gross Profit": 114,
        "Operating Income": 37,
        "EBIT": NaN,
        "Net Income": 25
    },
    "2016-03-31": {
        "Diluted EPS": 1.01,
        "Total Revenue": 114,
        "Gross Profit": 112,
        "Operating Income": 38,
        "EBIT": NaN,
        "Net Income": 24
    },
    "2015-12-31": {
        "Diluted EPS": 1.05,
        "Total Revenue": 113,
        "Gross Profit": 111,
        "Operating Income": 45,
        "EBIT": NaN,
        "Net Income": 26
    },
    "2015-09-30": {
        "Diluted EPS": 1.04,
        "Total Revenue": 115,
        "Gross Profit": 113,
        "Operating Income": 39,
        "EBIT": NaN,
        "Net Income": 25
    },
    "2015-06-30": {
        "Diluted EPS": 1.03,
        "Total Revenue": 115,
        "Gross Profit": 112,
        "Operating Income": 38,
        "EBIT": NaN,
        "Net Income": 25
    },
    "2015-03-31": {
        "Diluted EPS": 0.99,
        "Total Revenue": 111,
        "Gross Profit": 108,
        "Operating Income": 36,
        "EBIT": NaN,
        "Net Income": 24
    },
    "2014-12-31": {
        "Diluted EPS": 0.88,
        "Total Revenue": 111,
        "Gross Profit": 107,
        "Operating Income": 35,
        "EBIT": NaN,
        "Net Income": 21
    },
    "2014-09-30": {
        "Diluted EPS": 0.8,
        "Total Revenue": 109,
        "Gross Profit": 105,
        "Operating Income": 35,
        "EBIT": NaN,
        "Net Income": 19
    },
    "2014-06-30": {
        "Diluted EPS": 0.74,
        "Total Revenue": 109,
        "Gross Profit": 105,
        "Operating Income": 34,
        "EBIT": NaN,
        "Net Income": 18
    },
    "2014-03-31": {
        "Diluted EPS": 0.66,
        "Total Revenue": 108,
        "Gross Profit": 104,
        "Operating Income": 32,
        "EBIT": NaN,
        "Net Income": 16
    },
    "2013-12-31": {
        "Diluted EPS": 0.49,
        "Total Revenue": 109,
        "Gross Profit": 105,
        "Operating Income": 31,
        "EBIT": NaN,
        "Net Income": 13
    },
    "2013-09-30": {
        "Diluted EPS": 0.52,
        "Total Revenue": 99,
        "Gross Profit": 95,
        "Operating Income": 29,
        "EBIT": NaN,
        "Net Income": 12
    },
    "2013-06-30": {
        "Diluted EPS": 0.74,
        "Total Revenue": 66,
        "Gross Profit": 64,
        "Operating Income": 20,
        "EBIT": NaN,
        "Net Income": 13
    },
    "2013-03-31": {
        "Diluted EPS": 0.63,
        "Total Revenue": 66,
        "Gross Profit": 63,
        "Operating Income": 18,
        "EBIT": NaN,
        "Net Income": 11
    },
    "2012-12-31": {
        "Diluted EPS": 0.38,
        "Total Revenue": 61,
        "Gross Profit": 59,
        "Operating Income": 16,
        "EBIT": NaN,
        "Net Income": 6
    },
    "2012-09-30": {
        "Diluted EPS": 0.6,
        "Total Revenue": 59,
        "Gross Profit": 56,
        "Operating Income": 15,
        "EBIT": NaN,
        "Net Income": 9
    },
    "2012-06-30": {
        "Diluted EPS": 0.55,
        "Total Revenue": 57,
        "Gross Profit": 54,
        "Operating Income": 14,
        "EBIT": NaN,
        "Net Income": 8
    },
    "2012-03-31": {
        "Diluted EPS": 0.5,
        "Total Revenue": 52,
        "Gross Profit": 49,
        "Operating Income": 11,
        "EBIT": NaN,
        "Net Income": 7
    },
    "2011-12-31": {
        "Diluted EPS": 0.35,
        "Total Revenue": 53,
        "Gross Profit": 50,
        "Operating Income": 6,
        "EBIT": NaN,
        "Net Income": 5
    },
    "2011-09-30": {
        "Diluted EPS": 0.74,
        "Total Revenue": 66,
        "Gross Profit": 61,
        "Operating Income": 18,
        "EBIT": NaN,
        "Net Income": 10
    },
    "2011-06-30": {
        "Diluted EPS": 0.35,
        "Total Revenue": 52,
        "Gross Profit": 47,
        "Operating Income": 8,
        "EBIT": NaN,
        "Net Income": 5
    },
    "2011-03-31": {
        "Diluted EPS": 0.19,
        "Total Revenue": 55,
        "Gross Profit": 49,
        "Operating Income": 4,
        "EBIT": NaN,
        "Net Income": 3
    },
    "2010-12-31": {
        "Diluted EPS": 0.03,
        "Total Revenue": 53,
        "Gross Profit": 45,
        "Operating Income": 1,
        "EBIT": NaN,
        "Net Income": 1
    },
    "2010-09-30": {
        "Diluted EPS": 0.14,
        "Total Revenue": 51,
        "Gross Profit": 43,
        "Operating Income": 3,
        "EBIT": NaN,
        "Net Income": 2
    },
    "2010-06-30": {
        "Diluted EPS": 0.05,
        "Total Revenue": 50,
        "Gross Profit": 42,
        "Operating Income": 2,
        "EBIT": NaN,
        "Net Income": 1
    },
    "2010-03-31": {
        "Diluted EPS": 3.86,
        "Total Revenue": 139,
        "Gross Profit": 130,
        "Operating Income": 81,
        "EBIT": NaN,
        "Net Income": 49
    },
    "2009-12-31": {
        "Diluted EPS": 0.11,
        "Total Revenue": 40,
        "Gross Profit": 33,
        "Operating Income": 2,
        "EBIT": NaN,
        "Net Income": 2
    },
    "2009-09-30": {
        "Diluted EPS": 0.17,
        "Total Revenue": 41,
        "Gross Profit": 32,
        "Operating Income": 3,
        "EBIT": NaN,
        "Net Income": 2
    },
    "2009-06-30": {
        "Diluted EPS": 0.13,
        "Total Revenue": 44,
        "Gross Profit": 34,
        "Operating Income": 8,
        "EBIT": NaN,
        "Net Income": 2
    },
    "2009-03-31": {
        "Diluted EPS": 0.33,
        "Total Revenue": 44,
        "Gross Profit": 32,
        "Operating Income": 7,
        "EBIT": NaN,
        "Net Income": 4
    },
    "2023-09-30": {
        "Tax Effect Of Unusual Items": -34571.2,
        "Tax Rate For Calcs": 0.2108,
        "Total Unusual Items": -164000.0,
        "Total Unusual Items Excluding Goodwill": -164000.0,
        "Net Income From Continuing Operation Net Minority Interest": 124144000.0,
        "Reconciled Depreciation": 6616000.0,
        "Net Interest Income": 355371000.0,
        "Interest Expense": 145138000.0,
        "Interest Income": 500509000.0,
        "Normalized Income": 124273428.8,
        "Net Income From Continuing And Discontinued Operation": 124144000.0,
        "Diluted Average Shares": 76571430.0,
        "Basic Average Shares": 76139170.0,
        "Diluted EPS": 1.62,
        "Basic EPS": 1.63,
        "Diluted NI Availto Com Stockholders": 124144000.0,
        "Net Income Common Stockholders": 124144000.0,
        "Net Income": 124144000.0,
        "Net Income Including Noncontrolling Interests": 124144000.0,
        "Net Income Continuous Operations": 124144000.0,
        "Tax Provision": 33160000.0,
        "Pretax Income": 157304000.0,
        "Special Income Charges": -164000.0,
        "Restructuring And Mergern Acquisition": 164000.0,
        "Gain On Sale Of Security": 0.0,
        "Depreciation Amortization Depletion Income Statement": 6616000.0,
        "Depreciation And Amortization In Income Statement": 6616000.0,
        "Amortization": 6616000.0,
        "Amortization Of Intangibles Income Statement": 6616000.0,
        "Selling General And Administration": 187833000.0,
        "Selling And Marketing Expense": 3009000.0,
        "General And Administrative Expense": 184824000.0,
        "Other Gand A": 30046000.0,
        "Insurance And Claims": 8632000.0,
        "Salaries And Wages": 146146000.0,
        "Total Revenue": 428219000.0,
        "Operating Revenue": 428219000.0
    }
}