{
    "2023-06-30": {
        "Tax Effect Of Unusual Items": 0.0,
        "Tax Rate For Calcs": 0.225475,
        "Net Income From Continuing Operation Net Minority Interest": 8756000.0,
        "Reconciled Depreciation": 371000.0,
        "Net Interest Income": 19432000.0,
        "Interest Expense": 12753000.0,
        "Interest Income": 32185000.0,
        "Normalized Income": 8756000.0,
        "Net Income From Continuing And Discontinued Operation": 8756000.0,
        "Diluted Average Shares": 8950847.0,
        "Basic Average Shares": 8763635.0,
        "Diluted EPS": 0.98,
        "Basic EPS": 1.0,
        "Diluted NI Availto Com Stockholders": 8756000.0,
        "Average Dilution Earnings": NaN,
        "Net Income Common Stockholders": 8756000.0,
        "Net Income": 8756000.0,
        "Net Income Including Noncontrolling Interests": 8756000.0,
        "Net Income Continuous Operations": 8756000.0,
        "Tax Provision": 2549000.0,
        "Pretax Income": 11305000.0,
        "Gain On Sale Of Security": -45000.0,
        "Selling General And Administration": 7863000.0,
        "General And Administrative Expense": 7863000.0,
        "Salaries And Wages": 7863000.0,
        "Total Revenue": 26294000.0,
        "Operating Revenue": 26294000.0
    },
    "2023-03-31": {
        "Tax Effect Of Unusual Items": 0.0,
        "Tax Rate For Calcs": 0.232363,
        "Net Income From Continuing Operation Net Minority Interest": 7671000.0,
        "Reconciled Depreciation": 376000.0,
        "Net Interest Income": 19546000.0,
        "Interest Expense": 9153000.0,
        "Interest Income": 28699000.0,
        "Normalized Income": 7671000.0,
        "Net Income From Continuing And Discontinued Operation": 7671000.0,
        "Diluted Average Shares": 9044490.0,
        "Basic Average Shares": 8762450.0,
        "Diluted EPS": 0.85,
        "Basic EPS": 0.87,
        "Diluted NI Availto Com Stockholders": 7671000.0,
        "Average Dilution Earnings": NaN,
        "Net Income Common Stockholders": 7671000.0,
        "Net Income": 7671000.0,
        "Net Income Including Noncontrolling Interests": 7671000.0,
        "Net Income Continuous Operations": 7671000.0,
        "Tax Provision": 2322000.0,
        "Pretax Income": 9993000.0,
        "Gain On Sale Of Security": 514000.0,
        "Selling General And Administration": 6311000.0,
        "General And Administrative Expense": 6311000.0,
        "Salaries And Wages": 6311000.0,
        "Total Revenue": 21332000.0,
        "Operating Revenue": 21332000.0
    },
    "2022-12-31": {
        "Tax Effect Of Unusual Items": 0.0,
        "Tax Rate For Calcs": 0.192252,
        "Net Income From Continuing Operation Net Minority Interest": 10592000.0,
        "Reconciled Depreciation": 375000.0,
        "Net Interest Income": 20884000.0,
        "Interest Expense": 5822000.0,
        "Interest Income": 26706000.0,
        "Normalized Income": 10592000.0,
        "Net Income From Continuing And Discontinued Operation": 10592000.0,
        "Diluted Average Shares": 8932585.0,
        "Basic Average Shares": 8707026.0,
        "Diluted EPS": 1.18,
        "Basic EPS": 1.22,
        "Diluted NI Availto Com Stockholders": 10606000.0,
        "Average Dilution Earnings": NaN,
        "Net Income Common Stockholders": 10592000.0,
        "Net Income": 10592000.0,
        "Net Income Including Noncontrolling Interests": 10592000.0,
        "Net Income Continuous Operations": 10592000.0,
        "Tax Provision": 2521000.0,
        "Pretax Income": 13113000.0,
        "Gain On Sale Of Security": -86000.0,
        "Selling General And Administration": 6738000.0,
        "General And Administrative Expense": 6738000.0,
        "Salaries And Wages": 6738000.0,
        "Total Revenue": 25487000.0,
        "Operating Revenue": 25487000.0
    },
    "2022-09-30": {
        "Tax Effect Of Unusual Items": 0.0,
        "Tax Rate For Calcs": 0.244985,
        "Net Income From Continuing Operation Net Minority Interest": 6700000.0,
        "Reconciled Depreciation": 403000.0,
        "Net Interest Income": 19435000.0,
        "Interest Expense": 3085000.0,
        "Interest Income": 22520000.0,
        "Normalized Income": 6700000.0,
        "Net Income From Continuing And Discontinued Operation": 6700000.0,
        "Diluted Average Shares": 8871116.0,
        "Basic Average Shares": 8693745.0,
        "Diluted EPS": 0.75,
        "Basic EPS": 0.77,
        "Diluted NI Availto Com Stockholders": 6700000.0,
        "Average Dilution Earnings": -7000.0,
        "Net Income Common Stockholders": 6700000.0,
        "Net Income": 6700000.0,
        "Net Income Including Noncontrolling Interests": 6700000.0,
        "Net Income Continuous Operations": 6700000.0,
        "Tax Provision": 2174000.0,
        "Pretax Income": 8874000.0,
        "Gain On Sale Of Security": -143000.0,
        "Selling General And Administration": 6152000.0,
        "General And Administrative Expense": 6152000.0,
        "Other Gand A": 834000.0,
        "Salaries And Wages": 6152000.0,
        "Total Revenue": 20774000.0,
        "Operating Revenue": 20774000.0
    },
    "2022-06-30": {
        "Tax Effect Of Unusual Items": 0.0,
        "Tax Rate For Calcs": 0.233377,
        "Net Income From Continuing Operation Net Minority Interest": 5223000.0,
        "Reconciled Depreciation": 393000.0,
        "Net Interest Income": 16365000.0,
        "Interest Expense": 1387000.0,
        "Interest Income": 17752000.0,
        "Normalized Income": 5223000.0,
        "Net Income From Continuing And Discontinued Operation": 5223000.0,
        "Diluted Average Shares": 8894577.0,
        "Basic Average Shares": 8740295.0,
        "Diluted EPS": 0.59,
        "Basic EPS": 0.6,
        "Diluted NI Availto Com Stockholders": 5223000.0,
        "Average Dilution Earnings": -8000.0,
        "Net Income Common Stockholders": 5223000.0,
        "Net Income": 5223000.0,
        "Net Income Including Noncontrolling Interests": 5223000.0,
        "Net Income Continuous Operations": 5223000.0,
        "Tax Provision": 1590000.0,
        "Pretax Income": 6813000.0,
        "Gain On Sale Of Security": -42000.0,
        "Selling General And Administration": 5982000.0,
        "General And Administrative Expense": 5982000.0,
        "Other Gand A": 832000.0,
        "Salaries And Wages": 5982000.0,
        "Total Revenue": 17769000.0,
        "Operating Revenue": 17769000.0
    },
    "2022-03-31": {
        "Diluted EPS": 0.5,
        "Total Revenue": 17,
        "Gross Profit": 16,
        "Operating Income": 6,
        "EBIT": NaN,
        "Net Income": 5
    },
    "2021-12-31": {
        "Diluted EPS": 0.42,
        "Total Revenue": 17,
        "Gross Profit": 16,
        "Operating Income": 6,
        "EBIT": NaN,
        "Net Income": 4
    },
    "2021-09-30": {
        "Diluted EPS": 0.58,
        "Total Revenue": 17,
        "Gross Profit": 16,
        "Operating Income": 6,
        "EBIT": NaN,
        "Net Income": 5
    },
    "2021-06-30": {
        "Diluted EPS": 0.5,
        "Total Revenue": 16,
        "Gross Profit": 15,
        "Operating Income": 5,
        "EBIT": NaN,
        "Net Income": 4
    },
    "2021-03-31": {
        "Diluted EPS": 0.73,
        "Total Revenue": 18,
        "Gross Profit": 17,
        "Operating Income": 7,
        "EBIT": NaN,
        "Net Income": 6
    },
    "2020-12-31": {
        "Diluted EPS": 0.0,
        "Total Revenue": NaN,
        "Gross Profit": NaN,
        "Operating Income": NaN,
        "EBIT": NaN,
        "Net Income": NaN
    },
    "2020-09-30": {
        "Diluted EPS": 0.41,
        "Total Revenue": 15,
        "Gross Profit": 13,
        "Operating Income": 4,
        "EBIT": NaN,
        "Net Income": 3
    },
    "2020-06-30": {
        "Diluted EPS": 0.37,
        "Total Revenue": 14,
        "Gross Profit": 12,
        "Operating Income": 4,
        "EBIT": NaN,
        "Net Income": 3
    },
    "2023-09-30": {
        "Tax Effect Of Unusual Items": 0.0,
        "Tax Rate For Calcs": 0.219659,
        "Net Income From Continuing Operation Net Minority Interest": 6629000.0,
        "Reconciled Depreciation": 375000.0,
        "Net Interest Income": 20731000.0,
        "Interest Expense": 14473000.0,
        "Interest Income": 35204000.0,
        "Normalized Income": 6629000.0,
        "Net Income From Continuing And Discontinued Operation": 6629000.0,
        "Diluted Average Shares": 9040687.0,
        "Basic Average Shares": 8846018.0,
        "Diluted EPS": 0.73,
        "Basic EPS": 0.75,
        "Diluted NI Availto Com Stockholders": 6624000.0,
        "Average Dilution Earnings": -5000.0,
        "Net Income Common Stockholders": 6629000.0,
        "Net Income": 6629000.0,
        "Net Income Including Noncontrolling Interests": 6629000.0,
        "Net Income Continuous Operations": 6629000.0,
        "Tax Provision": 1866000.0,
        "Pretax Income": 8495000.0,
        "Gain On Sale Of Security": -12000.0,
        "Selling General And Administration": 5752000.0,
        "General And Administrative Expense": 5752000.0,
        "Salaries And Wages": 5752000.0,
        "Total Revenue": 17837000.0,
        "Operating Revenue": 17837000.0
    },
    "2023-12-31": {
        "Tax Effect Of Unusual Items": NaN,
        "Tax Rate For Calcs": NaN,
        "Net Income From Continuing Operation Net Minority Interest": NaN,
        "Reconciled Depreciation": NaN,
        "Net Interest Income": NaN,
        "Interest Expense": NaN,
        "Interest Income": NaN,
        "Normalized Income": NaN,
        "Net Income From Continuing And Discontinued Operation": NaN,
        "Diluted Average Shares": 9021358.0,
        "Basic Average Shares": 8864734.0,
        "Diluted EPS": 0.99,
        "Basic EPS": 1.0,
        "Diluted NI Availto Com Stockholders": NaN,
        "Average Dilution Earnings": NaN,
        "Net Income Common Stockholders": NaN,
        "Net Income": NaN,
        "Net Income Including Noncontrolling Interests": NaN,
        "Net Income Continuous Operations": NaN,
        "Tax Provision": NaN,
        "Pretax Income": NaN,
        "Gain On Sale Of Security": NaN,
        "Selling General And Administration": NaN,
        "General And Administrative Expense": NaN,
        "Salaries And Wages": NaN,
        "Total Revenue": NaN,
        "Operating Revenue": NaN
    }
}