{
    "2023-06-30": {
        "Tax Effect Of Unusual Items": -348355.0,
        "Tax Rate For Calcs": 0.259,
        "Normalized EBITDA": 165022000.0,
        "Total Unusual Items": -1345000.0,
        "Total Unusual Items Excluding Goodwill": -1345000.0,
        "Net Income From Continuing Operation Net Minority Interest": 107211000.0,
        "Reconciled Depreciation": 18299000.0,
        "Reconciled Cost Of Revenue": 310114000.0,
        "EBITDA": 163677000.0,
        "EBIT": 145378000.0,
        "Net Interest Income": -705000.0,
        "Interest Expense": 705000.0,
        "Interest Income": NaN,
        "Normalized Income": 108207645.0,
        "Net Income From Continuing And Discontinued Operation": 107211000.0,
        "Total Expenses": 450857000.0,
        "Total Operating Income As Reported": 145021000.0,
        "Diluted Average Shares": 42813000.0,
        "Basic Average Shares": 42669000.0,
        "Diluted EPS": 2.5,
        "Basic EPS": 2.51,
        "Diluted NI Availto Com Stockholders": 107211000.0,
        "Net Income Common Stockholders": 107211000.0,
        "Net Income": 107211000.0,
        "Net Income Including Noncontrolling Interests": 107211000.0,
        "Net Income Continuous Operations": 107211000.0,
        "Tax Provision": 37462000.0,
        "Pretax Income": 144673000.0,
        "Other Income Expense": -1345000.0,
        "Special Income Charges": -1702000.0,
        "Gain On Sale Of Ppe": 157000.0,
        "Restructuring And Mergern Acquisition": 1859000.0,
        "Gain On Sale Of Security": 357000.0,
        "Net Non Operating Interest Income Expense": -705000.0,
        "Interest Expense Non Operating": 705000.0,
        "Interest Income Non Operating": NaN,
        "Operating Income": 146723000.0,
        "Operating Expense": 140743000.0,
        "Research And Development": 21538000.0,
        "Selling General And Administration": 119205000.0,
        "Selling And Marketing Expense": 50438000.0,
        "General And Administrative Expense": 68767000.0,
        "Other Gand A": 68767000.0,
        "Gross Profit": 287466000.0,
        "Cost Of Revenue": 310114000.0,
        "Total Revenue": 597580000.0,
        "Operating Revenue": 597580000.0
    },
    "2023-03-31": {
        "Tax Effect Of Unusual Items": -449290.0,
        "Tax Rate For Calcs": 0.251,
        "Normalized EBITDA": 137501000.0,
        "Total Unusual Items": -1790000.0,
        "Total Unusual Items Excluding Goodwill": -1790000.0,
        "Net Income From Continuing Operation Net Minority Interest": 87954000.0,
        "Reconciled Depreciation": 17746000.0,
        "Reconciled Cost Of Revenue": 281554000.0,
        "EBITDA": 135711000.0,
        "EBIT": 117965000.0,
        "Net Interest Income": -570000.0,
        "Interest Expense": 570000.0,
        "Interest Income": NaN,
        "Normalized Income": 89294710.0,
        "Net Income From Continuing And Discontinued Operation": 87954000.0,
        "Total Expenses": 414675000.0,
        "Total Operating Income As Reported": 118363000.0,
        "Diluted Average Shares": 42827000.0,
        "Basic Average Shares": 42610000.0,
        "Diluted EPS": 2.05,
        "Basic EPS": 2.06,
        "Diluted NI Availto Com Stockholders": 87954000.0,
        "Net Income Common Stockholders": 87954000.0,
        "Net Income": 87954000.0,
        "Net Income Including Noncontrolling Interests": 87954000.0,
        "Net Income Continuous Operations": 87954000.0,
        "Tax Provision": 29441000.0,
        "Pretax Income": 117395000.0,
        "Other Income Expense": -1790000.0,
        "Special Income Charges": -1392000.0,
        "Gain On Sale Of Ppe": 50000.0,
        "Restructuring And Mergern Acquisition": 1442000.0,
        "Gain On Sale Of Security": -398000.0,
        "Net Non Operating Interest Income Expense": -570000.0,
        "Interest Expense Non Operating": 570000.0,
        "Interest Income Non Operating": NaN,
        "Operating Income": 119755000.0,
        "Operating Expense": 133121000.0,
        "Research And Development": 20747000.0,
        "Selling General And Administration": 112374000.0,
        "Selling And Marketing Expense": 48667000.0,
        "General And Administrative Expense": 63707000.0,
        "Other Gand A": 63707000.0,
        "Gross Profit": 252876000.0,
        "Cost Of Revenue": 281554000.0,
        "Total Revenue": 534430000.0,
        "Operating Revenue": 534430000.0
    },
    "2022-12-31": {
        "Tax Effect Of Unusual Items": NaN,
        "Tax Rate For Calcs": NaN,
        "Normalized EBITDA": NaN,
        "Total Unusual Items": NaN,
        "Total Unusual Items Excluding Goodwill": NaN,
        "Net Income From Continuing Operation Net Minority Interest": NaN,
        "Reconciled Depreciation": NaN,
        "Reconciled Cost Of Revenue": NaN,
        "EBITDA": NaN,
        "EBIT": NaN,
        "Net Interest Income": NaN,
        "Interest Expense": 1026000.0,
        "Interest Income": NaN,
        "Normalized Income": NaN,
        "Net Income From Continuing And Discontinued Operation": NaN,
        "Total Expenses": NaN,
        "Total Operating Income As Reported": NaN,
        "Diluted Average Shares": NaN,
        "Basic Average Shares": NaN,
        "Diluted EPS": NaN,
        "Basic EPS": NaN,
        "Diluted NI Availto Com Stockholders": NaN,
        "Net Income Common Stockholders": NaN,
        "Net Income": NaN,
        "Net Income Including Noncontrolling Interests": NaN,
        "Net Income Continuous Operations": NaN,
        "Tax Provision": NaN,
        "Pretax Income": NaN,
        "Other Income Expense": NaN,
        "Special Income Charges": NaN,
        "Gain On Sale Of Ppe": NaN,
        "Restructuring And Mergern Acquisition": NaN,
        "Gain On Sale Of Security": NaN,
        "Net Non Operating Interest Income Expense": NaN,
        "Interest Expense Non Operating": 1026000.0,
        "Interest Income Non Operating": NaN,
        "Operating Income": NaN,
        "Operating Expense": NaN,
        "Research And Development": NaN,
        "Selling General And Administration": NaN,
        "Selling And Marketing Expense": NaN,
        "General And Administrative Expense": NaN,
        "Other Gand A": NaN,
        "Gross Profit": NaN,
        "Cost Of Revenue": NaN,
        "Total Revenue": NaN,
        "Operating Revenue": NaN
    },
    "2022-09-30": {
        "Tax Effect Of Unusual Items": NaN,
        "Tax Rate For Calcs": NaN,
        "Normalized EBITDA": NaN,
        "Total Unusual Items": NaN,
        "Total Unusual Items Excluding Goodwill": NaN,
        "Net Income From Continuing Operation Net Minority Interest": NaN,
        "Reconciled Depreciation": NaN,
        "Reconciled Cost Of Revenue": NaN,
        "EBITDA": NaN,
        "EBIT": NaN,
        "Net Interest Income": NaN,
        "Interest Expense": 2983000.0,
        "Interest Income": NaN,
        "Normalized Income": NaN,
        "Net Income From Continuing And Discontinued Operation": NaN,
        "Total Expenses": NaN,
        "Total Operating Income As Reported": NaN,
        "Diluted Average Shares": NaN,
        "Basic Average Shares": NaN,
        "Diluted EPS": NaN,
        "Basic EPS": NaN,
        "Diluted NI Availto Com Stockholders": NaN,
        "Net Income Common Stockholders": NaN,
        "Net Income": NaN,
        "Net Income Including Noncontrolling Interests": NaN,
        "Net Income Continuous Operations": NaN,
        "Tax Provision": NaN,
        "Pretax Income": NaN,
        "Other Income Expense": NaN,
        "Special Income Charges": NaN,
        "Gain On Sale Of Ppe": NaN,
        "Restructuring And Mergern Acquisition": NaN,
        "Gain On Sale Of Security": NaN,
        "Net Non Operating Interest Income Expense": NaN,
        "Interest Expense Non Operating": 2983000.0,
        "Interest Income Non Operating": NaN,
        "Operating Income": NaN,
        "Operating Expense": NaN,
        "Research And Development": NaN,
        "Selling General And Administration": NaN,
        "Selling And Marketing Expense": NaN,
        "General And Administrative Expense": NaN,
        "Other Gand A": NaN,
        "Gross Profit": NaN,
        "Cost Of Revenue": NaN,
        "Total Revenue": NaN,
        "Operating Revenue": NaN
    },
    "2022-06-30": {
        "Tax Effect Of Unusual Items": -2066548.0,
        "Tax Rate For Calcs": 0.268,
        "Normalized EBITDA": 138897000.0,
        "Total Unusual Items": -7711000.0,
        "Total Unusual Items Excluding Goodwill": -7711000.0,
        "Net Income From Continuing Operation Net Minority Interest": 93570000.0,
        "Reconciled Depreciation": 17529000.0,
        "Reconciled Cost Of Revenue": 333899000.0,
        "EBITDA": 131186000.0,
        "EBIT": 131186000.0,
        "Net Interest Income": -3372000.0,
        "Interest Expense": 3372000.0,
        "Normalized Income": 99214452.0,
        "Net Income From Continuing And Discontinued Operation": 93570000.0,
        "Total Expenses": 454335000.0,
        "Total Operating Income As Reported": 133076000.0,
        "Diluted Average Shares": 43240000.0,
        "Basic Average Shares": 43145000.0,
        "Diluted EPS": 2.16,
        "Basic EPS": 2.17,
        "Diluted NI Availto Com Stockholders": 93570000.0,
        "Net Income Common Stockholders": 93570000.0,
        "Net Income": 93570000.0,
        "Net Income Including Noncontrolling Interests": 93570000.0,
        "Net Income Continuous Operations": 93570000.0,
        "Tax Provision": 34244000.0,
        "Pretax Income": 127814000.0,
        "Other Income Expense": -7711000.0,
        "Special Income Charges": -5821000.0,
        "Gain On Sale Of Ppe": 43000.0,
        "Restructuring And Mergern Acquisition": 5864000.0,
        "Gain On Sale Of Security": -1890000.0,
        "Net Non Operating Interest Income Expense": -3372000.0,
        "Interest Expense Non Operating": 3372000.0,
        "Operating Income": 138897000.0,
        "Operating Expense": 120436000.0,
        "Research And Development": 16943000.0,
        "Selling General And Administration": 103493000.0,
        "Selling And Marketing Expense": 45074000.0,
        "General And Administrative Expense": 58419000.0,
        "Other Gand A": 58419000.0,
        "Gross Profit": 259333000.0,
        "Cost Of Revenue": 333899000.0,
        "Total Revenue": 593232000.0,
        "Operating Revenue": 593232000.0
    },
    "2022-03-31": {
        "Diluted EPS": 2.18,
        "Total Revenue": 494,
        "Gross Profit": 237,
        "Operating Income": 124,
        "EBIT": 135,
        "Net Income": 95
    },
    "2021-12-31": {
        "Diluted EPS": 1.6,
        "Total Revenue": 419,
        "Gross Profit": 198,
        "Operating Income": 97,
        "EBIT": 106,
        "Net Income": 70
    },
    "2021-09-30": {
        "Diluted EPS": 1.7,
        "Total Revenue": 397,
        "Gross Profit": 198,
        "Operating Income": 101,
        "EBIT": 111,
        "Net Income": 74
    },
    "2021-06-30": {
        "Diluted EPS": 1.66,
        "Total Revenue": 410,
        "Gross Profit": 196,
        "Operating Income": 102,
        "EBIT": 113,
        "Net Income": 72
    },
    "2021-03-31": {
        "Diluted EPS": 1.16,
        "Total Revenue": 348,
        "Gross Profit": 162,
        "Operating Income": 68,
        "EBIT": 80,
        "Net Income": 50
    },
    "2020-12-31": {
        "Diluted EPS": 0.68,
        "Total Revenue": 294,
        "Gross Profit": 124,
        "Operating Income": 39,
        "EBIT": 48,
        "Net Income": 30
    },
    "2020-09-30": {
        "Diluted EPS": 1.54,
        "Total Revenue": 364,
        "Gross Profit": 173,
        "Operating Income": 91,
        "EBIT": 102,
        "Net Income": 67
    },
    "2020-06-30": {
        "Diluted EPS": 1.22,
        "Total Revenue": 326,
        "Gross Profit": 150,
        "Operating Income": 72,
        "EBIT": 82,
        "Net Income": 53
    },
    "2020-03-31": {
        "Diluted EPS": 0.83,
        "Total Revenue": 284,
        "Gross Profit": 130,
        "Operating Income": 49,
        "EBIT": 59,
        "Net Income": 37
    },
    "2019-12-31": {
        "Diluted EPS": 0.63,
        "Total Revenue": 263,
        "Gross Profit": 110,
        "Operating Income": 37,
        "EBIT": 46,
        "Net Income": 28
    },
    "2019-09-30": {
        "Diluted EPS": 0.97,
        "Total Revenue": 310,
        "Gross Profit": 138,
        "Operating Income": 61,
        "EBIT": 70,
        "Net Income": 44
    },
    "2019-06-30": {
        "Diluted EPS": 0.88,
        "Total Revenue": 305,
        "Gross Profit": 134,
        "Operating Income": 54,
        "EBIT": 63,
        "Net Income": 40
    },
    "2019-03-31": {
        "Diluted EPS": 0.5,
        "Total Revenue": 259,
        "Gross Profit": 110,
        "Operating Income": 30,
        "EBIT": 40,
        "Net Income": 23
    },
    "2018-12-31": {
        "Diluted EPS": 0.29,
        "Total Revenue": 242,
        "Gross Profit": 98,
        "Operating Income": 19,
        "EBIT": 36,
        "Net Income": 13
    },
    "2018-09-30": {
        "Diluted EPS": 0.95,
        "Total Revenue": 284,
        "Gross Profit": 134,
        "Operating Income": 60,
        "EBIT": 69,
        "Net Income": 44
    },
    "2018-06-30": {
        "Diluted EPS": 0.94,
        "Total Revenue": 308,
        "Gross Profit": 141,
        "Operating Income": 61,
        "EBIT": 71,
        "Net Income": 44
    },
    "2018-03-31": {
        "Diluted EPS": 0.54,
        "Total Revenue": 245,
        "Gross Profit": 108,
        "Operating Income": 33,
        "EBIT": 42,
        "Net Income": 25
    },
    "2017-12-31": {
        "Diluted EPS": 0.28,
        "Total Revenue": 232,
        "Gross Profit": 101,
        "Operating Income": 24,
        "EBIT": 31,
        "Net Income": 13
    },
    "2017-09-30": {
        "Diluted EPS": 0.59,
        "Total Revenue": 262,
        "Gross Profit": 119,
        "Operating Income": 47,
        "EBIT": 57,
        "Net Income": 28
    },
    "2017-06-30": {
        "Diluted EPS": 0.59,
        "Total Revenue": 263,
        "Gross Profit": 124,
        "Operating Income": 45,
        "EBIT": 53,
        "Net Income": 28
    },
    "2017-03-31": {
        "Diluted EPS": 0.48,
        "Total Revenue": 220,
        "Gross Profit": 100,
        "Operating Income": 23,
        "EBIT": 31,
        "Net Income": 23
    },
    "2016-12-31": {
        "Diluted EPS": 0.36,
        "Total Revenue": 200,
        "Gross Profit": 92,
        "Operating Income": 28,
        "EBIT": 34,
        "Net Income": 17
    },
    "2016-09-30": {
        "Diluted EPS": 0.62,
        "Total Revenue": 231,
        "Gross Profit": 113,
        "Operating Income": 46,
        "EBIT": 52,
        "Net Income": 30
    },
    "2016-06-30": {
        "Diluted EPS": 0.54,
        "Total Revenue": 230,
        "Gross Profit": 111,
        "Operating Income": 41,
        "EBIT": 48,
        "Net Income": 26
    },
    "2016-03-31": {
        "Diluted EPS": 0.34,
        "Total Revenue": 200,
        "Gross Profit": 93,
        "Operating Income": 27,
        "EBIT": 34,
        "Net Income": 16
    },
    "2015-12-31": {
        "Diluted EPS": 0.31,
        "Total Revenue": 185,
        "Gross Profit": 83,
        "Operating Income": 22,
        "EBIT": 28,
        "Net Income": 15
    },
    "2015-09-30": {
        "Diluted EPS": 0.44,
        "Total Revenue": 216,
        "Gross Profit": 100,
        "Operating Income": 35,
        "EBIT": 42,
        "Net Income": 22
    },
    "2015-06-30": {
        "Diluted EPS": 0.43,
        "Total Revenue": 217,
        "Gross Profit": 98,
        "Operating Income": 35,
        "EBIT": 42,
        "Net Income": 22
    },
    "2015-03-31": {
        "Diluted EPS": 0.2,
        "Total Revenue": 176,
        "Gross Profit": 77,
        "Operating Income": 16,
        "EBIT": 24,
        "Net Income": 10
    },
    "2014-12-31": {
        "Diluted EPS": 0.2,
        "Total Revenue": 167,
        "Gross Profit": 73,
        "Operating Income": 15,
        "EBIT": 22,
        "Net Income": 10
    },
    "2014-09-30": {
        "Diluted EPS": 0.42,
        "Total Revenue": 209,
        "Gross Profit": 96,
        "Operating Income": 32,
        "EBIT": 40,
        "Net Income": 21
    },
    "2014-06-30": {
        "Diluted EPS": 0.42,
        "Total Revenue": 208,
        "Gross Profit": 96,
        "Operating Income": 32,
        "EBIT": 39,
        "Net Income": 20
    },
    "2014-03-31": {
        "Diluted EPS": 0.25,
        "Total Revenue": 168,
        "Gross Profit": 78,
        "Operating Income": 20,
        "EBIT": 27,
        "Net Income": 12
    },
    "2013-12-31": {
        "Diluted EPS": 0.16,
        "Total Revenue": 160,
        "Gross Profit": 70,
        "Operating Income": 12,
        "EBIT": 18,
        "Net Income": 8
    },
    "2013-09-30": {
        "Diluted EPS": 0.41,
        "Total Revenue": 196,
        "Gross Profit": 90,
        "Operating Income": 31,
        "EBIT": 38,
        "Net Income": 20
    },
    "2013-06-30": {
        "Diluted EPS": 0.38,
        "Total Revenue": 195,
        "Gross Profit": 89,
        "Operating Income": 30,
        "EBIT": 37,
        "Net Income": 19
    },
    "2013-03-31": {
        "Diluted EPS": 0.1,
        "Total Revenue": 154,
        "Gross Profit": 65,
        "Operating Income": 9,
        "EBIT": 17,
        "Net Income": 5
    },
    "2012-12-31": {
        "Diluted EPS": 0.12,
        "Total Revenue": 144,
        "Gross Profit": 54,
        "Operating Income": -1,
        "EBIT": 8,
        "Net Income": 6
    },
    "2012-09-30": {
        "Diluted EPS": 0.27,
        "Total Revenue": 172,
        "Gross Profit": 76,
        "Operating Income": 22,
        "EBIT": 29,
        "Net Income": 13
    },
    "2012-06-30": {
        "Diluted EPS": 0.33,
        "Total Revenue": 182,
        "Gross Profit": 83,
        "Operating Income": 27,
        "EBIT": 34,
        "Net Income": 16
    },
    "2012-03-31": {
        "Diluted EPS": 0.15,
        "Total Revenue": 159,
        "Gross Profit": 69,
        "Operating Income": 14,
        "EBIT": 20,
        "Net Income": 7
    },
    "2011-12-31": {
        "Diluted EPS": 0.11,
        "Total Revenue": 131,
        "Gross Profit": 55,
        "Operating Income": 6,
        "EBIT": 13,
        "Net Income": 5
    },
    "2011-09-30": {
        "Diluted EPS": 0.4,
        "Total Revenue": 162,
        "Gross Profit": 75,
        "Operating Income": 25,
        "EBIT": 30,
        "Net Income": 19
    },
    "2011-06-30": {
        "Diluted EPS": 0.39,
        "Total Revenue": 178,
        "Gross Profit": 83,
        "Operating Income": 31,
        "EBIT": 36,
        "Net Income": 19
    },
    "2011-03-31": {
        "Diluted EPS": 0.14,
        "Total Revenue": 133,
        "Gross Profit": 57,
        "Operating Income": 12,
        "EBIT": 17,
        "Net Income": 7
    },
    "2010-12-31": {
        "Diluted EPS": -0.1,
        "Total Revenue": 120,
        "Gross Profit": 48,
        "Operating Income": -2,
        "EBIT": 10,
        "Net Income": -4
    },
    "2010-09-30": {
        "Diluted EPS": 0.35,
        "Total Revenue": 146,
        "Gross Profit": 66,
        "Operating Income": 29,
        "EBIT": 34,
        "Net Income": 17
    },
    "2010-06-30": {
        "Diluted EPS": 0.14,
        "Total Revenue": 166,
        "Gross Profit": 77,
        "Operating Income": 34,
        "EBIT": 40,
        "Net Income": 7
    },
    "2010-03-31": {
        "Diluted EPS": 0.19,
        "Total Revenue": 124,
        "Gross Profit": 54,
        "Operating Income": 17,
        "EBIT": 23,
        "Net Income": 9
    },
    "2009-12-31": {
        "Diluted EPS": -0.06,
        "Total Revenue": 105,
        "Gross Profit": 38,
        "Operating Income": 2,
        "EBIT": 9,
        "Net Income": -3
    },
    "2009-09-30": {
        "Diluted EPS": 0.26,
        "Total Revenue": 150,
        "Gross Profit": 57,
        "Operating Income": 20,
        "EBIT": 28,
        "Net Income": 13
    },
    "2009-06-30": {
        "Diluted EPS": 0.22,
        "Total Revenue": 152,
        "Gross Profit": 59,
        "Operating Income": 20,
        "EBIT": 27,
        "Net Income": 11
    },
    "2009-03-31": {
        "Diluted EPS": -0.17,
        "Total Revenue": 119,
        "Gross Profit": 31,
        "Operating Income": -10,
        "EBIT": -3,
        "Net Income": -8
    },
    "2023-09-30": {
        "Tax Effect Of Unusual Items": -564886.0,
        "Tax Rate For Calcs": 0.257,
        "Normalized EBITDA": 161359000.0,
        "Total Unusual Items": -2198000.0,
        "Total Unusual Items Excluding Goodwill": -2198000.0,
        "Net Income From Continuing Operation Net Minority Interest": 104021000.0,
        "Reconciled Depreciation": 18179000.0,
        "Reconciled Cost Of Revenue": 297167000.0,
        "EBITDA": 159161000.0,
        "EBIT": 140982000.0,
        "Net Interest Income": 1292000.0,
        "Interest Expense": NaN,
        "Interest Income": 1292000.0,
        "Normalized Income": 105654114.0,
        "Net Income From Continuing And Discontinued Operation": 104021000.0,
        "Total Expenses": 439102000.0,
        "Total Operating Income As Reported": 140213000.0,
        "Diluted Average Shares": 42882000.0,
        "Basic Average Shares": 42673000.0,
        "Diluted EPS": 2.43,
        "Basic EPS": 2.44,
        "Diluted NI Availto Com Stockholders": 104021000.0,
        "Net Income Common Stockholders": 104021000.0,
        "Net Income": 104021000.0,
        "Net Income Including Noncontrolling Interests": 104021000.0,
        "Net Income Continuous Operations": 104021000.0,
        "Tax Provision": 36055000.0,
        "Pretax Income": 140076000.0,
        "Other Income Expense": -2198000.0,
        "Special Income Charges": -769000.0,
        "Gain On Sale Of Ppe": 16000.0,
        "Restructuring And Mergern Acquisition": 785000.0,
        "Gain On Sale Of Security": -1429000.0,
        "Net Non Operating Interest Income Expense": 1292000.0,
        "Interest Expense Non Operating": NaN,
        "Interest Income Non Operating": 1292000.0,
        "Operating Income": 140982000.0,
        "Operating Expense": 141935000.0,
        "Research And Development": 24751000.0,
        "Selling General And Administration": 117184000.0,
        "Selling And Marketing Expense": 52391000.0,
        "General And Administrative Expense": 64793000.0,
        "Other Gand A": 64793000.0,
        "Gross Profit": 282917000.0,
        "Cost Of Revenue": 297167000.0,
        "Total Revenue": 580084000.0,
        "Operating Revenue": 580084000.0
    },
    "2023-12-31": {
        "Tax Effect Of Unusual Items": -267405.381431,
        "Tax Rate For Calcs": 0.263454,
        "Normalized EBITDA": 93544000.0,
        "Total Unusual Items": -1015000.0,
        "Total Unusual Items Excluding Goodwill": -1015000.0,
        "Net Income From Continuing Operation Net Minority Interest": 54802000.0,
        "Reconciled Depreciation": 20483000.0,
        "Reconciled Cost Of Revenue": 281213000.0,
        "EBITDA": 92529000.0,
        "EBIT": 72046000.0,
        "Net Interest Income": 3373000.0,
        "Interest Expense": NaN,
        "Interest Income": NaN,
        "Normalized Income": 55549594.618569,
        "Net Income From Continuing And Discontinued Operation": 54802000.0,
        "Total Expenses": 429664000.0,
        "Total Operating Income As Reported": 71553000.0,
        "Diluted Average Shares": 42668000.0,
        "Basic Average Shares": 42440000.0,
        "Diluted EPS": 1.28,
        "Basic EPS": 1.29,
        "Diluted NI Availto Com Stockholders": 54802000.0,
        "Net Income Common Stockholders": 54802000.0,
        "Net Income": 54802000.0,
        "Net Income Including Noncontrolling Interests": 54802000.0,
        "Net Income Continuous Operations": 54802000.0,
        "Tax Provision": 19602000.0,
        "Pretax Income": 74404000.0,
        "Other Income Expense": -1015000.0,
        "Special Income Charges": -493000.0,
        "Gain On Sale Of Ppe": 53000.0,
        "Restructuring And Mergern Acquisition": 546000.0,
        "Gain On Sale Of Security": -522000.0,
        "Net Non Operating Interest Income Expense": 3373000.0,
        "Interest Expense Non Operating": NaN,
        "Interest Income Non Operating": NaN,
        "Operating Income": 72046000.0,
        "Operating Expense": 148451000.0,
        "Research And Development": 25132000.0,
        "Selling General And Administration": 123319000.0,
        "Selling And Marketing Expense": 52483000.0,
        "General And Administrative Expense": 70836000.0,
        "Other Gand A": 70836000.0,
        "Gross Profit": 220497000.0,
        "Cost Of Revenue": 281213000.0,
        "Total Revenue": 501710000.0,
        "Operating Revenue": 501710000.0
    },
    "2024-03-31": {
        "Tax Effect Of Unusual Items": 28314.0,
        "Tax Rate For Calcs": 0.234,
        "Normalized EBITDA": 117014000.0,
        "Total Unusual Items": 121000.0,
        "Total Unusual Items Excluding Goodwill": 121000.0,
        "Net Income From Continuing Operation Net Minority Interest": 75430000.0,
        "Reconciled Depreciation": 19189000.0,
        "Reconciled Cost Of Revenue": 286023000.0,
        "EBITDA": 117135000.0,
        "EBIT": 97946000.0,
        "Net Interest Income": 351000.0,
        "Interest Expense": NaN,
        "Interest Income": 351000.0,
        "Normalized Income": 75337314.0,
        "Net Income From Continuing And Discontinued Operation": 75430000.0,
        "Total Expenses": 432633000.0,
        "Total Operating Income As Reported": 96098000.0,
        "Diluted Average Shares": 42630000.0,
        "Basic Average Shares": 42386000.0,
        "Diluted EPS": 1.77,
        "Basic EPS": 1.78,
        "Diluted NI Availto Com Stockholders": 75430000.0,
        "Net Income Common Stockholders": 75430000.0,
        "Net Income": 75430000.0,
        "Net Income Including Noncontrolling Interests": 75430000.0,
        "Net Income Continuous Operations": 75430000.0,
        "Tax Provision": 22988000.0,
        "Pretax Income": 98418000.0,
        "Other Income Expense": 121000.0,
        "Special Income Charges": -1848000.0,
        "Gain On Sale Of Ppe": 198000.0,
        "Restructuring And Mergern Acquisition": 2046000.0,
        "Gain On Sale Of Security": 1969000.0,
        "Net Non Operating Interest Income Expense": 351000.0,
        "Interest Expense Non Operating": NaN,
        "Interest Income Non Operating": 351000.0,
        "Operating Income": 97946000.0,
        "Operating Expense": 146610000.0,
        "Research And Development": 21918000.0,
        "Selling General And Administration": 124692000.0,
        "Selling And Marketing Expense": 54499000.0,
        "General And Administrative Expense": 70193000.0,
        "Other Gand A": 70193000.0,
        "Gross Profit": 244556000.0,
        "Cost Of Revenue": 286023000.0,
        "Total Revenue": 530579000.0,
        "Operating Revenue": 530579000.0
    }
}