{
    "2023-06-30": {
        "Tax Effect Of Unusual Items": 0.0,
        "Tax Rate For Calcs": 0.327,
        "Normalized EBITDA": 478400000.0,
        "Total Unusual Items": 0.0,
        "Total Unusual Items Excluding Goodwill": 0.0,
        "Net Income From Continuing Operation Net Minority Interest": 130700000.0,
        "Reconciled Depreciation": 165900000.0,
        "Reconciled Cost Of Revenue": 721500000.0,
        "EBITDA": 478400000.0,
        "EBIT": 312500000.0,
        "Net Interest Income": -118000000.0,
        "Interest Expense": 118000000.0,
        "Normalized Income": 130700000.0,
        "Net Income From Continuing And Discontinued Operation": 130700000.0,
        "Total Expenses": 1074400000.0,
        "Total Operating Income As Reported": 288200000.0,
        "Diluted Average Shares": 255000000.0,
        "Basic Average Shares": 248500000.0,
        "Diluted EPS": 0.51,
        "Basic EPS": 0.53,
        "Diluted NI Availto Com Stockholders": 130700000.0,
        "Net Income Common Stockholders": 130700000.0,
        "Net Income": 130700000.0,
        "Minority Interests": -200000.0,
        "Net Income Including Noncontrolling Interests": 130900000.0,
        "Net Income Continuous Operations": 130900000.0,
        "Tax Provision": 63600000.0,
        "Pretax Income": 194500000.0,
        "Other Income Expense": 24300000.0,
        "Other Non Operating Income Expenses": 14900000.0,
        "Special Income Charges": 0.0,
        "Other Special Charges": NaN,
        "Write Off": NaN,
        "Earnings From Equity Interest": 9400000.0,
        "Gain On Sale Of Security": NaN,
        "Net Non Operating Interest Income Expense": -118000000.0,
        "Interest Expense Non Operating": 118000000.0,
        "Operating Income": 288200000.0,
        "Operating Expense": 352900000.0,
        "Research And Development": 119600000.0,
        "Selling General And Administration": 233300000.0,
        "Selling And Marketing Expense": 137100000.0,
        "General And Administrative Expense": 96200000.0,
        "Other Gand A": 96200000.0,
        "Gross Profit": 641100000.0,
        "Cost Of Revenue": 721500000.0,
        "Total Revenue": 1362600000.0,
        "Operating Revenue": 1362600000.0
    },
    "2023-03-31": {
        "Tax Effect Of Unusual Items": NaN,
        "Tax Rate For Calcs": NaN,
        "Normalized EBITDA": NaN,
        "Total Unusual Items": NaN,
        "Total Unusual Items Excluding Goodwill": NaN,
        "Net Income From Continuing Operation Net Minority Interest": NaN,
        "Reconciled Depreciation": NaN,
        "Reconciled Cost Of Revenue": NaN,
        "EBITDA": NaN,
        "EBIT": NaN,
        "Net Interest Income": NaN,
        "Interest Expense": NaN,
        "Normalized Income": NaN,
        "Net Income From Continuing And Discontinued Operation": NaN,
        "Total Expenses": NaN,
        "Total Operating Income As Reported": NaN,
        "Diluted Average Shares": NaN,
        "Basic Average Shares": NaN,
        "Diluted EPS": NaN,
        "Basic EPS": NaN,
        "Diluted NI Availto Com Stockholders": NaN,
        "Net Income Common Stockholders": NaN,
        "Net Income": NaN,
        "Minority Interests": NaN,
        "Net Income Including Noncontrolling Interests": NaN,
        "Net Income Continuous Operations": NaN,
        "Tax Provision": NaN,
        "Pretax Income": NaN,
        "Other Income Expense": NaN,
        "Other Non Operating Income Expenses": NaN,
        "Special Income Charges": NaN,
        "Other Special Charges": 600000.0,
        "Write Off": 6100000.0,
        "Earnings From Equity Interest": NaN,
        "Gain On Sale Of Security": 10200000.0,
        "Net Non Operating Interest Income Expense": NaN,
        "Interest Expense Non Operating": NaN,
        "Operating Income": NaN,
        "Operating Expense": NaN,
        "Research And Development": NaN,
        "Selling General And Administration": NaN,
        "Selling And Marketing Expense": NaN,
        "General And Administrative Expense": NaN,
        "Other Gand A": NaN,
        "Gross Profit": NaN,
        "Cost Of Revenue": NaN,
        "Total Revenue": NaN,
        "Operating Revenue": NaN
    },
    "2022-12-31": {
        "Tax Effect Of Unusual Items": NaN,
        "Tax Rate For Calcs": NaN,
        "Normalized EBITDA": NaN,
        "Total Unusual Items": NaN,
        "Total Unusual Items Excluding Goodwill": NaN,
        "Net Income From Continuing Operation Net Minority Interest": NaN,
        "Reconciled Depreciation": NaN,
        "Reconciled Cost Of Revenue": NaN,
        "EBITDA": NaN,
        "EBIT": NaN,
        "Net Interest Income": NaN,
        "Interest Expense": NaN,
        "Normalized Income": NaN,
        "Net Income From Continuing And Discontinued Operation": NaN,
        "Total Expenses": NaN,
        "Total Operating Income As Reported": NaN,
        "Diluted Average Shares": NaN,
        "Basic Average Shares": NaN,
        "Diluted EPS": NaN,
        "Basic EPS": NaN,
        "Diluted NI Availto Com Stockholders": NaN,
        "Net Income Common Stockholders": NaN,
        "Net Income": NaN,
        "Minority Interests": NaN,
        "Net Income Including Noncontrolling Interests": NaN,
        "Net Income Continuous Operations": NaN,
        "Tax Provision": NaN,
        "Pretax Income": NaN,
        "Other Income Expense": NaN,
        "Other Non Operating Income Expenses": NaN,
        "Special Income Charges": NaN,
        "Other Special Charges": 1400000.0,
        "Write Off": NaN,
        "Earnings From Equity Interest": NaN,
        "Gain On Sale Of Security": NaN,
        "Net Non Operating Interest Income Expense": NaN,
        "Interest Expense Non Operating": NaN,
        "Operating Income": NaN,
        "Operating Expense": NaN,
        "Research And Development": NaN,
        "Selling General And Administration": NaN,
        "Selling And Marketing Expense": NaN,
        "General And Administrative Expense": NaN,
        "Other Gand A": NaN,
        "Gross Profit": NaN,
        "Cost Of Revenue": NaN,
        "Total Revenue": NaN,
        "Operating Revenue": NaN
    },
    "2022-09-30": {
        "Tax Effect Of Unusual Items": -250469.043152,
        "Tax Rate For Calcs": 0.250469,
        "Normalized EBITDA": 464800000.0,
        "Total Unusual Items": -1000000.0,
        "Total Unusual Items Excluding Goodwill": -1000000.0,
        "Net Income From Continuing Operation Net Minority Interest": 160000000.0,
        "Reconciled Depreciation": 164600000.0,
        "Reconciled Cost Of Revenue": 697200000.0,
        "EBITDA": 463800000.0,
        "EBIT": 299200000.0,
        "Net Interest Income": -86000000.0,
        "Interest Expense": 86000000.0,
        "Normalized Income": 160749530.956848,
        "Net Income From Continuing And Discontinued Operation": 160000000.0,
        "Total Expenses": 1016800000.0,
        "Total Operating Income As Reported": 304200000.0,
        "Diluted Average Shares": 260900000.0,
        "Basic Average Shares": 253900000.0,
        "Diluted EPS": 0.61,
        "Basic EPS": 0.63,
        "Diluted NI Availto Com Stockholders": 160000000.0,
        "Net Income Common Stockholders": 160000000.0,
        "Net Income": 160000000.0,
        "Minority Interests": 200000.0,
        "Net Income Including Noncontrolling Interests": 159800000.0,
        "Net Income Continuous Operations": 159800000.0,
        "Tax Provision": 53400000.0,
        "Pretax Income": 213200000.0,
        "Other Income Expense": -5000000.0,
        "Other Non Operating Income Expenses": 1100000.0,
        "Special Income Charges": -1000000.0,
        "Other Special Charges": 1000000.0,
        "Earnings From Equity Interest": -5100000.0,
        "Net Non Operating Interest Income Expense": -86000000.0,
        "Interest Expense Non Operating": 86000000.0,
        "Operating Income": 304200000.0,
        "Operating Expense": 319600000.0,
        "Research And Development": 107600000.0,
        "Selling General And Administration": 212000000.0,
        "Selling And Marketing Expense": 120900000.0,
        "General And Administrative Expense": 91100000.0,
        "Other Gand A": 91100000.0,
        "Gross Profit": 623800000.0,
        "Cost Of Revenue": 697200000.0,
        "Total Revenue": 1321000000.0,
        "Operating Revenue": 1321000000.0
    },
    "2022-06-30": {
        "Tax Effect Of Unusual Items": -901093.247588,
        "Tax Rate For Calcs": 0.290675,
        "Normalized EBITDA": 390300000.0,
        "Total Unusual Items": -3100000.0,
        "Total Unusual Items Excluding Goodwill": -3100000.0,
        "Net Income From Continuing Operation Net Minority Interest": 110600000.0,
        "Reconciled Depreciation": 164000000.0,
        "Reconciled Cost Of Revenue": 704400000.0,
        "EBITDA": 387200000.0,
        "EBIT": 223200000.0,
        "Net Interest Income": -67700000.0,
        "Interest Expense": 67700000.0,
        "Normalized Income": 112798906.752412,
        "Net Income From Continuing And Discontinued Operation": 110600000.0,
        "Total Expenses": 1083100000.0,
        "Total Operating Income As Reported": 245600000.0,
        "Diluted Average Shares": 263900000.0,
        "Basic Average Shares": 254900000.0,
        "Diluted EPS": 0.42,
        "Basic EPS": 0.43,
        "Diluted NI Availto Com Stockholders": 110600000.0,
        "Net Income Common Stockholders": 110600000.0,
        "Net Income": 110600000.0,
        "Minority Interests": 300000.0,
        "Net Income Including Noncontrolling Interests": 110300000.0,
        "Net Income Continuous Operations": 110300000.0,
        "Tax Provision": 45200000.0,
        "Pretax Income": 155500000.0,
        "Other Income Expense": -22400000.0,
        "Other Non Operating Income Expenses": -20400000.0,
        "Special Income Charges": -3100000.0,
        "Other Special Charges": 3100000.0,
        "Earnings From Equity Interest": 1100000.0,
        "Net Non Operating Interest Income Expense": -67700000.0,
        "Interest Expense Non Operating": 67700000.0,
        "Operating Income": 245600000.0,
        "Operating Expense": 378700000.0,
        "Research And Development": 118400000.0,
        "Selling General And Administration": 260300000.0,
        "Selling And Marketing Expense": 139300000.0,
        "General And Administrative Expense": 121000000.0,
        "Other Gand A": 121000000.0,
        "Gross Profit": 624300000.0,
        "Cost Of Revenue": 704400000.0,
        "Total Revenue": 1328700000.0,
        "Operating Revenue": 1328700000.0
    },
    "2022-03-31": {
        "Diluted EPS": 0.64,
        "Total Revenue": NaN,
        "Gross Profit": 620,
        "Operating Income": 292,
        "EBIT": 460,
        "Net Income": 172
    },
    "2021-12-31": {
        "Diluted EPS": 0.94,
        "Total Revenue": NaN,
        "Gross Profit": 631,
        "Operating Income": 320,
        "EBIT": 491,
        "Net Income": 251
    },
    "2021-09-30": {
        "Diluted EPS": 0.69,
        "Total Revenue": NaN,
        "Gross Profit": 624,
        "Operating Income": 340,
        "EBIT": 508,
        "Net Income": 184
    },
    "2021-06-30": {
        "Diluted EPS": 0.71,
        "Total Revenue": NaN,
        "Gross Profit": 595,
        "Operating Income": 313,
        "EBIT": 482,
        "Net Income": 190
    },
    "2021-03-31": {
        "Diluted EPS": 0.65,
        "Total Revenue": NaN,
        "Gross Profit": 559,
        "Operating Income": 269,
        "EBIT": 442,
        "Net Income": 175
    },
    "2020-12-31": {
        "Diluted EPS": 0.74,
        "Total Revenue": NaN,
        "Gross Profit": 551,
        "Operating Income": 269,
        "EBIT": 453,
        "Net Income": 197
    },
    "2020-09-30": {
        "Diluted EPS": 0.6,
        "Total Revenue": NaN,
        "Gross Profit": 524,
        "Operating Income": 257,
        "EBIT": 441,
        "Net Income": 159
    },
    "2020-06-30": {
        "Diluted EPS": 0.64,
        "Total Revenue": NaN,
        "Gross Profit": 511,
        "Operating Income": 241,
        "EBIT": 424,
        "Net Income": 170
    },
    "2020-03-31": {
        "Diluted EPS": 0.37,
        "Total Revenue": NaN,
        "Gross Profit": 508,
        "Operating Income": 219,
        "EBIT": 407,
        "Net Income": 99
    },
    "2019-12-31": {
        "Diluted EPS": 0.54,
        "Total Revenue": NaN,
        "Gross Profit": 546,
        "Operating Income": 261,
        "EBIT": 469,
        "Net Income": 142
    },
    "2019-09-30": {
        "Diluted EPS": 0.36,
        "Total Revenue": NaN,
        "Gross Profit": 502,
        "Operating Income": 228,
        "EBIT": 422,
        "Net Income": 95
    },
    "2019-06-30": {
        "Diluted EPS": 0.45,
        "Total Revenue": NaN,
        "Gross Profit": 499,
        "Operating Income": 224,
        "EBIT": 418,
        "Net Income": 121
    },
    "2019-03-31": {
        "Diluted EPS": 0.31,
        "Total Revenue": NaN,
        "Gross Profit": 475,
        "Operating Income": 202,
        "EBIT": 409,
        "Net Income": 81
    },
    "2018-12-31": {
        "Diluted EPS": 0.22,
        "Total Revenue": NaN,
        "Gross Profit": 473,
        "Operating Income": 212,
        "EBIT": 392,
        "Net Income": 59
    },
    "2018-09-30": {
        "Diluted EPS": 0.23,
        "Total Revenue": 992,
        "Gross Profit": 412,
        "Operating Income": 181,
        "EBIT": 330,
        "Net Income": 57
    },
    "2018-06-30": {
        "Diluted EPS": -0.27,
        "Total Revenue": 896,
        "Gross Profit": 292,
        "Operating Income": -51,
        "EBIT": 88,
        "Net Income": -64
    },
    "2018-03-31": {
        "Diluted EPS": 0.24,
        "Total Revenue": 422,
        "Gross Profit": 192,
        "Operating Income": 87,
        "EBIT": 151,
        "Net Income": 51
    },
    "2017-12-31": {
        "Diluted EPS": 0.78,
        "Total Revenue": 438,
        "Gross Profit": 213,
        "Operating Income": 113,
        "EBIT": 176,
        "Net Income": 165
    },
    "2017-09-30": {
        "Diluted EPS": 0.3,
        "Total Revenue": 418,
        "Gross Profit": 198,
        "Operating Income": 104,
        "EBIT": 166,
        "Net Income": 64
    },
    "2017-06-30": {
        "Diluted EPS": 0.24,
        "Total Revenue": 411,
        "Gross Profit": 187,
        "Operating Income": 90,
        "EBIT": 151,
        "Net Income": 51
    },
    "2017-03-31": {
        "Diluted EPS": 0.23,
        "Total Revenue": 408,
        "Gross Profit": 190,
        "Operating Income": 90,
        "EBIT": 151,
        "Net Income": 48
    },
    "2016-12-31": {
        "Diluted EPS": 0.28,
        "Total Revenue": 401,
        "Gross Profit": 196,
        "Operating Income": 95,
        "EBIT": 156,
        "Net Income": 57
    },
    "2016-09-30": {
        "Diluted EPS": 0.19,
        "Total Revenue": 383,
        "Gross Profit": 175,
        "Operating Income": 77,
        "EBIT": 137,
        "Net Income": 39
    },
    "2016-06-30": {
        "Diluted EPS": 0.14,
        "Total Revenue": 373,
        "Gross Profit": 163,
        "Operating Income": 66,
        "EBIT": 127,
        "Net Income": 28
    },
    "2016-03-31": {
        "Diluted EPS": 0.03,
        "Total Revenue": 324,
        "Gross Profit": 147,
        "Operating Income": 50,
        "EBIT": 108,
        "Net Income": 7
    },
    "2015-12-31": {
        "Diluted EPS": 0.03,
        "Total Revenue": 301,
        "Gross Profit": 142,
        "Operating Income": 48,
        "EBIT": 101,
        "Net Income": 12
    },
    "2015-09-30": {
        "Diluted EPS": -0.18,
        "Total Revenue": 281,
        "Gross Profit": 129,
        "Operating Income": 15,
        "EBIT": 66,
        "Net Income": -35
    },
    "2015-06-30": {
        "Diluted EPS": 0.22,
        "Total Revenue": 213,
        "Gross Profit": 103,
        "Operating Income": 58,
        "EBIT": 86,
        "Net Income": 39
    },
    "2015-03-31": {
        "Diluted EPS": 0.15,
        "Total Revenue": 206,
        "Gross Profit": 93,
        "Operating Income": 43,
        "EBIT": 71,
        "Net Income": 26
    },
    "2014-12-31": {
        "Diluted EPS": 0.21,
        "Total Revenue": 201,
        "Gross Profit": 95,
        "Operating Income": 54,
        "EBIT": 80,
        "Net Income": 37
    },
    "2014-09-30": {
        "Diluted EPS": 0.24,
        "Total Revenue": 193,
        "Gross Profit": 91,
        "Operating Income": 54,
        "EBIT": 80,
        "Net Income": 41
    },
    "2014-06-30": {
        "Diluted EPS": 0.16,
        "Total Revenue": 189,
        "Gross Profit": 86,
        "Operating Income": 45,
        "EBIT": 72,
        "Net Income": 27
    },
    "2014-03-31": {
        "Diluted EPS": 0.15,
        "Total Revenue": 186,
        "Gross Profit": 84,
        "Operating Income": 47,
        "EBIT": 73,
        "Net Income": 26
    },
    "2013-12-31": {
        "Diluted EPS": 0.15,
        "Total Revenue": 183,
        "Gross Profit": 84,
        "Operating Income": 48,
        "EBIT": 75,
        "Net Income": 27
    },
    "2013-09-30": {
        "Diluted EPS": 0.26,
        "Total Revenue": 180,
        "Gross Profit": 83,
        "Operating Income": 48,
        "EBIT": 74,
        "Net Income": 43
    },
    "2013-06-30": {
        "Diluted EPS": 0.16,
        "Total Revenue": 177,
        "Gross Profit": 81,
        "Operating Income": 45,
        "EBIT": 72,
        "Net Income": 26
    },
    "2013-03-31": {
        "Diluted EPS": 0.13,
        "Total Revenue": 173,
        "Gross Profit": 76,
        "Operating Income": 42,
        "EBIT": 68,
        "Net Income": 21
    },
    "2012-12-31": {
        "Diluted EPS": 0.1,
        "Total Revenue": 172,
        "Gross Profit": 76,
        "Operating Income": 43,
        "EBIT": 69,
        "Net Income": 16
    },
    "2012-09-30": {
        "Diluted EPS": 0.11,
        "Total Revenue": 166,
        "Gross Profit": 72,
        "Operating Income": 37,
        "EBIT": 63,
        "Net Income": 18
    },
    "2012-06-30": {
        "Diluted EPS": -0.04,
        "Total Revenue": 121,
        "Gross Profit": 58,
        "Operating Income": 21,
        "EBIT": 43,
        "Net Income": -6
    },
    "2012-03-31": {
        "Diluted EPS": 0.11,
        "Total Revenue": 94,
        "Gross Profit": 47,
        "Operating Income": 22,
        "EBIT": 32,
        "Net Income": 18
    },
    "2011-12-31": {
        "Diluted EPS": 0.09,
        "Total Revenue": 96,
        "Gross Profit": 48,
        "Operating Income": 24,
        "EBIT": 37,
        "Net Income": 13
    },
    "2011-09-30": {
        "Diluted EPS": 0.09,
        "Total Revenue": 94,
        "Gross Profit": 48,
        "Operating Income": 24,
        "EBIT": 35,
        "Net Income": 15
    },
    "2011-06-30": {
        "Diluted EPS": 0.08,
        "Total Revenue": 92,
        "Gross Profit": 46,
        "Operating Income": 23,
        "EBIT": 34,
        "Net Income": 13
    },
    "2011-03-31": {
        "Diluted EPS": 0.06,
        "Total Revenue": 89,
        "Gross Profit": 45,
        "Operating Income": 23,
        "EBIT": 35,
        "Net Income": 10
    },
    "2010-12-31": {
        "Diluted EPS": 0.06,
        "Total Revenue": 86,
        "Gross Profit": 43,
        "Operating Income": 21,
        "EBIT": 32,
        "Net Income": 9
    },
    "2010-09-30": {
        "Diluted EPS": 0.07,
        "Total Revenue": 83,
        "Gross Profit": 41,
        "Operating Income": 20,
        "EBIT": 30,
        "Net Income": 10
    },
    "2010-06-30": {
        "Diluted EPS": 0.03,
        "Total Revenue": 82,
        "Gross Profit": 41,
        "Operating Income": 20,
        "EBIT": 32,
        "Net Income": 4
    },
    "2010-03-31": {
        "Diluted EPS": 0.07,
        "Total Revenue": 78,
        "Gross Profit": 39,
        "Operating Income": 19,
        "EBIT": 30,
        "Net Income": 9
    },
    "2009-12-31": {
        "Diluted EPS": 0.05,
        "Total Revenue": 71,
        "Gross Profit": 36,
        "Operating Income": 19,
        "EBIT": 29,
        "Net Income": 6
    },
    "2009-09-30": {
        "Diluted EPS": 0.05,
        "Total Revenue": 69,
        "Gross Profit": 34,
        "Operating Income": 18,
        "EBIT": 27,
        "Net Income": 6
    },
    "2009-06-30": {
        "Diluted EPS": 0.03,
        "Total Revenue": 67,
        "Gross Profit": 33,
        "Operating Income": 16,
        "EBIT": 25,
        "Net Income": 3
    },
    "2009-03-31": {
        "Diluted EPS": 0.03,
        "Total Revenue": 64,
        "Gross Profit": 31,
        "Operating Income": 14,
        "EBIT": 24,
        "Net Income": 4
    },
    "2023-09-30": {
        "Tax Effect Of Unusual Items": -123000.0,
        "Tax Rate For Calcs": 0.246,
        "Normalized EBITDA": 497500000.0,
        "Total Unusual Items": -500000.0,
        "Total Unusual Items Excluding Goodwill": -500000.0,
        "Net Income From Continuing Operation Net Minority Interest": 156000000.0,
        "Reconciled Depreciation": 168600000.0,
        "Reconciled Cost Of Revenue": 711500000.0,
        "EBITDA": 497000000.0,
        "EBIT": 328400000.0,
        "Net Interest Income": -120600000.0,
        "Interest Expense": 120600000.0,
        "Normalized Income": 156377000.0,
        "Net Income From Continuing And Discontinued Operation": 156000000.0,
        "Total Expenses": 1059500000.0,
        "Total Operating Income As Reported": 306400000.0,
        "Diluted Average Shares": 253900000.0,
        "Basic Average Shares": 247500000.0,
        "Diluted EPS": 0.61,
        "Basic EPS": 0.63,
        "Diluted NI Availto Com Stockholders": 156000000.0,
        "Net Income Common Stockholders": 156000000.0,
        "Net Income": 156000000.0,
        "Minority Interests": -600000.0,
        "Net Income Including Noncontrolling Interests": 156600000.0,
        "Net Income Continuous Operations": 156600000.0,
        "Tax Provision": 51200000.0,
        "Pretax Income": 207800000.0,
        "Other Income Expense": 22000000.0,
        "Other Non Operating Income Expenses": -5000000.0,
        "Special Income Charges": -500000.0,
        "Other Special Charges": 500000.0,
        "Write Off": NaN,
        "Earnings From Equity Interest": 27500000.0,
        "Gain On Sale Of Security": NaN,
        "Net Non Operating Interest Income Expense": -120600000.0,
        "Interest Expense Non Operating": 120600000.0,
        "Operating Income": 306400000.0,
        "Operating Expense": 348000000.0,
        "Research And Development": 117700000.0,
        "Selling General And Administration": 230300000.0,
        "Selling And Marketing Expense": 134700000.0,
        "General And Administrative Expense": 95600000.0,
        "Other Gand A": 95600000.0,
        "Gross Profit": 654400000.0,
        "Cost Of Revenue": 711500000.0,
        "Total Revenue": 1365900000.0,
        "Operating Revenue": 1365900000.0
    },
    "2023-12-31": {
        "Tax Effect Of Unusual Items": -295627.032888,
        "Tax Rate For Calcs": 0.295627,
        "Normalized EBITDA": 573500000.0,
        "Total Unusual Items": -1000000.0,
        "Total Unusual Items Excluding Goodwill": -1000000.0,
        "Net Income From Continuing Operation Net Minority Interest": 194400000.0,
        "Reconciled Depreciation": 170000000.0,
        "Reconciled Cost Of Revenue": 692300000.0,
        "EBITDA": 572500000.0,
        "EBIT": 402500000.0,
        "Net Interest Income": -119300000.0,
        "Interest Expense": 125800000.0,
        "Normalized Income": 195104372.967112,
        "Net Income From Continuing And Discontinued Operation": 194400000.0,
        "Total Expenses": 1077400000.0,
        "Total Operating Income As Reported": 334200000.0,
        "Diluted Average Shares": 252100000.0,
        "Basic Average Shares": 246700000.0,
        "Diluted EPS": 0.77,
        "Basic EPS": 0.79,
        "Diluted NI Availto Com Stockholders": 194400000.0,
        "Net Income Common Stockholders": 194400000.0,
        "Net Income": 194400000.0,
        "Minority Interests": -500000.0,
        "Net Income Including Noncontrolling Interests": 194900000.0,
        "Net Income Continuous Operations": 194900000.0,
        "Tax Provision": 81800000.0,
        "Pretax Income": 276700000.0,
        "Other Income Expense": 61800000.0,
        "Other Non Operating Income Expenses": 5400000.0,
        "Special Income Charges": -1000000.0,
        "Other Special Charges": 1000000.0,
        "Write Off": NaN,
        "Earnings From Equity Interest": 57400000.0,
        "Gain On Sale Of Security": NaN,
        "Net Non Operating Interest Income Expense": -119300000.0,
        "Interest Expense Non Operating": 125800000.0,
        "Operating Income": 334200000.0,
        "Operating Expense": 385100000.0,
        "Research And Development": 118300000.0,
        "Selling General And Administration": 266800000.0,
        "Selling And Marketing Expense": 139300000.0,
        "General And Administrative Expense": 127500000.0,
        "Other Gand A": 127500000.0,
        "Gross Profit": 719300000.0,
        "Cost Of Revenue": 692300000.0,
        "Total Revenue": 1411600000.0,
        "Operating Revenue": 1411600000.0
    },
    "2024-03-31": {
        "Tax Effect Of Unusual Items": 1395900.0,
        "Tax Rate For Calcs": 0.297,
        "Normalized EBITDA": 501500000.0,
        "Total Unusual Items": 4700000.0,
        "Total Unusual Items Excluding Goodwill": 4700000.0,
        "Net Income From Continuing Operation Net Minority Interest": 157600000.0,
        "Reconciled Depreciation": 165500000.0,
        "Reconciled Cost Of Revenue": 727800000.0,
        "EBITDA": 506200000.0,
        "EBIT": 340700000.0,
        "Net Interest Income": -116000000.0,
        "Interest Expense": 116000000.0,
        "Normalized Income": 154295900.0,
        "Net Income From Continuing And Discontinued Operation": 157600000.0,
        "Total Expenses": 1102100000.0,
        "Total Operating Income As Reported": 332900000.0,
        "Diluted Average Shares": 253300000.0,
        "Basic Average Shares": 247000000.0,
        "Diluted EPS": 0.62,
        "Basic EPS": 0.64,
        "Diluted NI Availto Com Stockholders": 157600000.0,
        "Net Income Common Stockholders": 157600000.0,
        "Net Income": 157600000.0,
        "Minority Interests": -400000.0,
        "Net Income Including Noncontrolling Interests": 158000000.0,
        "Net Income Continuous Operations": 158000000.0,
        "Tax Provision": 66700000.0,
        "Pretax Income": 224700000.0,
        "Other Income Expense": 7800000.0,
        "Other Non Operating Income Expenses": 800000.0,
        "Special Income Charges": -1100000.0,
        "Other Special Charges": 1100000.0,
        "Write Off": NaN,
        "Earnings From Equity Interest": 2300000.0,
        "Gain On Sale Of Security": 5800000.0,
        "Net Non Operating Interest Income Expense": -116000000.0,
        "Interest Expense Non Operating": 116000000.0,
        "Operating Income": 332900000.0,
        "Operating Expense": 374300000.0,
        "Research And Development": 120900000.0,
        "Selling General And Administration": 253400000.0,
        "Selling And Marketing Expense": 140900000.0,
        "General And Administrative Expense": 112500000.0,
        "Other Gand A": 112500000.0,
        "Gross Profit": 707200000.0,
        "Cost Of Revenue": 727800000.0,
        "Total Revenue": 1435000000.0,
        "Operating Revenue": 1435000000.0
    },
    "2024-06-30": {
        "Tax Effect Of Unusual Items": -1855900.0,
        "Tax Rate For Calcs": 0.067,
        "Normalized EBITDA": 513000000.0,
        "Total Unusual Items": -27700000.0,
        "Total Unusual Items Excluding Goodwill": -27700000.0,
        "Net Income From Continuing Operation Net Minority Interest": 190300000.0,
        "Reconciled Depreciation": 167500000.0,
        "Reconciled Cost Of Revenue": 753200000.0,
        "EBITDA": 485300000.0,
        "EBIT": 317800000.0,
        "Net Interest Income": -113300000.0,
        "Interest Expense": 113300000.0,
        "Normalized Income": 216144100.0,
        "Net Income From Continuing And Discontinued Operation": 190300000.0,
        "Total Expenses": 1123900000.0,
        "Total Operating Income As Reported": 327600000.0,
        "Diluted Average Shares": 252300000.0,
        "Basic Average Shares": 246200000.0,
        "Diluted EPS": 0.75,
        "Basic EPS": 0.77,
        "Diluted NI Availto Com Stockholders": 190300000.0,
        "Net Income Common Stockholders": 190300000.0,
        "Net Income": 190300000.0,
        "Minority Interests": -400000.0,
        "Net Income Including Noncontrolling Interests": 190700000.0,
        "Net Income Continuous Operations": 190700000.0,
        "Tax Provision": 13800000.0,
        "Pretax Income": 204500000.0,
        "Other Income Expense": -9800000.0,
        "Other Non Operating Income Expenses": 600000.0,
        "Special Income Charges": -27700000.0,
        "Other Special Charges": 27700000.0,
        "Write Off": NaN,
        "Earnings From Equity Interest": 17300000.0,
        "Gain On Sale Of Security": NaN,
        "Net Non Operating Interest Income Expense": -113300000.0,
        "Interest Expense Non Operating": 113300000.0,
        "Operating Income": 327600000.0,
        "Operating Expense": 370700000.0,
        "Research And Development": 128700000.0,
        "Selling General And Administration": 242000000.0,
        "Selling And Marketing Expense": 142600000.0,
        "General And Administrative Expense": 99400000.0,
        "Other Gand A": 99400000.0,
        "Gross Profit": 698300000.0,
        "Cost Of Revenue": 753200000.0,
        "Total Revenue": 1451500000.0,
        "Operating Revenue": 1451500000.0
    }
}