{
    "2023-03-31": {
        "Tax Effect Of Unusual Items": NaN,
        "Tax Rate For Calcs": NaN,
        "Normalized EBITDA": NaN,
        "Total Unusual Items": NaN,
        "Total Unusual Items Excluding Goodwill": NaN,
        "Net Income From Continuing Operation Net Minority Interest": NaN,
        "Reconciled Depreciation": NaN,
        "Reconciled Cost Of Revenue": NaN,
        "EBITDA": NaN,
        "EBIT": NaN,
        "Net Interest Income": NaN,
        "Interest Expense": NaN,
        "Normalized Income": NaN,
        "Net Income From Continuing And Discontinued Operation": NaN,
        "Total Expenses": NaN,
        "Total Operating Income As Reported": NaN,
        "Diluted Average Shares": NaN,
        "Basic Average Shares": NaN,
        "Diluted EPS": NaN,
        "Basic EPS": NaN,
        "Diluted NI Availto Com Stockholders": NaN,
        "Net Income Common Stockholders": NaN,
        "Otherunder Preferred Stock Dividend": 0.0,
        "Preferred Stock Dividends": NaN,
        "Net Income": NaN,
        "Net Income Including Noncontrolling Interests": NaN,
        "Net Income Continuous Operations": NaN,
        "Tax Provision": NaN,
        "Pretax Income": NaN,
        "Other Income Expense": NaN,
        "Other Non Operating Income Expenses": NaN,
        "Special Income Charges": NaN,
        "Gain On Sale Of Ppe": NaN,
        "Impairment Of Capital Assets": NaN,
        "Restructuring And Mergern Acquisition": NaN,
        "Net Non Operating Interest Income Expense": NaN,
        "Interest Expense Non Operating": NaN,
        "Operating Income": NaN,
        "Operating Expense": NaN,
        "Depreciation Amortization Depletion Income Statement": NaN,
        "Depreciation And Amortization In Income Statement": NaN,
        "Amortization": NaN,
        "Amortization Of Intangibles Income Statement": NaN,
        "Depreciation Income Statement": NaN,
        "Selling General And Administration": NaN,
        "General And Administrative Expense": NaN,
        "Other Gand A": NaN,
        "Salaries And Wages": NaN,
        "Gross Profit": NaN,
        "Cost Of Revenue": NaN,
        "Total Revenue": NaN,
        "Operating Revenue": NaN
    },
    "2022-12-31": {
        "Tax Effect Of Unusual Items": NaN,
        "Tax Rate For Calcs": NaN,
        "Normalized EBITDA": NaN,
        "Total Unusual Items": NaN,
        "Total Unusual Items Excluding Goodwill": NaN,
        "Net Income From Continuing Operation Net Minority Interest": NaN,
        "Reconciled Depreciation": NaN,
        "Reconciled Cost Of Revenue": NaN,
        "EBITDA": NaN,
        "EBIT": NaN,
        "Net Interest Income": NaN,
        "Interest Expense": NaN,
        "Normalized Income": NaN,
        "Net Income From Continuing And Discontinued Operation": NaN,
        "Total Expenses": NaN,
        "Total Operating Income As Reported": NaN,
        "Diluted Average Shares": NaN,
        "Basic Average Shares": NaN,
        "Diluted EPS": NaN,
        "Basic EPS": NaN,
        "Diluted NI Availto Com Stockholders": NaN,
        "Net Income Common Stockholders": NaN,
        "Otherunder Preferred Stock Dividend": NaN,
        "Preferred Stock Dividends": NaN,
        "Net Income": NaN,
        "Net Income Including Noncontrolling Interests": NaN,
        "Net Income Discontinuous Operations": 0.0,
        "Net Income Continuous Operations": NaN,
        "Tax Provision": NaN,
        "Pretax Income": NaN,
        "Other Income Expense": NaN,
        "Other Non Operating Income Expenses": NaN,
        "Special Income Charges": NaN,
        "Gain On Sale Of Ppe": NaN,
        "Gain On Sale Of Business": 0.0,
        "Other Special Charges": -7355000.0,
        "Impairment Of Capital Assets": NaN,
        "Restructuring And Mergern Acquisition": NaN,
        "Net Non Operating Interest Income Expense": NaN,
        "Interest Expense Non Operating": NaN,
        "Operating Income": NaN,
        "Operating Expense": NaN,
        "Depreciation Amortization Depletion Income Statement": NaN,
        "Depreciation And Amortization In Income Statement": NaN,
        "Amortization": NaN,
        "Amortization Of Intangibles Income Statement": NaN,
        "Depreciation Income Statement": NaN,
        "Selling General And Administration": NaN,
        "General And Administrative Expense": NaN,
        "Other Gand A": NaN,
        "Salaries And Wages": NaN,
        "Gross Profit": NaN,
        "Cost Of Revenue": NaN,
        "Total Revenue": NaN,
        "Operating Revenue": NaN
    },
    "2022-09-30": {
        "Tax Effect Of Unusual Items": NaN,
        "Tax Rate For Calcs": NaN,
        "Normalized EBITDA": NaN,
        "Total Unusual Items": NaN,
        "Total Unusual Items Excluding Goodwill": NaN,
        "Net Income From Continuing Operation Net Minority Interest": NaN,
        "Reconciled Depreciation": NaN,
        "Reconciled Cost Of Revenue": NaN,
        "EBITDA": NaN,
        "EBIT": NaN,
        "Net Interest Income": NaN,
        "Interest Expense": NaN,
        "Normalized Income": NaN,
        "Net Income From Continuing And Discontinued Operation": NaN,
        "Total Expenses": NaN,
        "Total Operating Income As Reported": NaN,
        "Diluted Average Shares": NaN,
        "Basic Average Shares": NaN,
        "Diluted EPS": NaN,
        "Basic EPS": NaN,
        "Diluted NI Availto Com Stockholders": NaN,
        "Net Income Common Stockholders": NaN,
        "Otherunder Preferred Stock Dividend": 885000.0,
        "Preferred Stock Dividends": NaN,
        "Net Income": NaN,
        "Net Income Including Noncontrolling Interests": NaN,
        "Net Income Discontinuous Operations": 0.0,
        "Net Income Continuous Operations": NaN,
        "Tax Provision": NaN,
        "Pretax Income": NaN,
        "Other Income Expense": NaN,
        "Other Non Operating Income Expenses": NaN,
        "Special Income Charges": NaN,
        "Gain On Sale Of Ppe": NaN,
        "Gain On Sale Of Business": 0.0,
        "Other Special Charges": NaN,
        "Impairment Of Capital Assets": 0.0,
        "Restructuring And Mergern Acquisition": NaN,
        "Net Non Operating Interest Income Expense": NaN,
        "Interest Expense Non Operating": NaN,
        "Operating Income": NaN,
        "Operating Expense": NaN,
        "Depreciation Amortization Depletion Income Statement": NaN,
        "Depreciation And Amortization In Income Statement": NaN,
        "Amortization": NaN,
        "Amortization Of Intangibles Income Statement": NaN,
        "Depreciation Income Statement": NaN,
        "Selling General And Administration": NaN,
        "General And Administrative Expense": NaN,
        "Other Gand A": NaN,
        "Salaries And Wages": NaN,
        "Gross Profit": NaN,
        "Cost Of Revenue": NaN,
        "Total Revenue": NaN,
        "Operating Revenue": NaN
    },
    "2022-06-30": {
        "Tax Effect Of Unusual Items": -397358.781362,
        "Tax Rate For Calcs": 0.251971,
        "Normalized EBITDA": 134407000.0,
        "Total Unusual Items": -1577000.0,
        "Total Unusual Items Excluding Goodwill": -1577000.0,
        "Net Income From Continuing Operation Net Minority Interest": 41740000.0,
        "Reconciled Depreciation": 41019000.0,
        "Reconciled Cost Of Revenue": 308510000.0,
        "EBITDA": 132830000.0,
        "EBIT": 91811000.0,
        "Net Interest Income": -36011000.0,
        "Interest Expense": 36011000.0,
        "Normalized Income": 42919641.218638,
        "Net Income From Continuing And Discontinued Operation": 41740000.0,
        "Total Expenses": 503911000.0,
        "Total Operating Income As Reported": 88979000.0,
        "Diluted Average Shares": 87820000.0,
        "Basic Average Shares": 83270000.0,
        "Diluted EPS": 0.32,
        "Basic EPS": 0.34,
        "Diluted NI Availto Com Stockholders": 29163000.0,
        "Net Income Common Stockholders": 29163000.0,
        "Otherunder Preferred Stock Dividend": NaN,
        "Preferred Stock Dividends": 12577000.0,
        "Net Income": 41740000.0,
        "Net Income Including Noncontrolling Interests": 41740000.0,
        "Net Income Discontinuous Operations": 0.0,
        "Net Income Continuous Operations": 41740000.0,
        "Tax Provision": 14060000.0,
        "Pretax Income": 55800000.0,
        "Other Income Expense": 1255000.0,
        "Other Non Operating Income Expenses": 2832000.0,
        "Special Income Charges": -1577000.0,
        "Gain On Sale Of Ppe": -1577000.0,
        "Gain On Sale Of Business": 0.0,
        "Other Special Charges": NaN,
        "Impairment Of Capital Assets": NaN,
        "Restructuring And Mergern Acquisition": 0.0,
        "Net Non Operating Interest Income Expense": -36011000.0,
        "Interest Expense Non Operating": 36011000.0,
        "Operating Income": 90556000.0,
        "Operating Expense": 195401000.0,
        "Depreciation Amortization Depletion Income Statement": 41019000.0,
        "Depreciation And Amortization In Income Statement": 41019000.0,
        "Amortization": 25207000.0,
        "Amortization Of Intangibles Income Statement": 25207000.0,
        "Depreciation Income Statement": 15812000.0,
        "Selling General And Administration": 154382000.0,
        "General And Administrative Expense": NaN,
        "Other Gand A": NaN,
        "Gross Profit": 285957000.0,
        "Cost Of Revenue": 308510000.0,
        "Total Revenue": 594467000.0,
        "Operating Revenue": 584451000.0
    },
    "2022-03-31": {
        "Diluted EPS": 0.1,
        "Total Revenue": 566,
        "Gross Profit": 268,
        "Operating Income": 71,
        "EBIT": 111,
        "Net Income": 10
    },
    "2021-12-31": {
        "Diluted EPS": 0.47,
        "Total Revenue": 622,
        "Gross Profit": 335,
        "Operating Income": 124,
        "EBIT": 163,
        "Net Income": 40
    },
    "2021-09-30": {
        "Diluted EPS": 0.5,
        "Total Revenue": 555,
        "Gross Profit": 269,
        "Operating Income": 116,
        "EBIT": 158,
        "Net Income": 46
    },
    "2021-06-30": {
        "Diluted EPS": -0.09,
        "Total Revenue": 565,
        "Gross Profit": 296,
        "Operating Income": 104,
        "EBIT": 145,
        "Net Income": -7
    },
    "2021-03-31": {
        "Diluted EPS": -0.07,
        "Total Revenue": 541,
        "Gross Profit": 277,
        "Operating Income": 57,
        "EBIT": 97,
        "Net Income": -6
    },
    "2020-12-31": {
        "Diluted EPS": 2.94,
        "Total Revenue": 591,
        "Gross Profit": 344,
        "Operating Income": 174,
        "EBIT": 200,
        "Net Income": 245
    },
    "2020-09-30": {
        "Diluted EPS": 0.69,
        "Total Revenue": 493,
        "Gross Profit": 266,
        "Operating Income": 107,
        "EBIT": 134,
        "Net Income": 59
    },
    "2020-06-30": {
        "Diluted EPS": -0.27,
        "Total Revenue": 359,
        "Gross Profit": 136,
        "Operating Income": 2,
        "EBIT": 28,
        "Net Income": -22
    },
    "2020-03-31": {
        "Diluted EPS": -0.15,
        "Total Revenue": 414,
        "Gross Profit": 182,
        "Operating Income": 21,
        "EBIT": 48,
        "Net Income": -12
    },
    "2019-12-31": {
        "Diluted EPS": 0.13,
        "Total Revenue": 408,
        "Gross Profit": 62,
        "Operating Income": 55,
        "EBIT": 81,
        "Net Income": 11
    },
    "2019-09-30": {
        "Diluted EPS": -0.27,
        "Total Revenue": 331,
        "Gross Profit": 163,
        "Operating Income": 3,
        "EBIT": 25,
        "Net Income": -22
    },
    "2019-06-30": {
        "Diluted EPS": -0.01,
        "Total Revenue": 320,
        "Gross Profit": 230,
        "Operating Income": 28,
        "EBIT": 47,
        "Net Income": 0
    },
    "2019-03-31": {
        "Diluted EPS": -0.08,
        "Total Revenue": 292,
        "Gross Profit": 194,
        "Operating Income": 0,
        "EBIT": 18,
        "Net Income": -7
    },
    "2018-12-31": {
        "Diluted EPS": 0.28,
        "Total Revenue": 317,
        "Gross Profit": 139,
        "Operating Income": 86,
        "EBIT": 101,
        "Net Income": 22
    },
    "2018-09-30": {
        "Diluted EPS": 0.23,
        "Total Revenue": 303,
        "Gross Profit": 153,
        "Operating Income": 40,
        "EBIT": 56,
        "Net Income": 19
    },
    "2018-06-30": {
        "Diluted EPS": 0.06,
        "Total Revenue": 283,
        "Gross Profit": 199,
        "Operating Income": 22,
        "EBIT": 38,
        "Net Income": 6
    },
    "2018-03-31": {
        "Diluted EPS": -0.33,
        "Total Revenue": 254,
        "Gross Profit": 118,
        "Operating Income": -1,
        "EBIT": 15,
        "Net Income": -26
    },
    "2017-12-31": {
        "Diluted EPS": 0.08,
        "Total Revenue": 262,
        "Gross Profit": 317,
        "Operating Income": 18,
        "EBIT": 33,
        "Net Income": 7
    },
    "2017-09-30": {
        "Diluted EPS": -0.32,
        "Total Revenue": 201,
        "Gross Profit": 102,
        "Operating Income": -38,
        "EBIT": 11,
        "Net Income": -27
    },
    "2017-06-30": {
        "Diluted EPS": 0.1,
        "Total Revenue": 216,
        "Gross Profit": 120,
        "Operating Income": 18,
        "EBIT": 32,
        "Net Income": 9
    },
    "2017-03-31": {
        "Diluted EPS": -0.02,
        "Total Revenue": 198,
        "Gross Profit": 109,
        "Operating Income": 0,
        "EBIT": 14,
        "Net Income": -2
    },
    "2016-12-31": {
        "Diluted EPS": 0.46,
        "Total Revenue": 204,
        "Gross Profit": 133,
        "Operating Income": 58,
        "EBIT": 69,
        "Net Income": 38
    },
    "2016-09-30": {
        "Diluted EPS": 0.15,
        "Total Revenue": 233,
        "Gross Profit": 137,
        "Operating Income": 31,
        "EBIT": 46,
        "Net Income": 13
    },
    "2016-06-30": {
        "Diluted EPS": 0.13,
        "Total Revenue": 228,
        "Gross Profit": 134,
        "Operating Income": 27,
        "EBIT": 42,
        "Net Income": 11
    },
    "2016-03-31": {
        "Diluted EPS": 0.06,
        "Total Revenue": 209,
        "Gross Profit": 123,
        "Operating Income": 12,
        "EBIT": 27,
        "Net Income": 5
    },
    "2015-12-31": {
        "Diluted EPS": -0.31,
        "Total Revenue": 143,
        "Gross Profit": 56,
        "Operating Income": 14,
        "EBIT": 51,
        "Net Income": -22
    },
    "2015-09-30": {
        "Diluted EPS": -0.29,
        "Total Revenue": 190,
        "Gross Profit": 111,
        "Operating Income": -25,
        "EBIT": -9,
        "Net Income": -24
    },
    "2015-06-30": {
        "Diluted EPS": -0.37,
        "Total Revenue": 198,
        "Gross Profit": 123,
        "Operating Income": -16,
        "EBIT": -2,
        "Net Income": -31
    },
    "2015-03-31": {
        "Diluted EPS": -0.09,
        "Total Revenue": 123,
        "Gross Profit": 102,
        "Operating Income": -10,
        "EBIT": -1,
        "Net Income": -5
    },
    "2014-12-31": {
        "Diluted EPS": 0.27,
        "Total Revenue": 52,
        "Gross Profit": -52,
        "Operating Income": 20,
        "EBIT": 29,
        "Net Income": 15
    },
    "2014-09-30": {
        "Diluted EPS": -0.02,
        "Total Revenue": 123,
        "Gross Profit": 107,
        "Operating Income": 6,
        "EBIT": 14,
        "Net Income": -1
    },
    "2014-06-30": {
        "Diluted EPS": -0.06,
        "Total Revenue": 120,
        "Gross Profit": 106,
        "Operating Income": -2,
        "EBIT": 1,
        "Net Income": -3
    },
    "2014-03-31": {
        "Diluted EPS": -0.01,
        "Total Revenue": 204,
        "Gross Profit": 167,
        "Operating Income": 2,
        "EBIT": 14,
        "Net Income": -1
    },
    "2013-12-31": {
        "Diluted EPS": 0.15,
        "Total Revenue": 221,
        "Gross Profit": 164,
        "Operating Income": 17,
        "EBIT": 12,
        "Net Income": 8
    },
    "2013-09-30": {
        "Diluted EPS": -0.16,
        "Total Revenue": 190,
        "Gross Profit": 153,
        "Operating Income": -8,
        "EBIT": 4,
        "Net Income": -9
    },
    "2013-06-30": {
        "Diluted EPS": 0.05,
        "Total Revenue": 208,
        "Gross Profit": 171,
        "Operating Income": 8,
        "EBIT": 20,
        "Net Income": 3
    },
    "2013-03-31": {
        "Diluted EPS": -0.05,
        "Total Revenue": 199,
        "Gross Profit": 161,
        "Operating Income": -4,
        "EBIT": 8,
        "Net Income": -3
    },
    "2012-12-31": {
        "Diluted EPS": 0.47,
        "Total Revenue": 260,
        "Gross Profit": 221,
        "Operating Income": 45,
        "EBIT": 58,
        "Net Income": 27
    },
    "2012-09-30": {
        "Diluted EPS": 0.21,
        "Total Revenue": 220,
        "Gross Profit": 181,
        "Operating Income": 18,
        "EBIT": 30,
        "Net Income": 12
    },
    "2012-06-30": {
        "Diluted EPS": 0.09,
        "Total Revenue": 217,
        "Gross Profit": 177,
        "Operating Income": 14,
        "EBIT": 27,
        "Net Income": 5
    },
    "2012-03-31": {
        "Diluted EPS": -0.08,
        "Total Revenue": 207,
        "Gross Profit": 166,
        "Operating Income": -4,
        "EBIT": 8,
        "Net Income": -4
    },
    "2011-12-31": {
        "Diluted EPS": 0.11,
        "Total Revenue": 197,
        "Gross Profit": 121,
        "Operating Income": 7,
        "EBIT": 17,
        "Net Income": 6
    },
    "2011-09-30": {
        "Diluted EPS": -0.19,
        "Total Revenue": 168,
        "Gross Profit": 141,
        "Operating Income": -18,
        "EBIT": 1,
        "Net Income": -11
    },
    "2011-06-30": {
        "Diluted EPS": -0.04,
        "Total Revenue": 183,
        "Gross Profit": 155,
        "Operating Income": -2,
        "EBIT": 8,
        "Net Income": -2
    },
    "2011-03-31": {
        "Diluted EPS": -0.15,
        "Total Revenue": 180,
        "Gross Profit": 152,
        "Operating Income": -10,
        "EBIT": 0,
        "Net Income": -9
    },
    "2010-12-31": {
        "Diluted EPS": 0.4,
        "Total Revenue": 220,
        "Gross Profit": 145,
        "Operating Income": 29,
        "EBIT": 40,
        "Net Income": 22
    },
    "2010-09-30": {
        "Diluted EPS": 0.1,
        "Total Revenue": 184,
        "Gross Profit": 157,
        "Operating Income": 1,
        "EBIT": 11,
        "Net Income": 6
    },
    "2010-06-30": {
        "Diluted EPS": 1.55,
        "Total Revenue": 189,
        "Gross Profit": 162,
        "Operating Income": 3,
        "EBIT": 15,
        "Net Income": 89
    },
    "2010-03-31": {
        "Diluted EPS": -0.02,
        "Total Revenue": 184,
        "Gross Profit": 158,
        "Operating Income": -1,
        "EBIT": 10,
        "Net Income": -1
    },
    "2009-12-31": {
        "Diluted EPS": 0.25,
        "Total Revenue": 179,
        "Gross Profit": 154,
        "Operating Income": 9,
        "EBIT": 21,
        "Net Income": 12
    },
    "2009-09-30": {
        "Diluted EPS": -0.06,
        "Total Revenue": 169,
        "Gross Profit": 146,
        "Operating Income": -6,
        "EBIT": 4,
        "Net Income": -3
    },
    "2009-06-30": {
        "Diluted EPS": 0.04,
        "Total Revenue": 179,
        "Gross Profit": 153,
        "Operating Income": 1,
        "EBIT": 12,
        "Net Income": 2
    },
    "2009-03-31": {
        "Diluted EPS": -4.12,
        "Total Revenue": 205,
        "Gross Profit": 174,
        "Operating Income": -234,
        "EBIT": -6,
        "Net Income": -221
    },
    "2023-06-30": {
        "Tax Effect Of Unusual Items": -4341979.529526,
        "Tax Rate For Calcs": 0.006253,
        "Normalized EBITDA": 111209000.0,
        "Total Unusual Items": -694350000.0,
        "Total Unusual Items Excluding Goodwill": -694350000.0,
        "Net Income From Continuing Operation Net Minority Interest": -669829000.0,
        "Reconciled Depreciation": 38628000.0,
        "Reconciled Cost Of Revenue": 316824000.0,
        "EBITDA": -583141000.0,
        "EBIT": -621769000.0,
        "Net Interest Income": -52275000.0,
        "Interest Expense": 52275000.0,
        "Normalized Income": 20179020.470474,
        "Net Income From Continuing And Discontinued Operation": -669829000.0,
        "Total Expenses": 509580000.0,
        "Total Operating Income As Reported": -621228000.0,
        "Diluted Average Shares": 84296000.0,
        "Basic Average Shares": 84296000.0,
        "Diluted EPS": -8.1,
        "Basic EPS": -8.1,
        "Diluted NI Availto Com Stockholders": -682406000.0,
        "Net Income Common Stockholders": -682406000.0,
        "Otherunder Preferred Stock Dividend": NaN,
        "Preferred Stock Dividends": 12577000.0,
        "Net Income": -669829000.0,
        "Net Income Including Noncontrolling Interests": -669829000.0,
        "Net Income Continuous Operations": -669829000.0,
        "Tax Provision": -4215000.0,
        "Pretax Income": -674044000.0,
        "Other Income Expense": -695025000.0,
        "Other Non Operating Income Expenses": -675000.0,
        "Special Income Charges": -694350000.0,
        "Gain On Sale Of Ppe": -358000.0,
        "Impairment Of Capital Assets": 686000000.0,
        "Restructuring And Mergern Acquisition": 7992000.0,
        "Net Non Operating Interest Income Expense": -52275000.0,
        "Interest Expense Non Operating": 52275000.0,
        "Operating Income": 73256000.0,
        "Operating Expense": 192756000.0,
        "Depreciation Amortization Depletion Income Statement": 38628000.0,
        "Depreciation And Amortization In Income Statement": 38628000.0,
        "Amortization": 23491000.0,
        "Amortization Of Intangibles Income Statement": 23491000.0,
        "Depreciation Income Statement": 15137000.0,
        "Selling General And Administration": 154128000.0,
        "General And Administrative Expense": 154128000.0,
        "Other Gand A": 154262000.0,
        "Salaries And Wages": -134000.0,
        "Gross Profit": 266012000.0,
        "Cost Of Revenue": 316824000.0,
        "Total Revenue": 582836000.0,
        "Operating Revenue": 572005000.0
    },
    "2023-09-30": {
        "Tax Effect Of Unusual Items": -1211910.0,
        "Tax Rate For Calcs": 0.21,
        "Normalized EBITDA": 99013000.0,
        "Total Unusual Items": -5771000.0,
        "Total Unusual Items Excluding Goodwill": -5771000.0,
        "Net Income From Continuing Operation Net Minority Interest": -3653000.0,
        "Reconciled Depreciation": 38588000.0,
        "Reconciled Cost Of Revenue": 321227000.0,
        "EBITDA": 93242000.0,
        "EBIT": 54654000.0,
        "Net Interest Income": -56916000.0,
        "Interest Expense": 56916000.0,
        "Normalized Income": 906090.0,
        "Net Income From Continuing And Discontinued Operation": -3653000.0,
        "Total Expenses": 507413000.0,
        "Total Operating Income As Reported": 53094000.0,
        "Diluted Average Shares": 84433000.0,
        "Basic Average Shares": 84433000.0,
        "Diluted EPS": -0.19,
        "Basic EPS": -0.19,
        "Diluted NI Availto Com Stockholders": -16229000.0,
        "Net Income Common Stockholders": -16229000.0,
        "Otherunder Preferred Stock Dividend": 0.0,
        "Preferred Stock Dividends": 12576000.0,
        "Net Income": -3653000.0,
        "Net Income Including Noncontrolling Interests": -3653000.0,
        "Net Income Continuous Operations": -3653000.0,
        "Tax Provision": 1391000.0,
        "Pretax Income": -2262000.0,
        "Other Income Expense": -4462000.0,
        "Other Non Operating Income Expenses": 1309000.0,
        "Special Income Charges": -5771000.0,
        "Gain On Sale Of Ppe": -1066000.0,
        "Impairment Of Capital Assets": 0.0,
        "Restructuring And Mergern Acquisition": 4705000.0,
        "Net Non Operating Interest Income Expense": -56916000.0,
        "Interest Expense Non Operating": 56916000.0,
        "Operating Income": 59116000.0,
        "Operating Expense": 186186000.0,
        "Depreciation Amortization Depletion Income Statement": 38588000.0,
        "Depreciation And Amortization In Income Statement": 38588000.0,
        "Amortization": 23488000.0,
        "Amortization Of Intangibles Income Statement": 23488000.0,
        "Depreciation Income Statement": 15100000.0,
        "Selling General And Administration": 147598000.0,
        "General And Administrative Expense": 147598000.0,
        "Other Gand A": 147849000.0,
        "Salaries And Wages": -251000.0,
        "Gross Profit": 245302000.0,
        "Cost Of Revenue": 321227000.0,
        "Total Revenue": 566529000.0,
        "Operating Revenue": 559026000.0
    },
    "2023-12-31": {
        "Tax Effect Of Unusual Items": -2896213.649025,
        "Tax Rate For Calcs": 0.010515,
        "Normalized EBITDA": 111777000.0,
        "Total Unusual Items": -275428000.0,
        "Total Unusual Items Excluding Goodwill": -275428000.0,
        "Net Income From Continuing Operation Net Minority Interest": -255762000.0,
        "Reconciled Depreciation": 39346000.0,
        "Reconciled Cost Of Revenue": 336813000.0,
        "EBITDA": -163651000.0,
        "EBIT": -202997000.0,
        "Net Interest Income": -55483000.0,
        "Interest Expense": 55483000.0,
        "Normalized Income": 16769786.350975,
        "Net Income From Continuing And Discontinued Operation": -255762000.0,
        "Total Expenses": 541800000.0,
        "Total Operating Income As Reported": -201590000.0,
        "Diluted Average Shares": 84574000.0,
        "Basic Average Shares": 84574000.0,
        "Diluted EPS": -3.172819,
        "Basic EPS": -3.172819,
        "Diluted NI Availto Com Stockholders": -268338000.0,
        "Net Income Common Stockholders": -268338000.0,
        "Otherunder Preferred Stock Dividend": NaN,
        "Preferred Stock Dividends": 12576000.0,
        "Net Income": -255762000.0,
        "Net Income Including Noncontrolling Interests": -255762000.0,
        "Net Income Continuous Operations": -255762000.0,
        "Tax Provision": -2718000.0,
        "Pretax Income": -258480000.0,
        "Other Income Expense": -276966000.0,
        "Other Non Operating Income Expenses": -1538000.0,
        "Special Income Charges": -275428000.0,
        "Gain On Sale Of Ppe": -24000.0,
        "Impairment Of Capital Assets": 266000000.0,
        "Restructuring And Mergern Acquisition": 9404000.0,
        "Net Non Operating Interest Income Expense": -55483000.0,
        "Interest Expense Non Operating": 55483000.0,
        "Operating Income": 73969000.0,
        "Operating Expense": 204987000.0,
        "Depreciation Amortization Depletion Income Statement": 39346000.0,
        "Depreciation And Amortization In Income Statement": 39346000.0,
        "Amortization": 23911000.0,
        "Amortization Of Intangibles Income Statement": 23911000.0,
        "Depreciation Income Statement": 15435000.0,
        "Selling General And Administration": 165641000.0,
        "General And Administrative Expense": 165641000.0,
        "Other Gand A": 165772000.0,
        "Salaries And Wages": -131000.0,
        "Gross Profit": 278956000.0,
        "Cost Of Revenue": 336813000.0,
        "Total Revenue": 615769000.0,
        "Operating Revenue": 607527000.0
    },
    "2024-03-31": {
        "Tax Effect Of Unusual Items": -1084020.0,
        "Tax Rate For Calcs": 0.21,
        "Normalized EBITDA": 104236000.0,
        "Total Unusual Items": -5162000.0,
        "Total Unusual Items Excluding Goodwill": -5162000.0,
        "Net Income From Continuing Operation Net Minority Interest": 1626000.0,
        "Reconciled Depreciation": 38688000.0,
        "Reconciled Cost Of Revenue": 328533000.0,
        "EBITDA": 99074000.0,
        "EBIT": 60386000.0,
        "Net Interest Income": -54917000.0,
        "Interest Expense": 54917000.0,
        "Normalized Income": 5703980.0,
        "Net Income From Continuing And Discontinued Operation": 1626000.0,
        "Total Expenses": 512737000.0,
        "Total Operating Income As Reported": 43388000.0,
        "Diluted Average Shares": 84891000.0,
        "Basic Average Shares": 84891000.0,
        "Diluted EPS": -0.15,
        "Basic EPS": -0.15,
        "Diluted NI Availto Com Stockholders": -12751000.0,
        "Net Income Common Stockholders": -12751000.0,
        "Otherunder Preferred Stock Dividend": NaN,
        "Preferred Stock Dividends": 14377000.0,
        "Net Income": 1626000.0,
        "Net Income Including Noncontrolling Interests": 1626000.0,
        "Net Income Continuous Operations": 1626000.0,
        "Tax Provision": 3843000.0,
        "Pretax Income": 5469000.0,
        "Other Income Expense": 11659000.0,
        "Other Non Operating Income Expenses": 16821000.0,
        "Special Income Charges": -5162000.0,
        "Gain On Sale Of Ppe": -147000.0,
        "Impairment Of Capital Assets": NaN,
        "Restructuring And Mergern Acquisition": 5015000.0,
        "Net Non Operating Interest Income Expense": -54917000.0,
        "Interest Expense Non Operating": 54917000.0,
        "Operating Income": 48727000.0,
        "Operating Expense": 184204000.0,
        "Depreciation Amortization Depletion Income Statement": 38688000.0,
        "Depreciation And Amortization In Income Statement": 38688000.0,
        "Amortization": 23568000.0,
        "Amortization Of Intangibles Income Statement": 23568000.0,
        "Depreciation Income Statement": 15120000.0,
        "Selling General And Administration": 145516000.0,
        "General And Administrative Expense": 145516000.0,
        "Other Gand A": 145693000.0,
        "Salaries And Wages": -177000.0,
        "Gross Profit": 232931000.0,
        "Cost Of Revenue": 328533000.0,
        "Total Revenue": 561464000.0,
        "Operating Revenue": 552318000.0
    },
    "2024-06-30": {
        "Tax Effect Of Unusual Items": -171360.0,
        "Tax Rate For Calcs": 0.21,
        "Normalized EBITDA": 94748000.0,
        "Total Unusual Items": -816000.0,
        "Total Unusual Items Excluding Goodwill": -816000.0,
        "Net Income From Continuing Operation Net Minority Interest": 1429000.0,
        "Reconciled Depreciation": 38468000.0,
        "Reconciled Cost Of Revenue": 327107000.0,
        "EBITDA": 93932000.0,
        "EBIT": 55464000.0,
        "Net Interest Income": -52123000.0,
        "Interest Expense": 52123000.0,
        "Normalized Income": 2073640.0,
        "Net Income From Continuing And Discontinued Operation": 1429000.0,
        "Total Expenses": 516930000.0,
        "Total Operating Income As Reported": 55706000.0,
        "Diluted Average Shares": 85673000.0,
        "Basic Average Shares": 85673000.0,
        "Diluted EPS": -0.15,
        "Basic EPS": -0.15,
        "Diluted NI Availto Com Stockholders": -13003000.0,
        "Net Income Common Stockholders": -13003000.0,
        "Otherunder Preferred Stock Dividend": NaN,
        "Preferred Stock Dividends": 14432000.0,
        "Net Income": 1429000.0,
        "Net Income Including Noncontrolling Interests": 1429000.0,
        "Net Income Continuous Operations": 1429000.0,
        "Tax Provision": 1912000.0,
        "Pretax Income": 3341000.0,
        "Other Income Expense": -1235000.0,
        "Other Non Operating Income Expenses": -419000.0,
        "Special Income Charges": -816000.0,
        "Gain On Sale Of Ppe": 157000.0,
        "Impairment Of Capital Assets": 0.0,
        "Restructuring And Mergern Acquisition": 973000.0,
        "Net Non Operating Interest Income Expense": -52123000.0,
        "Interest Expense Non Operating": 52123000.0,
        "Operating Income": 56699000.0,
        "Operating Expense": 189823000.0,
        "Depreciation Amortization Depletion Income Statement": 38468000.0,
        "Depreciation And Amortization In Income Statement": 38468000.0,
        "Amortization": 23318000.0,
        "Amortization Of Intangibles Income Statement": 23318000.0,
        "Depreciation Income Statement": 15150000.0,
        "Selling General And Administration": 151355000.0,
        "General And Administrative Expense": 151355000.0,
        "Other Gand A": 151532000.0,
        "Salaries And Wages": -177000.0,
        "Gross Profit": 246522000.0,
        "Cost Of Revenue": 327107000.0,
        "Total Revenue": 573629000.0,
        "Operating Revenue": 565580000.0
    }
}