{
    "2023-03-31": {
        "Tax Effect Of Unusual Items": NaN,
        "Tax Rate For Calcs": NaN,
        "Normalized EBITDA": NaN,
        "Total Unusual Items": NaN,
        "Total Unusual Items Excluding Goodwill": NaN,
        "Net Income From Continuing Operation Net Minority Interest": NaN,
        "Reconciled Depreciation": NaN,
        "Reconciled Cost Of Revenue": NaN,
        "EBITDA": NaN,
        "EBIT": NaN,
        "Net Interest Income": NaN,
        "Interest Expense": NaN,
        "Interest Income": NaN,
        "Normalized Income": NaN,
        "Net Income From Continuing And Discontinued Operation": NaN,
        "Total Expenses": NaN,
        "Total Operating Income As Reported": NaN,
        "Diluted Average Shares": NaN,
        "Basic Average Shares": NaN,
        "Diluted EPS": NaN,
        "Basic EPS": NaN,
        "Diluted NI Availto Com Stockholders": NaN,
        "Average Dilution Earnings": NaN,
        "Net Income Common Stockholders": NaN,
        "Net Income": NaN,
        "Minority Interests": NaN,
        "Net Income Including Noncontrolling Interests": NaN,
        "Net Income Continuous Operations": NaN,
        "Earnings From Equity Interest Net Of Tax": NaN,
        "Tax Provision": NaN,
        "Pretax Income": NaN,
        "Other Income Expense": NaN,
        "Other Non Operating Income Expenses": NaN,
        "Special Income Charges": NaN,
        "Gain On Sale Of Ppe": NaN,
        "Gain On Sale Of Business": NaN,
        "Other Special Charges": NaN,
        "Write Off": NaN,
        "Impairment Of Capital Assets": 0.0,
        "Restructuring And Mergern Acquisition": -2000.0,
        "Gain On Sale Of Security": NaN,
        "Net Non Operating Interest Income Expense": NaN,
        "Interest Expense Non Operating": NaN,
        "Interest Income Non Operating": NaN,
        "Operating Income": NaN,
        "Operating Expense": NaN,
        "Other Operating Expenses": NaN,
        "Other Taxes": NaN,
        "Selling General And Administration": NaN,
        "General And Administrative Expense": NaN,
        "Other Gand A": NaN,
        "Gross Profit": NaN,
        "Cost Of Revenue": NaN,
        "Total Revenue": NaN,
        "Operating Revenue": NaN
    },
    "2022-12-31": {
        "Tax Effect Of Unusual Items": NaN,
        "Tax Rate For Calcs": NaN,
        "Normalized EBITDA": NaN,
        "Total Unusual Items": NaN,
        "Total Unusual Items Excluding Goodwill": NaN,
        "Net Income From Continuing Operation Net Minority Interest": NaN,
        "Reconciled Depreciation": NaN,
        "Reconciled Cost Of Revenue": NaN,
        "EBITDA": NaN,
        "EBIT": NaN,
        "Net Interest Income": NaN,
        "Interest Expense": NaN,
        "Interest Income": NaN,
        "Normalized Income": NaN,
        "Net Income From Continuing And Discontinued Operation": NaN,
        "Total Expenses": NaN,
        "Total Operating Income As Reported": NaN,
        "Diluted Average Shares": NaN,
        "Basic Average Shares": NaN,
        "Diluted EPS": NaN,
        "Basic EPS": NaN,
        "Diluted NI Availto Com Stockholders": NaN,
        "Average Dilution Earnings": NaN,
        "Net Income Common Stockholders": NaN,
        "Net Income": NaN,
        "Minority Interests": NaN,
        "Net Income Including Noncontrolling Interests": NaN,
        "Net Income Continuous Operations": NaN,
        "Earnings From Equity Interest Net Of Tax": NaN,
        "Tax Provision": NaN,
        "Pretax Income": NaN,
        "Other Income Expense": NaN,
        "Other Non Operating Income Expenses": NaN,
        "Special Income Charges": NaN,
        "Gain On Sale Of Ppe": NaN,
        "Gain On Sale Of Business": NaN,
        "Other Special Charges": NaN,
        "Write Off": NaN,
        "Impairment Of Capital Assets": 0.0,
        "Restructuring And Mergern Acquisition": NaN,
        "Gain On Sale Of Security": NaN,
        "Net Non Operating Interest Income Expense": NaN,
        "Interest Expense Non Operating": NaN,
        "Interest Income Non Operating": NaN,
        "Operating Income": NaN,
        "Operating Expense": NaN,
        "Other Operating Expenses": NaN,
        "Selling General And Administration": NaN,
        "General And Administrative Expense": NaN,
        "Other Gand A": NaN,
        "Gross Profit": NaN,
        "Cost Of Revenue": NaN,
        "Total Revenue": NaN,
        "Operating Revenue": NaN
    },
    "2022-09-30": {
        "Tax Effect Of Unusual Items": NaN,
        "Tax Rate For Calcs": NaN,
        "Normalized EBITDA": NaN,
        "Total Unusual Items": NaN,
        "Total Unusual Items Excluding Goodwill": NaN,
        "Net Income From Continuing Operation Net Minority Interest": NaN,
        "Reconciled Depreciation": NaN,
        "Reconciled Cost Of Revenue": NaN,
        "EBITDA": NaN,
        "EBIT": NaN,
        "Net Interest Income": NaN,
        "Interest Expense": NaN,
        "Interest Income": NaN,
        "Normalized Income": NaN,
        "Net Income From Continuing And Discontinued Operation": NaN,
        "Total Expenses": NaN,
        "Total Operating Income As Reported": NaN,
        "Diluted Average Shares": 207983000.0,
        "Basic Average Shares": 207983000.0,
        "Diluted EPS": -0.12,
        "Basic EPS": -0.12,
        "Diluted NI Availto Com Stockholders": NaN,
        "Average Dilution Earnings": NaN,
        "Net Income Common Stockholders": NaN,
        "Net Income": NaN,
        "Minority Interests": NaN,
        "Net Income Including Noncontrolling Interests": NaN,
        "Net Income Continuous Operations": NaN,
        "Earnings From Equity Interest Net Of Tax": NaN,
        "Tax Provision": NaN,
        "Pretax Income": NaN,
        "Other Income Expense": NaN,
        "Other Non Operating Income Expenses": NaN,
        "Special Income Charges": NaN,
        "Gain On Sale Of Ppe": NaN,
        "Gain On Sale Of Business": -1561000.0,
        "Other Special Charges": NaN,
        "Write Off": 0.0,
        "Impairment Of Capital Assets": 0.0,
        "Restructuring And Mergern Acquisition": 0.0,
        "Gain On Sale Of Security": NaN,
        "Net Non Operating Interest Income Expense": NaN,
        "Interest Expense Non Operating": NaN,
        "Interest Income Non Operating": NaN,
        "Operating Income": NaN,
        "Operating Expense": NaN,
        "Other Operating Expenses": NaN,
        "Selling General And Administration": NaN,
        "General And Administrative Expense": NaN,
        "Other Gand A": NaN,
        "Gross Profit": NaN,
        "Cost Of Revenue": NaN,
        "Total Revenue": NaN,
        "Operating Revenue": NaN
    },
    "2022-06-30": {
        "Tax Effect Of Unusual Items": -3400800.0,
        "Tax Rate For Calcs": 0.4,
        "Normalized EBITDA": 125181000.0,
        "Total Unusual Items": -8502000.0,
        "Total Unusual Items Excluding Goodwill": -8502000.0,
        "Net Income From Continuing Operation Net Minority Interest": 58488000.0,
        "Reconciled Depreciation": 53848000.0,
        "Reconciled Cost Of Revenue": 218776000.0,
        "EBITDA": 116679000.0,
        "EBIT": 62831000.0,
        "Net Interest Income": -2039000.0,
        "Interest Expense": 4273000.0,
        "Interest Income": 2234000.0,
        "Normalized Income": 63589200.0,
        "Net Income From Continuing And Discontinued Operation": 58488000.0,
        "Total Expenses": 249488000.0,
        "Total Operating Income As Reported": 70095000.0,
        "Diluted Average Shares": 225084000.0,
        "Basic Average Shares": 212600000.0,
        "Diluted EPS": 0.27,
        "Basic EPS": 0.28,
        "Diluted NI Availto Com Stockholders": 59718000.0,
        "Average Dilution Earnings": 1230000.0,
        "Net Income Common Stockholders": 58488000.0,
        "Net Income": 58488000.0,
        "Minority Interests": -9031000.0,
        "Net Income Including Noncontrolling Interests": 67519000.0,
        "Net Income Continuous Operations": 67519000.0,
        "Earnings From Equity Interest Net Of Tax": -18000.0,
        "Tax Provision": -8979000.0,
        "Pretax Income": 58558000.0,
        "Other Income Expense": -9498000.0,
        "Other Non Operating Income Expenses": -996000.0,
        "Special Income Charges": -757000.0,
        "Gain On Sale Of Ppe": -757000.0,
        "Gain On Sale Of Business": NaN,
        "Impairment Of Capital Assets": 0.0,
        "Restructuring And Mergern Acquisition": 0.0,
        "Gain On Sale Of Security": -7745000.0,
        "Net Non Operating Interest Income Expense": -2039000.0,
        "Interest Expense Non Operating": 4273000.0,
        "Interest Income Non Operating": 2234000.0,
        "Operating Income": 70095000.0,
        "Operating Expense": 30712000.0,
        "Other Operating Expenses": 11244000.0,
        "Selling General And Administration": 19468000.0,
        "General And Administrative Expense": 19468000.0,
        "Other Gand A": 19468000.0,
        "Gross Profit": 100807000.0,
        "Cost Of Revenue": 218776000.0,
        "Total Revenue": 319583000.0,
        "Operating Revenue": 319526000.0
    },
    "2023-06-30": {
        "Tax Effect Of Unusual Items": NaN,
        "Tax Rate For Calcs": NaN,
        "Normalized EBITDA": NaN,
        "Total Unusual Items": NaN,
        "Total Unusual Items Excluding Goodwill": NaN,
        "Net Income From Continuing Operation Net Minority Interest": NaN,
        "Reconciled Depreciation": NaN,
        "Reconciled Cost Of Revenue": NaN,
        "EBITDA": NaN,
        "EBIT": NaN,
        "Net Interest Income": NaN,
        "Interest Expense": NaN,
        "Interest Income": NaN,
        "Normalized Income": NaN,
        "Net Income From Continuing And Discontinued Operation": NaN,
        "Total Expenses": NaN,
        "Total Operating Income As Reported": NaN,
        "Diluted Average Shares": 217320000.0,
        "Basic Average Shares": 204680000.0,
        "Diluted EPS": 0.35,
        "Basic EPS": 0.37,
        "Diluted NI Availto Com Stockholders": NaN,
        "Average Dilution Earnings": NaN,
        "Net Income Common Stockholders": NaN,
        "Net Income": NaN,
        "Minority Interests": NaN,
        "Net Income Including Noncontrolling Interests": NaN,
        "Net Income Continuous Operations": NaN,
        "Earnings From Equity Interest Net Of Tax": NaN,
        "Tax Provision": NaN,
        "Pretax Income": NaN,
        "Other Income Expense": NaN,
        "Other Non Operating Income Expenses": NaN,
        "Special Income Charges": NaN,
        "Gain On Sale Of Ppe": NaN,
        "Gain On Sale Of Business": NaN,
        "Other Special Charges": NaN,
        "Write Off": NaN,
        "Restructuring And Mergern Acquisition": NaN,
        "Gain On Sale Of Security": NaN,
        "Net Non Operating Interest Income Expense": NaN,
        "Interest Expense Non Operating": NaN,
        "Interest Income Non Operating": NaN,
        "Operating Income": NaN,
        "Operating Expense": NaN,
        "Other Operating Expenses": NaN,
        "Other Taxes": NaN,
        "Selling General And Administration": NaN,
        "General And Administrative Expense": NaN,
        "Other Gand A": NaN,
        "Gross Profit": NaN,
        "Cost Of Revenue": NaN,
        "Total Revenue": NaN,
        "Operating Revenue": NaN
    },
    "2022-03-31": {
        "Diluted EPS": 0.31,
        "Total Revenue": 355,
        "Gross Profit": 202,
        "Operating Income": 116,
        "EBIT": 175,
        "Net Income": 68
    },
    "2021-12-31": {
        "Diluted EPS": 0.56,
        "Total Revenue": 408,
        "Gross Profit": 220,
        "Operating Income": 119,
        "EBIT": 185,
        "Net Income": 127
    },
    "2021-09-30": {
        "Diluted EPS": 0.26,
        "Total Revenue": 323,
        "Gross Profit": 168,
        "Operating Income": 93,
        "EBIT": 145,
        "Net Income": 57
    },
    "2021-06-30": {
        "Diluted EPS": 0.33,
        "Total Revenue": 377,
        "Gross Profit": 210,
        "Operating Income": 104,
        "EBIT": 160,
        "Net Income": 75
    },
    "2021-03-31": {
        "Diluted EPS": 0.48,
        "Total Revenue": 366,
        "Gross Profit": 205,
        "Operating Income": 129,
        "EBIT": 183,
        "Net Income": 109
    },
    "2020-12-31": {
        "Diluted EPS": 0.63,
        "Total Revenue": 371,
        "Gross Profit": 175,
        "Operating Income": 106,
        "EBIT": 144,
        "Net Income": 107
    },
    "2020-09-30": {
        "Diluted EPS": 0.19,
        "Total Revenue": 225,
        "Gross Profit": 115,
        "Operating Income": 53,
        "EBIT": 84,
        "Net Income": 27
    },
    "2020-06-30": {
        "Diluted EPS": -0.05,
        "Total Revenue": 92,
        "Gross Profit": 45,
        "Operating Income": -5,
        "EBIT": 6,
        "Net Income": -6
    },
    "2020-03-31": {
        "Diluted EPS": 0.19,
        "Total Revenue": 164,
        "Gross Profit": 73,
        "Operating Income": 35,
        "EBIT": 64,
        "Net Income": 24
    },
    "2019-12-31": {
        "Diluted EPS": 0.16,
        "Total Revenue": 178,
        "Gross Profit": 88,
        "Operating Income": 43,
        "EBIT": 75,
        "Net Income": 19
    },
    "2019-09-30": {
        "Diluted EPS": 0.17,
        "Total Revenue": 148,
        "Gross Profit": 73,
        "Operating Income": 40,
        "EBIT": 62,
        "Net Income": 21
    },
    "2019-06-30": {
        "Diluted EPS": 0.09,
        "Total Revenue": 155,
        "Gross Profit": 60,
        "Operating Income": 20,
        "EBIT": 49,
        "Net Income": 11
    },
    "2019-03-31": {
        "Diluted EPS": 0.05,
        "Total Revenue": 126,
        "Gross Profit": 55,
        "Operating Income": 20,
        "EBIT": 45,
        "Net Income": 6
    },
    "2018-12-31": {
        "Diluted EPS": -0.01,
        "Total Revenue": 98,
        "Gross Profit": 17,
        "Operating Income": 8,
        "EBIT": -45,
        "Net Income": -2
    },
    "2018-09-30": {
        "Diluted EPS": 0.05,
        "Total Revenue": 115,
        "Gross Profit": 22,
        "Operating Income": 10,
        "EBIT": 39,
        "Net Income": 6
    },
    "2018-06-30": {
        "Diluted EPS": 0.04,
        "Total Revenue": 104,
        "Gross Profit": 21,
        "Operating Income": 9,
        "EBIT": 32,
        "Net Income": 5
    },
    "2018-03-31": {
        "Diluted EPS": -0.01,
        "Total Revenue": 98,
        "Gross Profit": 17,
        "Operating Income": 8,
        "EBIT": 33,
        "Net Income": -2
    },
    "2017-12-31": {
        "Diluted EPS": 0.13,
        "Total Revenue": 108,
        "Gross Profit": 21,
        "Operating Income": 20,
        "EBIT": 50,
        "Net Income": 16
    },
    "2017-09-30": {
        "Diluted EPS": 0.01,
        "Total Revenue": 106,
        "Gross Profit": 23,
        "Operating Income": 10,
        "EBIT": 35,
        "Net Income": 1
    },
    "2017-06-30": {
        "Diluted EPS": 0.31,
        "Total Revenue": 117,
        "Gross Profit": 29,
        "Operating Income": 46,
        "EBIT": 71,
        "Net Income": 37
    },
    "2017-03-31": {
        "Diluted EPS": 0.12,
        "Total Revenue": 118,
        "Gross Profit": 40,
        "Operating Income": 25,
        "EBIT": 49,
        "Net Income": 15
    },
    "2016-12-31": {
        "Diluted EPS": 0.15,
        "Total Revenue": 127,
        "Gross Profit": 27,
        "Operating Income": 24,
        "EBIT": 48,
        "Net Income": 12
    },
    "2016-09-30": {
        "Diluted EPS": 0.31,
        "Total Revenue": 143,
        "Gross Profit": 59,
        "Operating Income": 50,
        "EBIT": 69,
        "Net Income": 38
    },
    "2016-06-30": {
        "Diluted EPS": 0.13,
        "Total Revenue": 119,
        "Gross Profit": 44,
        "Operating Income": 24,
        "EBIT": 37,
        "Net Income": 12
    },
    "2016-03-31": {
        "Diluted EPS": 0.03,
        "Total Revenue": 102,
        "Gross Profit": 23,
        "Operating Income": 15,
        "EBIT": 35,
        "Net Income": 2
    },
    "2015-12-31": {
        "Diluted EPS": -0.83,
        "Total Revenue": 91,
        "Gross Profit": -21,
        "Operating Income": -47,
        "EBIT": -24,
        "Net Income": -67
    },
    "2015-09-30": {
        "Diluted EPS": -0.74,
        "Total Revenue": 77,
        "Gross Profit": -7,
        "Operating Income": -51,
        "EBIT": -31,
        "Net Income": -59
    },
    "2015-06-30": {
        "Diluted EPS": -0.09,
        "Total Revenue": 96,
        "Gross Profit": 16,
        "Operating Income": 5,
        "EBIT": 26,
        "Net Income": -7
    },
    "2015-03-31": {
        "Diluted EPS": 0.11,
        "Total Revenue": 112,
        "Gross Profit": 30,
        "Operating Income": 21,
        "EBIT": 38,
        "Net Income": 9
    },
    "2014-12-31": {
        "Diluted EPS": -1.07,
        "Total Revenue": 123,
        "Gross Profit": 13,
        "Operating Income": -55,
        "EBIT": -35,
        "Net Income": -86
    },
    "2014-09-30": {
        "Diluted EPS": -0.18,
        "Total Revenue": 79,
        "Gross Profit": 6,
        "Operating Income": -1,
        "EBIT": 9,
        "Net Income": -15
    },
    "2014-06-30": {
        "Diluted EPS": -0.09,
        "Total Revenue": 64,
        "Gross Profit": 11,
        "Operating Income": 5,
        "EBIT": 12,
        "Net Income": -7
    },
    "2014-03-31": {
        "Diluted EPS": -0.21,
        "Total Revenue": 34,
        "Gross Profit": 6,
        "Operating Income": -2,
        "EBIT": 3,
        "Net Income": -17
    },
    "2013-12-31": {
        "Diluted EPS": 0.37,
        "Total Revenue": 49,
        "Gross Profit": 4,
        "Operating Income": -3,
        "EBIT": 9,
        "Net Income": 30
    },
    "2013-09-30": {
        "Diluted EPS": -0.18,
        "Total Revenue": 44,
        "Gross Profit": 6,
        "Operating Income": -2,
        "EBIT": 8,
        "Net Income": -14
    },
    "2013-06-30": {
        "Diluted EPS": -2.92,
        "Total Revenue": 33,
        "Gross Profit": -19,
        "Operating Income": -27,
        "EBIT": -16,
        "Net Income": -236
    },
    "2013-03-31": {
        "Diluted EPS": -0.06,
        "Total Revenue": 49,
        "Gross Profit": 14,
        "Operating Income": 9,
        "EBIT": 18,
        "Net Income": -5
    },
    "2012-12-31": {
        "Diluted EPS": 0.3,
        "Total Revenue": 87,
        "Gross Profit": 22,
        "Operating Income": 6,
        "EBIT": 21,
        "Net Income": 24
    },
    "2012-09-30": {
        "Diluted EPS": -0.03,
        "Total Revenue": 74,
        "Gross Profit": 35,
        "Operating Income": 7,
        "EBIT": 20,
        "Net Income": -2
    },
    "2012-06-30": {
        "Diluted EPS": 0.43,
        "Total Revenue": 42,
        "Gross Profit": 19,
        "Operating Income": -2,
        "EBIT": 6,
        "Net Income": 35
    },
    "2012-03-31": {
        "Diluted EPS": -0.01,
        "Total Revenue": 38,
        "Gross Profit": 15,
        "Operating Income": -1,
        "EBIT": 8,
        "Net Income": -1
    },
    "2011-12-31": {
        "Diluted EPS": 0.03,
        "Total Revenue": 14,
        "Gross Profit": -3,
        "Operating Income": -7,
        "EBIT": -4,
        "Net Income": 3
    },
    "2011-09-30": {
        "Diluted EPS": 0.27,
        "Total Revenue": 26,
        "Gross Profit": 11,
        "Operating Income": 3,
        "EBIT": 5,
        "Net Income": 22
    },
    "2011-06-30": {
        "Diluted EPS": 0.57,
        "Total Revenue": 47,
        "Gross Profit": 16,
        "Operating Income": 6,
        "EBIT": 12,
        "Net Income": 46
    },
    "2011-03-31": {
        "Diluted EPS": 0.12,
        "Total Revenue": 60,
        "Gross Profit": 28,
        "Operating Income": 20,
        "EBIT": 26,
        "Net Income": 10
    },
    "2010-12-31": {
        "Diluted EPS": 4.72,
        "Total Revenue": 45,
        "Gross Profit": 25,
        "Operating Income": 16,
        "EBIT": 23,
        "Net Income": 377
    },
    "2010-09-30": {
        "Diluted EPS": -0.1,
        "Total Revenue": 42,
        "Gross Profit": 17,
        "Operating Income": 3,
        "EBIT": 10,
        "Net Income": -8
    },
    "2010-06-30": {
        "Diluted EPS": -0.19,
        "Total Revenue": 14,
        "Gross Profit": 3,
        "Operating Income": -8,
        "EBIT": -3,
        "Net Income": -15
    },
    "2010-03-31": {
        "Diluted EPS": -0.1,
        "Total Revenue": 12,
        "Gross Profit": -9,
        "Operating Income": -24,
        "EBIT": -16,
        "Net Income": -8
    },
    "2009-12-31": {
        "Diluted EPS": -0.13,
        "Total Revenue": 5,
        "Gross Profit": 0,
        "Operating Income": -20,
        "EBIT": -17,
        "Net Income": -9
    },
    "2009-09-30": {
        "Diluted EPS": 0.0,
        "Total Revenue": NaN,
        "Gross Profit": NaN,
        "Operating Income": -4,
        "EBIT": -4,
        "Net Income": 0
    },
    "2009-06-30": {
        "Diluted EPS": -0.02,
        "Total Revenue": NaN,
        "Gross Profit": NaN,
        "Operating Income": -4,
        "EBIT": -4,
        "Net Income": -1
    },
    "2009-03-31": {
        "Diluted EPS": -0.04,
        "Total Revenue": NaN,
        "Gross Profit": NaN,
        "Operating Income": -4,
        "EBIT": -4,
        "Net Income": -3
    },
    "2023-09-30": {
        "Tax Effect Of Unusual Items": -3845520.0,
        "Tax Rate For Calcs": 0.21,
        "Normalized EBITDA": 140149000.0,
        "Total Unusual Items": -18312000.0,
        "Total Unusual Items Excluding Goodwill": -18312000.0,
        "Net Income From Continuing Operation Net Minority Interest": 15159000.0,
        "Reconciled Depreciation": 55991000.0,
        "Reconciled Cost Of Revenue": 270660000.0,
        "EBITDA": 121837000.0,
        "EBIT": 65846000.0,
        "Net Interest Income": 2018000.0,
        "Interest Expense": 4080000.0,
        "Interest Income": 6098000.0,
        "Normalized Income": 29625480.0,
        "Net Income From Continuing And Discontinued Operation": 15159000.0,
        "Total Expenses": 305288000.0,
        "Total Operating Income As Reported": 77465000.0,
        "Diluted Average Shares": 203878000.0,
        "Basic Average Shares": 203878000.0,
        "Diluted EPS": 0.07,
        "Basic EPS": 0.07,
        "Diluted NI Availto Com Stockholders": 15159000.0,
        "Average Dilution Earnings": 0.0,
        "Net Income Common Stockholders": 15159000.0,
        "Net Income": 15159000.0,
        "Minority Interests": 22404000.0,
        "Net Income Including Noncontrolling Interests": -7245000.0,
        "Net Income Continuous Operations": -7245000.0,
        "Earnings From Equity Interest Net Of Tax": -118000.0,
        "Tax Provision": 68893000.0,
        "Pretax Income": 61766000.0,
        "Other Income Expense": -20354000.0,
        "Other Non Operating Income Expenses": -2042000.0,
        "Special Income Charges": -3197000.0,
        "Gain On Sale Of Ppe": -560000.0,
        "Gain On Sale Of Business": 0.0,
        "Other Special Charges": 2637000.0,
        "Write Off": 2637000.0,
        "Restructuring And Mergern Acquisition": 30000.0,
        "Gain On Sale Of Security": -15115000.0,
        "Net Non Operating Interest Income Expense": 2018000.0,
        "Interest Expense Non Operating": 4080000.0,
        "Interest Income Non Operating": 6098000.0,
        "Operating Income": 80102000.0,
        "Operating Expense": 34628000.0,
        "Other Operating Expenses": 17089000.0,
        "Other Taxes": 0.0,
        "Selling General And Administration": 17539000.0,
        "General And Administrative Expense": 17539000.0,
        "Other Gand A": 17539000.0,
        "Gross Profit": 114730000.0,
        "Cost Of Revenue": 270660000.0,
        "Total Revenue": 385390000.0,
        "Operating Revenue": 383731000.0
    },
    "2023-12-31": {
        "Tax Effect Of Unusual Items": -93964988.019539,
        "Tax Rate For Calcs": 0.211342,
        "Normalized EBITDA": 178283000.0,
        "Total Unusual Items": -444610000.0,
        "Total Unusual Items Excluding Goodwill": -444610000.0,
        "Net Income From Continuing Operation Net Minority Interest": -217845000.0,
        "Reconciled Depreciation": 66285000.0,
        "Reconciled Cost Of Revenue": 285825000.0,
        "EBITDA": -266327000.0,
        "EBIT": -332612000.0,
        "Net Interest Income": -2729000.0,
        "Interest Expense": 2517000.0,
        "Interest Income": 1599000.0,
        "Normalized Income": 132800011.980461,
        "Net Income From Continuing And Discontinued Operation": -217845000.0,
        "Total Expenses": 313997000.0,
        "Total Operating Income As Reported": -297623000.0,
        "Diluted Average Shares": NaN,
        "Basic Average Shares": NaN,
        "Diluted EPS": NaN,
        "Basic EPS": NaN,
        "Diluted NI Availto Com Stockholders": -221538000.0,
        "Average Dilution Earnings": -3693000.0,
        "Net Income Common Stockholders": -217845000.0,
        "Net Income": -217845000.0,
        "Minority Interests": 46515000.0,
        "Net Income Including Noncontrolling Interests": -264360000.0,
        "Net Income Continuous Operations": -264360000.0,
        "Earnings From Equity Interest Net Of Tax": -58000.0,
        "Tax Provision": -70827000.0,
        "Pretax Income": -335129000.0,
        "Other Income Expense": -444300000.0,
        "Other Non Operating Income Expenses": 310000.0,
        "Special Income Charges": -409244000.0,
        "Gain On Sale Of Ppe": -483000.0,
        "Gain On Sale Of Business": NaN,
        "Other Special Charges": NaN,
        "Write Off": NaN,
        "Restructuring And Mergern Acquisition": 0.0,
        "Gain On Sale Of Security": -35366000.0,
        "Net Non Operating Interest Income Expense": -2729000.0,
        "Interest Expense Non Operating": 2517000.0,
        "Interest Income Non Operating": 1599000.0,
        "Operating Income": 111900000.0,
        "Operating Expense": 28172000.0,
        "Other Operating Expenses": 13084000.0,
        "Other Taxes": NaN,
        "Selling General And Administration": 15088000.0,
        "General And Administrative Expense": 15088000.0,
        "Other Gand A": 15088000.0,
        "Gross Profit": 140072000.0,
        "Cost Of Revenue": 285825000.0,
        "Total Revenue": 425897000.0,
        "Operating Revenue": 440608000.0
    },
    "2024-03-31": {
        "Tax Effect Of Unusual Items": -21869784.0,
        "Tax Rate For Calcs": 0.054,
        "Normalized EBITDA": 69824000.0,
        "Total Unusual Items": -404996000.0,
        "Total Unusual Items Excluding Goodwill": -404996000.0,
        "Net Income From Continuing Operation Net Minority Interest": -287082000.0,
        "Reconciled Depreciation": 38398000.0,
        "Reconciled Cost Of Revenue": 164299000.0,
        "EBITDA": -335172000.0,
        "EBIT": -373570000.0,
        "Net Interest Income": 1641000.0,
        "Interest Expense": 4655000.0,
        "Interest Income": 6296000.0,
        "Normalized Income": 96044216.0,
        "Net Income From Continuing And Discontinued Operation": -287082000.0,
        "Total Expenses": 204215000.0,
        "Total Operating Income As Reported": -376424000.0,
        "Diluted Average Shares": 202355000.0,
        "Basic Average Shares": 202355000.0,
        "Diluted EPS": -1.42,
        "Basic EPS": -1.42,
        "Diluted NI Availto Com Stockholders": -287082000.0,
        "Average Dilution Earnings": 0.0,
        "Net Income Common Stockholders": -287082000.0,
        "Net Income": -287082000.0,
        "Minority Interests": 71080000.0,
        "Net Income Including Noncontrolling Interests": -358162000.0,
        "Net Income Continuous Operations": -358162000.0,
        "Earnings From Equity Interest Net Of Tax": -174000.0,
        "Tax Provision": -20237000.0,
        "Pretax Income": -378225000.0,
        "Other Income Expense": -405885000.0,
        "Other Non Operating Income Expenses": -889000.0,
        "Special Income Charges": -402443000.0,
        "Gain On Sale Of Ppe": 0.0,
        "Gain On Sale Of Business": NaN,
        "Other Special Charges": 402443000.0,
        "Write Off": NaN,
        "Restructuring And Mergern Acquisition": NaN,
        "Gain On Sale Of Security": -2553000.0,
        "Net Non Operating Interest Income Expense": 1641000.0,
        "Interest Expense Non Operating": 4655000.0,
        "Interest Income Non Operating": 6296000.0,
        "Operating Income": 26019000.0,
        "Operating Expense": 39916000.0,
        "Other Operating Expenses": 12646000.0,
        "Other Taxes": NaN,
        "Selling General And Administration": 12861000.0,
        "General And Administrative Expense": 12861000.0,
        "Other Gand A": 12861000.0,
        "Gross Profit": 65935000.0,
        "Cost Of Revenue": 164299000.0,
        "Total Revenue": 230234000.0,
        "Operating Revenue": 232362000.0
    },
    "2024-06-30": {
        "Tax Effect Of Unusual Items": 1588650.0,
        "Tax Rate For Calcs": 0.21,
        "Normalized EBITDA": 32010000.0,
        "Total Unusual Items": 7565000.0,
        "Total Unusual Items Excluding Goodwill": 7565000.0,
        "Net Income From Continuing Operation Net Minority Interest": 9693000.0,
        "Reconciled Depreciation": 23011000.0,
        "Reconciled Cost Of Revenue": 119593000.0,
        "EBITDA": 39575000.0,
        "EBIT": 16564000.0,
        "Net Interest Income": 1400000.0,
        "Interest Expense": 2105000.0,
        "Interest Income": 3505000.0,
        "Normalized Income": 3716650.0,
        "Net Income From Continuing And Discontinued Operation": 9693000.0,
        "Total Expenses": 177357000.0,
        "Total Operating Income As Reported": 10720000.0,
        "Diluted Average Shares": 202407000.0,
        "Basic Average Shares": 202133000.0,
        "Diluted EPS": 0.05,
        "Basic EPS": 0.05,
        "Diluted NI Availto Com Stockholders": 9693000.0,
        "Average Dilution Earnings": 0.0,
        "Net Income Common Stockholders": 9693000.0,
        "Net Income": 9693000.0,
        "Minority Interests": 7229000.0,
        "Net Income Including Noncontrolling Interests": 2464000.0,
        "Net Income Continuous Operations": 2464000.0,
        "Earnings From Equity Interest Net Of Tax": -268000.0,
        "Tax Provision": 11727000.0,
        "Pretax Income": 14459000.0,
        "Other Income Expense": 5575000.0,
        "Other Non Operating Income Expenses": -1990000.0,
        "Special Income Charges": 3236000.0,
        "Gain On Sale Of Ppe": 5599000.0,
        "Gain On Sale Of Business": NaN,
        "Other Special Charges": 2363000.0,
        "Write Off": NaN,
        "Restructuring And Mergern Acquisition": NaN,
        "Gain On Sale Of Security": 4329000.0,
        "Net Non Operating Interest Income Expense": 1400000.0,
        "Interest Expense Non Operating": 2105000.0,
        "Interest Income Non Operating": 3505000.0,
        "Operating Income": 7484000.0,
        "Operating Expense": 57764000.0,
        "Other Operating Expenses": 13756000.0,
        "Other Taxes": NaN,
        "Selling General And Administration": 13452000.0,
        "General And Administrative Expense": 13452000.0,
        "Other Gand A": 13452000.0,
        "Gross Profit": 65248000.0,
        "Cost Of Revenue": 119593000.0,
        "Total Revenue": 184841000.0,
        "Operating Revenue": 179053000.0
    },
    "2024-09-30": {
        "Tax Effect Of Unusual Items": -901941.530284,
        "Tax Rate For Calcs": 0.121555,
        "Normalized EBITDA": 47954000.0,
        "Total Unusual Items": -7420000.0,
        "Total Unusual Items Excluding Goodwill": -7420000.0,
        "Net Income From Continuing Operation Net Minority Interest": 10557000.0,
        "Reconciled Depreciation": 30443000.0,
        "Reconciled Cost Of Revenue": 168724000.0,
        "EBITDA": 40534000.0,
        "EBIT": 10091000.0,
        "Net Interest Income": 939000.0,
        "Interest Expense": 2942000.0,
        "Interest Income": 3881000.0,
        "Normalized Income": 17075058.469716,
        "Net Income From Continuing And Discontinued Operation": 10557000.0,
        "Total Expenses": 245884000.0,
        "Total Operating Income As Reported": 9037000.0,
        "Diluted Average Shares": 202447000.0,
        "Basic Average Shares": 202140000.0,
        "Diluted EPS": 0.05,
        "Basic EPS": 0.05,
        "Diluted NI Availto Com Stockholders": 10557000.0,
        "Average Dilution Earnings": 0.0,
        "Net Income Common Stockholders": 10557000.0,
        "Net Income": 10557000.0,
        "Minority Interests": 4306000.0,
        "Net Income Including Noncontrolling Interests": 6251000.0,
        "Net Income Continuous Operations": 6251000.0,
        "Earnings From Equity Interest Net Of Tax": -29000.0,
        "Tax Provision": 869000.0,
        "Pretax Income": 7149000.0,
        "Other Income Expense": -5262000.0,
        "Other Non Operating Income Expenses": 2158000.0,
        "Special Income Charges": -2435000.0,
        "Gain On Sale Of Ppe": -466000.0,
        "Gain On Sale Of Business": NaN,
        "Other Special Charges": 1969000.0,
        "Write Off": NaN,
        "Restructuring And Mergern Acquisition": NaN,
        "Gain On Sale Of Security": -4985000.0,
        "Net Non Operating Interest Income Expense": 939000.0,
        "Interest Expense Non Operating": 2942000.0,
        "Interest Income Non Operating": 3881000.0,
        "Operating Income": 11472000.0,
        "Operating Expense": 77160000.0,
        "Other Operating Expenses": 13905000.0,
        "Other Taxes": 4865000.0,
        "Selling General And Administration": 19016000.0,
        "General And Administrative Expense": 19016000.0,
        "Other Gand A": 19016000.0,
        "Gross Profit": 88632000.0,
        "Cost Of Revenue": 168724000.0,
        "Total Revenue": 257356000.0,
        "Operating Revenue": 254141000.0
    }
}