{
    "2023-03-31": {
        "Tax Effect Of Unusual Items": NaN,
        "Tax Rate For Calcs": NaN,
        "Normalized EBITDA": NaN,
        "Total Unusual Items": NaN,
        "Total Unusual Items Excluding Goodwill": NaN,
        "Net Income From Continuing Operation Net Minority Interest": NaN,
        "Reconciled Depreciation": NaN,
        "Reconciled Cost Of Revenue": NaN,
        "EBITDA": NaN,
        "EBIT": NaN,
        "Net Interest Income": NaN,
        "Interest Expense": NaN,
        "Normalized Income": NaN,
        "Net Income From Continuing And Discontinued Operation": NaN,
        "Total Expenses": NaN,
        "Total Operating Income As Reported": NaN,
        "Diluted Average Shares": 92771000.0,
        "Basic Average Shares": 92771000.0,
        "Diluted EPS": -0.36,
        "Basic EPS": -0.36,
        "Diluted NI Availto Com Stockholders": NaN,
        "Net Income Common Stockholders": NaN,
        "Net Income": NaN,
        "Minority Interests": NaN,
        "Net Income Including Noncontrolling Interests": NaN,
        "Net Income Discontinuous Operations": NaN,
        "Net Income Continuous Operations": NaN,
        "Tax Provision": NaN,
        "Pretax Income": NaN,
        "Other Income Expense": NaN,
        "Special Income Charges": NaN,
        "Other Special Charges": NaN,
        "Impairment Of Capital Assets": NaN,
        "Gain On Sale Of Security": NaN,
        "Net Non Operating Interest Income Expense": NaN,
        "Interest Expense Non Operating": NaN,
        "Operating Income": NaN,
        "Operating Expense": NaN,
        "Depreciation Amortization Depletion Income Statement": NaN,
        "Depreciation And Amortization In Income Statement": NaN,
        "Selling General And Administration": NaN,
        "Selling And Marketing Expense": 17172000.0,
        "General And Administrative Expense": NaN,
        "Other Gand A": NaN,
        "Salaries And Wages": NaN,
        "Gross Profit": NaN,
        "Cost Of Revenue": NaN,
        "Total Revenue": NaN,
        "Operating Revenue": NaN
    },
    "2022-12-31": {
        "Tax Effect Of Unusual Items": NaN,
        "Tax Rate For Calcs": NaN,
        "Normalized EBITDA": NaN,
        "Total Unusual Items": NaN,
        "Total Unusual Items Excluding Goodwill": NaN,
        "Net Income From Continuing Operation Net Minority Interest": NaN,
        "Reconciled Depreciation": NaN,
        "Reconciled Cost Of Revenue": NaN,
        "EBITDA": NaN,
        "EBIT": NaN,
        "Net Interest Income": NaN,
        "Interest Expense": NaN,
        "Normalized Income": NaN,
        "Net Income From Continuing And Discontinued Operation": NaN,
        "Total Expenses": NaN,
        "Total Operating Income As Reported": NaN,
        "Diluted Average Shares": 91674000.0,
        "Basic Average Shares": 91674000.0,
        "Diluted EPS": -0.358815,
        "Basic EPS": -0.358815,
        "Diluted NI Availto Com Stockholders": NaN,
        "Net Income Common Stockholders": NaN,
        "Net Income": NaN,
        "Minority Interests": NaN,
        "Net Income Including Noncontrolling Interests": NaN,
        "Net Income Discontinuous Operations": NaN,
        "Net Income Continuous Operations": NaN,
        "Tax Provision": NaN,
        "Pretax Income": NaN,
        "Other Income Expense": NaN,
        "Special Income Charges": NaN,
        "Other Special Charges": NaN,
        "Impairment Of Capital Assets": NaN,
        "Gain On Sale Of Security": NaN,
        "Net Non Operating Interest Income Expense": NaN,
        "Interest Expense Non Operating": NaN,
        "Operating Income": NaN,
        "Operating Expense": NaN,
        "Depreciation Amortization Depletion Income Statement": NaN,
        "Depreciation And Amortization In Income Statement": NaN,
        "Selling General And Administration": NaN,
        "Selling And Marketing Expense": NaN,
        "General And Administrative Expense": NaN,
        "Other Gand A": NaN,
        "Salaries And Wages": NaN,
        "Gross Profit": NaN,
        "Cost Of Revenue": NaN,
        "Total Revenue": NaN,
        "Operating Revenue": NaN
    },
    "2022-09-30": {
        "Tax Effect Of Unusual Items": NaN,
        "Tax Rate For Calcs": NaN,
        "Normalized EBITDA": NaN,
        "Total Unusual Items": NaN,
        "Total Unusual Items Excluding Goodwill": NaN,
        "Net Income From Continuing Operation Net Minority Interest": NaN,
        "Reconciled Depreciation": NaN,
        "Reconciled Cost Of Revenue": NaN,
        "EBITDA": NaN,
        "EBIT": NaN,
        "Net Interest Income": NaN,
        "Interest Expense": NaN,
        "Normalized Income": NaN,
        "Net Income From Continuing And Discontinued Operation": NaN,
        "Total Expenses": NaN,
        "Total Operating Income As Reported": NaN,
        "Diluted Average Shares": NaN,
        "Basic Average Shares": NaN,
        "Diluted EPS": NaN,
        "Basic EPS": NaN,
        "Diluted NI Availto Com Stockholders": NaN,
        "Net Income Common Stockholders": NaN,
        "Net Income": NaN,
        "Minority Interests": NaN,
        "Net Income Including Noncontrolling Interests": NaN,
        "Net Income Discontinuous Operations": -14077000.0,
        "Net Income Continuous Operations": NaN,
        "Tax Provision": NaN,
        "Pretax Income": NaN,
        "Other Income Expense": NaN,
        "Special Income Charges": -340109000.0,
        "Other Special Charges": NaN,
        "Impairment Of Capital Assets": 340109000.0,
        "Gain On Sale Of Security": NaN,
        "Net Non Operating Interest Income Expense": NaN,
        "Interest Expense Non Operating": NaN,
        "Operating Income": NaN,
        "Operating Expense": NaN,
        "Depreciation Amortization Depletion Income Statement": NaN,
        "Depreciation And Amortization In Income Statement": NaN,
        "Selling General And Administration": NaN,
        "Selling And Marketing Expense": 11572000.0,
        "General And Administrative Expense": NaN,
        "Other Gand A": NaN,
        "Salaries And Wages": NaN,
        "Gross Profit": NaN,
        "Cost Of Revenue": NaN,
        "Total Revenue": NaN,
        "Operating Revenue": NaN
    },
    "2022-06-30": {
        "Tax Effect Of Unusual Items": 1655600.0,
        "Tax Rate For Calcs": 0.4,
        "Normalized EBITDA": 5517000.0,
        "Total Unusual Items": 4139000.0,
        "Total Unusual Items Excluding Goodwill": 4139000.0,
        "Net Income From Continuing Operation Net Minority Interest": -29198000.0,
        "Reconciled Depreciation": 33397000.0,
        "Reconciled Cost Of Revenue": 152558000.0,
        "EBITDA": 9656000.0,
        "EBIT": -23741000.0,
        "Net Interest Income": -7324000.0,
        "Interest Expense": 7324000.0,
        "Normalized Income": -31681400.0,
        "Net Income From Continuing And Discontinued Operation": -29198000.0,
        "Total Expenses": 247677000.0,
        "Total Operating Income As Reported": -27880000.0,
        "Diluted Average Shares": 91182000.0,
        "Basic Average Shares": 89701000.0,
        "Diluted EPS": -0.33,
        "Basic EPS": -0.29,
        "Diluted NI Availto Com Stockholders": -29198000.0,
        "Net Income Common Stockholders": -29198000.0,
        "Net Income": -29198000.0,
        "Minority Interests": 4867000.0,
        "Net Income Including Noncontrolling Interests": -34065000.0,
        "Net Income Continuous Operations": -34065000.0,
        "Tax Provision": 3000000.0,
        "Pretax Income": -31065000.0,
        "Other Income Expense": 4139000.0,
        "Special Income Charges": NaN,
        "Impairment Of Capital Assets": NaN,
        "Gain On Sale Of Security": 4139000.0,
        "Net Non Operating Interest Income Expense": -7324000.0,
        "Interest Expense Non Operating": 7324000.0,
        "Operating Income": -27880000.0,
        "Operating Expense": 95119000.0,
        "Depreciation Amortization Depletion Income Statement": 33397000.0,
        "Depreciation And Amortization In Income Statement": 33397000.0,
        "Selling General And Administration": 61722000.0,
        "General And Administrative Expense": 61722000.0,
        "Other Gand A": 16167000.0,
        "Salaries And Wages": 45555000.0,
        "Gross Profit": 67239000.0,
        "Cost Of Revenue": 152558000.0,
        "Total Revenue": 219797000.0,
        "Operating Revenue": 219797000.0
    },
    "2022-03-31": {
        "Diluted EPS": -0.88,
        "Total Revenue": 219,
        "Gross Profit": 57,
        "Operating Income": -76,
        "EBIT": -53,
        "Net Income": -73
    },
    "2021-12-31": {
        "Diluted EPS": 0.16,
        "Total Revenue": 200,
        "Gross Profit": 45,
        "Operating Income": 8,
        "EBIT": 12,
        "Net Income": 3
    },
    "2021-09-30": {
        "Diluted EPS": 0.55,
        "Total Revenue": 171,
        "Gross Profit": 43,
        "Operating Income": 16,
        "EBIT": 20,
        "Net Income": 11
    },
    "2021-06-30": {
        "Diluted EPS": 0.57,
        "Total Revenue": 170,
        "Gross Profit": 43,
        "Operating Income": 16,
        "EBIT": 20,
        "Net Income": 12
    },
    "2021-03-31": {
        "Diluted EPS": 0.33,
        "Total Revenue": 148,
        "Gross Profit": 37,
        "Operating Income": 11,
        "EBIT": 15,
        "Net Income": 7
    },
    "2020-12-31": {
        "Diluted EPS": 0.06,
        "Total Revenue": NaN,
        "Gross Profit": NaN,
        "Operating Income": -1,
        "EBIT": -1,
        "Net Income": -20
    },
    "2020-09-30": {
        "Diluted EPS": -0.01,
        "Total Revenue": NaN,
        "Gross Profit": NaN,
        "Operating Income": 0,
        "EBIT": 0,
        "Net Income": -1
    },
    "2020-06-30": {
        "Diluted EPS": -0.74,
        "Total Revenue": NaN,
        "Gross Profit": NaN,
        "Operating Income": 0,
        "EBIT": 0,
        "Net Income": -8
    },
    "2020-03-31": {
        "Diluted EPS": 0.0,
        "Total Revenue": NaN,
        "Gross Profit": NaN,
        "Operating Income": 0,
        "EBIT": 0,
        "Net Income": 0
    },
    "2023-06-30": {
        "Tax Effect Of Unusual Items": -371312.0,
        "Tax Rate For Calcs": 0.184,
        "Normalized EBITDA": 6227000.0,
        "Total Unusual Items": -2018000.0,
        "Total Unusual Items Excluding Goodwill": -2018000.0,
        "Net Income From Continuing Operation Net Minority Interest": -20817000.0,
        "Reconciled Depreciation": 28052000.0,
        "Reconciled Cost Of Revenue": 48293000.0,
        "EBITDA": 4209000.0,
        "EBIT": -23843000.0,
        "Net Interest Income": -12334000.0,
        "Interest Expense": 12334000.0,
        "Normalized Income": -19170312.0,
        "Net Income From Continuing And Discontinued Operation": -34301000.0,
        "Total Expenses": 118739000.0,
        "Total Operating Income As Reported": -21825000.0,
        "Diluted Average Shares": 93799000.0,
        "Basic Average Shares": 93799000.0,
        "Diluted EPS": -0.37,
        "Basic EPS": -0.37,
        "Diluted NI Availto Com Stockholders": -34301000.0,
        "Net Income Common Stockholders": -34301000.0,
        "Net Income": -34301000.0,
        "Minority Interests": 8690000.0,
        "Net Income Including Noncontrolling Interests": -42991000.0,
        "Net Income Discontinuous Operations": -13484000.0,
        "Net Income Continuous Operations": -29507000.0,
        "Tax Provision": -6670000.0,
        "Pretax Income": -36177000.0,
        "Other Income Expense": -2018000.0,
        "Special Income Charges": 0.0,
        "Other Special Charges": NaN,
        "Impairment Of Capital Assets": NaN,
        "Gain On Sale Of Security": -2018000.0,
        "Net Non Operating Interest Income Expense": -12334000.0,
        "Interest Expense Non Operating": 12334000.0,
        "Operating Income": -21825000.0,
        "Operating Expense": 62082000.0,
        "Depreciation Amortization Depletion Income Statement": 19688000.0,
        "Depreciation And Amortization In Income Statement": 19688000.0,
        "Selling General And Administration": 42394000.0,
        "Selling And Marketing Expense": 17735000.0,
        "General And Administrative Expense": 42394000.0,
        "Other Gand A": 15340000.0,
        "Salaries And Wages": 27054000.0,
        "Gross Profit": 40257000.0,
        "Cost Of Revenue": 56657000.0,
        "Total Revenue": 96914000.0,
        "Operating Revenue": 96914000.0
    },
    "2023-09-30": {
        "Tax Effect Of Unusual Items": 233521.710186,
        "Tax Rate For Calcs": 0.034026,
        "Normalized EBITDA": 7090000.0,
        "Total Unusual Items": 6863000.0,
        "Total Unusual Items Excluding Goodwill": 6863000.0,
        "Net Income From Continuing Operation Net Minority Interest": 5776000.0,
        "Reconciled Depreciation": 27938000.0,
        "Reconciled Cost Of Revenue": 42231000.0,
        "EBITDA": 13953000.0,
        "EBIT": -13985000.0,
        "Net Interest Income": -13053000.0,
        "Interest Expense": 13053000.0,
        "Normalized Income": -853478.289814,
        "Net Income From Continuing And Discontinued Operation": -131433000.0,
        "Total Expenses": 108666000.0,
        "Total Operating Income As Reported": -20848000.0,
        "Diluted Average Shares": 93941000.0,
        "Basic Average Shares": 93941000.0,
        "Diluted EPS": -1.4,
        "Basic EPS": -1.4,
        "Diluted NI Availto Com Stockholders": -131433000.0,
        "Net Income Common Stockholders": -131433000.0,
        "Net Income": -131433000.0,
        "Minority Interests": 31894000.0,
        "Net Income Including Noncontrolling Interests": -163327000.0,
        "Net Income Discontinuous Operations": -137209000.0,
        "Net Income Continuous Operations": -26118000.0,
        "Tax Provision": -920000.0,
        "Pretax Income": -27038000.0,
        "Other Income Expense": 6863000.0,
        "Special Income Charges": -619000.0,
        "Other Special Charges": 619000.0,
        "Impairment Of Capital Assets": 0.0,
        "Gain On Sale Of Security": 7482000.0,
        "Net Non Operating Interest Income Expense": -13053000.0,
        "Interest Expense Non Operating": 13053000.0,
        "Operating Income": -20848000.0,
        "Operating Expense": 58081000.0,
        "Depreciation Amortization Depletion Income Statement": 19584000.0,
        "Depreciation And Amortization In Income Statement": 19584000.0,
        "Selling General And Administration": 38497000.0,
        "Selling And Marketing Expense": 11808000.0,
        "General And Administrative Expense": 38497000.0,
        "Other Gand A": 11808000.0,
        "Salaries And Wages": 26689000.0,
        "Gross Profit": 37233000.0,
        "Cost Of Revenue": 50585000.0,
        "Total Revenue": 87818000.0,
        "Operating Revenue": 87818000.0
    },
    "2023-12-31": {
        "Tax Effect Of Unusual Items": -913412.459817,
        "Tax Rate For Calcs": 0.290064,
        "Normalized EBITDA": 1353000.0,
        "Total Unusual Items": -3149000.0,
        "Total Unusual Items Excluding Goodwill": -3149000.0,
        "Net Income From Continuing Operation Net Minority Interest": -15502000.0,
        "Reconciled Depreciation": 19844000.0,
        "Reconciled Cost Of Revenue": 58443000.0,
        "EBITDA": -1796000.0,
        "EBIT": -21640000.0,
        "Net Interest Income": -11956000.0,
        "Interest Expense": 11956000.0,
        "Normalized Income": -13266412.459817,
        "Net Income From Continuing And Discontinued Operation": -26607000.0,
        "Total Expenses": 114611000.0,
        "Total Operating Income As Reported": -18491000.0,
        "Diluted Average Shares": NaN,
        "Basic Average Shares": NaN,
        "Diluted EPS": NaN,
        "Basic EPS": NaN,
        "Diluted NI Availto Com Stockholders": -26607000.0,
        "Net Income Common Stockholders": -26607000.0,
        "Net Income": -26607000.0,
        "Minority Interests": 8349000.0,
        "Net Income Including Noncontrolling Interests": -34956000.0,
        "Net Income Discontinuous Operations": -11105000.0,
        "Net Income Continuous Operations": -23851000.0,
        "Tax Provision": -9745000.0,
        "Pretax Income": -33596000.0,
        "Other Income Expense": -3149000.0,
        "Special Income Charges": -1385000.0,
        "Other Special Charges": 1385000.0,
        "Impairment Of Capital Assets": 0.0,
        "Gain On Sale Of Security": -1764000.0,
        "Net Non Operating Interest Income Expense": -11956000.0,
        "Interest Expense Non Operating": 11956000.0,
        "Operating Income": -18491000.0,
        "Operating Expense": 56061000.0,
        "Depreciation Amortization Depletion Income Statement": 19737000.0,
        "Depreciation And Amortization In Income Statement": 19737000.0,
        "Selling General And Administration": 36324000.0,
        "Selling And Marketing Expense": 12303000.0,
        "General And Administrative Expense": 36324000.0,
        "Other Gand A": 12303000.0,
        "Salaries And Wages": 24021000.0,
        "Gross Profit": 37570000.0,
        "Cost Of Revenue": 58550000.0,
        "Total Revenue": 96120000.0,
        "Operating Revenue": 96120000.0
    },
    "2024-03-31": {
        "Tax Effect Of Unusual Items": 79708.0,
        "Tax Rate For Calcs": 0.004,
        "Normalized EBITDA": -5992000.0,
        "Total Unusual Items": 19927000.0,
        "Total Unusual Items Excluding Goodwill": 19927000.0,
        "Net Income From Continuing Operation Net Minority Interest": -10537000.0,
        "Reconciled Depreciation": 19804000.0,
        "Reconciled Cost Of Revenue": 53698000.0,
        "EBITDA": 13935000.0,
        "EBIT": -5869000.0,
        "Net Interest Income": -7970000.0,
        "Interest Expense": 7970000.0,
        "Normalized Income": -30384292.0,
        "Net Income From Continuing And Discontinued Operation": -10537000.0,
        "Total Expenses": 110713000.0,
        "Total Operating Income As Reported": -25796000.0,
        "Diluted Average Shares": 67781000.0,
        "Basic Average Shares": 67781000.0,
        "Diluted EPS": -0.16,
        "Basic EPS": -0.16,
        "Diluted NI Availto Com Stockholders": -10537000.0,
        "Net Income Common Stockholders": -10537000.0,
        "Net Income": -10537000.0,
        "Minority Interests": 3254000.0,
        "Net Income Including Noncontrolling Interests": -13791000.0,
        "Net Income Discontinuous Operations": 0.0,
        "Net Income Continuous Operations": -13791000.0,
        "Tax Provision": -48000.0,
        "Pretax Income": -13839000.0,
        "Other Income Expense": 19927000.0,
        "Special Income Charges": 19676000.0,
        "Other Special Charges": -19676000.0,
        "Impairment Of Capital Assets": NaN,
        "Gain On Sale Of Security": 251000.0,
        "Net Non Operating Interest Income Expense": -7970000.0,
        "Interest Expense Non Operating": 7970000.0,
        "Operating Income": -25796000.0,
        "Operating Expense": 57015000.0,
        "Depreciation Amortization Depletion Income Statement": 19804000.0,
        "Depreciation And Amortization In Income Statement": 19804000.0,
        "Selling General And Administration": 37211000.0,
        "Selling And Marketing Expense": NaN,
        "General And Administrative Expense": 37211000.0,
        "Other Gand A": 12728000.0,
        "Salaries And Wages": 24483000.0,
        "Gross Profit": 31219000.0,
        "Cost Of Revenue": 53698000.0,
        "Total Revenue": 84917000.0,
        "Operating Revenue": 84917000.0
    },
    "2024-06-30": {
        "Tax Effect Of Unusual Items": 9670.0,
        "Tax Rate For Calcs": 0.005,
        "Normalized EBITDA": -9128000.0,
        "Total Unusual Items": 1934000.0,
        "Total Unusual Items Excluding Goodwill": 1934000.0,
        "Net Income From Continuing Operation Net Minority Interest": -26373000.0,
        "Reconciled Depreciation": 19958000.0,
        "Reconciled Cost Of Revenue": 55783000.0,
        "EBITDA": -7194000.0,
        "EBIT": -27152000.0,
        "Net Interest Income": -7871000.0,
        "Interest Expense": 7871000.0,
        "Normalized Income": -28297330.0,
        "Net Income From Continuing And Discontinued Operation": -26373000.0,
        "Total Expenses": 123667000.0,
        "Total Operating Income As Reported": -29086000.0,
        "Diluted Average Shares": 69383000.0,
        "Basic Average Shares": 69383000.0,
        "Diluted EPS": -0.38,
        "Basic EPS": -0.38,
        "Diluted NI Availto Com Stockholders": -26373000.0,
        "Net Income Common Stockholders": -26373000.0,
        "Net Income": -26373000.0,
        "Minority Interests": 8472000.0,
        "Net Income Including Noncontrolling Interests": -34845000.0,
        "Net Income Discontinuous Operations": 0.0,
        "Net Income Continuous Operations": -34845000.0,
        "Tax Provision": -178000.0,
        "Pretax Income": -35023000.0,
        "Other Income Expense": 1934000.0,
        "Special Income Charges": 433000.0,
        "Other Special Charges": -433000.0,
        "Impairment Of Capital Assets": NaN,
        "Gain On Sale Of Security": 1501000.0,
        "Net Non Operating Interest Income Expense": -7871000.0,
        "Interest Expense Non Operating": 7871000.0,
        "Operating Income": -29086000.0,
        "Operating Expense": 67869000.0,
        "Depreciation Amortization Depletion Income Statement": 19943000.0,
        "Depreciation And Amortization In Income Statement": 19943000.0,
        "Selling General And Administration": 47926000.0,
        "Selling And Marketing Expense": NaN,
        "General And Administrative Expense": 47926000.0,
        "Other Gand A": 13989000.0,
        "Salaries And Wages": 33937000.0,
        "Gross Profit": 38783000.0,
        "Cost Of Revenue": 55798000.0,
        "Total Revenue": 94581000.0,
        "Operating Revenue": 94581000.0
    }
}