{
    "2023-03-31": {
        "Tax Effect Of Unusual Items": NaN,
        "Tax Rate For Calcs": NaN,
        "Normalized EBITDA": NaN,
        "Total Unusual Items": NaN,
        "Total Unusual Items Excluding Goodwill": NaN,
        "Net Income From Continuing Operation Net Minority Interest": NaN,
        "Reconciled Depreciation": NaN,
        "Reconciled Cost Of Revenue": NaN,
        "EBITDA": NaN,
        "EBIT": NaN,
        "Net Interest Income": NaN,
        "Interest Income": 54000.0,
        "Normalized Income": NaN,
        "Net Income From Continuing And Discontinued Operation": NaN,
        "Total Expenses": NaN,
        "Total Operating Income As Reported": NaN,
        "Diluted Average Shares": NaN,
        "Basic Average Shares": NaN,
        "Diluted EPS": NaN,
        "Basic EPS": NaN,
        "Diluted NI Availto Com Stockholders": NaN,
        "Net Income Common Stockholders": NaN,
        "Net Income": NaN,
        "Net Income Including Noncontrolling Interests": NaN,
        "Net Income Continuous Operations": NaN,
        "Tax Provision": NaN,
        "Pretax Income": NaN,
        "Other Income Expense": NaN,
        "Other Non Operating Income Expenses": NaN,
        "Special Income Charges": NaN,
        "Restructuring And Mergern Acquisition": NaN,
        "Net Non Operating Interest Income Expense": NaN,
        "Total Other Finance Cost": NaN,
        "Interest Income Non Operating": 54000.0,
        "Operating Income": NaN,
        "Operating Expense": NaN,
        "Research And Development": NaN,
        "Selling General And Administration": NaN,
        "Selling And Marketing Expense": NaN,
        "General And Administrative Expense": NaN,
        "Other Gand A": NaN,
        "Gross Profit": NaN,
        "Cost Of Revenue": NaN,
        "Total Revenue": NaN,
        "Operating Revenue": NaN
    },
    "2022-12-31": {
        "Tax Effect Of Unusual Items": 65520.0,
        "Tax Rate For Calcs": 0.21,
        "Normalized EBITDA": 1788000.0,
        "Total Unusual Items": 312000.0,
        "Total Unusual Items Excluding Goodwill": 312000.0,
        "Net Income From Continuing Operation Net Minority Interest": -1045000.0,
        "Reconciled Depreciation": 2375000.0,
        "Reconciled Cost Of Revenue": 9088000.0,
        "EBITDA": 2100000.0,
        "EBIT": -275000.0,
        "Net Interest Income": 19000.0,
        "Interest Income": NaN,
        "Normalized Income": -1291480.0,
        "Net Income From Continuing And Discontinued Operation": -1045000.0,
        "Total Expenses": 21273000.0,
        "Total Operating Income As Reported": 37000.0,
        "Diluted Average Shares": NaN,
        "Basic Average Shares": NaN,
        "Diluted EPS": NaN,
        "Basic EPS": NaN,
        "Diluted NI Availto Com Stockholders": -1045000.0,
        "Net Income Common Stockholders": -1045000.0,
        "Net Income": -1045000.0,
        "Net Income Including Noncontrolling Interests": -1045000.0,
        "Net Income Continuous Operations": -1045000.0,
        "Tax Provision": 1167000.0,
        "Pretax Income": 122000.0,
        "Other Income Expense": 378000.0,
        "Other Non Operating Income Expenses": 66000.0,
        "Special Income Charges": 312000.0,
        "Restructuring And Mergern Acquisition": -312000.0,
        "Net Non Operating Interest Income Expense": 19000.0,
        "Total Other Finance Cost": NaN,
        "Interest Income Non Operating": NaN,
        "Operating Income": -275000.0,
        "Operating Expense": 12185000.0,
        "Research And Development": 2456000.0,
        "Selling General And Administration": 9729000.0,
        "Selling And Marketing Expense": 5689000.0,
        "General And Administrative Expense": 4040000.0,
        "Other Gand A": 4040000.0,
        "Gross Profit": 11910000.0,
        "Cost Of Revenue": 9088000.0,
        "Total Revenue": 20998000.0,
        "Operating Revenue": 20998000.0
    },
    "2022-09-30": {
        "Tax Effect Of Unusual Items": NaN,
        "Tax Rate For Calcs": NaN,
        "Normalized EBITDA": NaN,
        "Total Unusual Items": NaN,
        "Total Unusual Items Excluding Goodwill": NaN,
        "Net Income From Continuing Operation Net Minority Interest": NaN,
        "Reconciled Depreciation": NaN,
        "Reconciled Cost Of Revenue": NaN,
        "EBITDA": NaN,
        "EBIT": NaN,
        "Net Interest Income": NaN,
        "Interest Income": NaN,
        "Normalized Income": NaN,
        "Net Income From Continuing And Discontinued Operation": NaN,
        "Total Expenses": NaN,
        "Total Operating Income As Reported": NaN,
        "Diluted Average Shares": NaN,
        "Basic Average Shares": NaN,
        "Diluted EPS": NaN,
        "Basic EPS": NaN,
        "Diluted NI Availto Com Stockholders": NaN,
        "Net Income Common Stockholders": NaN,
        "Net Income": NaN,
        "Net Income Including Noncontrolling Interests": NaN,
        "Net Income Continuous Operations": NaN,
        "Tax Provision": NaN,
        "Pretax Income": NaN,
        "Other Income Expense": NaN,
        "Other Non Operating Income Expenses": NaN,
        "Special Income Charges": NaN,
        "Restructuring And Mergern Acquisition": NaN,
        "Net Non Operating Interest Income Expense": NaN,
        "Total Other Finance Cost": -11000.0,
        "Interest Income Non Operating": NaN,
        "Operating Income": NaN,
        "Operating Expense": NaN,
        "Research And Development": NaN,
        "Selling General And Administration": NaN,
        "Selling And Marketing Expense": NaN,
        "General And Administrative Expense": NaN,
        "Other Gand A": NaN,
        "Gross Profit": NaN,
        "Cost Of Revenue": NaN,
        "Total Revenue": NaN,
        "Operating Revenue": NaN
    },
    "2022-06-30": {
        "Tax Effect Of Unusual Items": 0.0,
        "Tax Rate For Calcs": 0.0,
        "Normalized EBITDA": -3671000.0,
        "Total Unusual Items": 3437000.0,
        "Total Unusual Items Excluding Goodwill": 3437000.0,
        "Net Income From Continuing Operation Net Minority Interest": 3010000.0,
        "Reconciled Depreciation": 2356000.0,
        "Reconciled Cost Of Revenue": 8367000.0,
        "EBITDA": -234000.0,
        "EBIT": -234000.0,
        "Net Interest Income": 7000.0,
        "Interest Income": NaN,
        "Normalized Income": -427000.0,
        "Net Income From Continuing And Discontinued Operation": 3010000.0,
        "Total Expenses": 20250000.0,
        "Total Operating Income As Reported": 3203000.0,
        "Diluted Average Shares": 12309701.0,
        "Basic Average Shares": 12145993.0,
        "Diluted EPS": 0.24,
        "Basic EPS": 0.25,
        "Diluted NI Availto Com Stockholders": 3010000.0,
        "Net Income Common Stockholders": 3010000.0,
        "Net Income": 3010000.0,
        "Net Income Including Noncontrolling Interests": 3010000.0,
        "Net Income Continuous Operations": 3010000.0,
        "Tax Provision": 0.0,
        "Pretax Income": 3010000.0,
        "Other Income Expense": 3237000.0,
        "Other Non Operating Income Expenses": -200000.0,
        "Special Income Charges": 3437000.0,
        "Restructuring And Mergern Acquisition": -3437000.0,
        "Net Non Operating Interest Income Expense": 7000.0,
        "Total Other Finance Cost": -7000.0,
        "Interest Income Non Operating": NaN,
        "Operating Income": -234000.0,
        "Operating Expense": 11883000.0,
        "Research And Development": 2534000.0,
        "Selling General And Administration": 9349000.0,
        "Selling And Marketing Expense": 5794000.0,
        "General And Administrative Expense": 3555000.0,
        "Other Gand A": 3555000.0,
        "Gross Profit": 11649000.0,
        "Cost Of Revenue": 8367000.0,
        "Total Revenue": 20016000.0,
        "Operating Revenue": 20016000.0
    },
    "2022-03-31": {
        "Diluted EPS": 0.03,
        "Total Revenue": 21,
        "Gross Profit": 13,
        "Operating Income": 0,
        "EBIT": 3,
        "Net Income": 0
    },
    "2021-12-31": {
        "Diluted EPS": -0.29,
        "Total Revenue": 14,
        "Gross Profit": 7,
        "Operating Income": -3,
        "EBIT": -1,
        "Net Income": -3
    },
    "2021-09-30": {
        "Diluted EPS": -0.08,
        "Total Revenue": 15,
        "Gross Profit": 8,
        "Operating Income": -1,
        "EBIT": 1,
        "Net Income": -1
    },
    "2021-06-30": {
        "Diluted EPS": -0.02,
        "Total Revenue": 15,
        "Gross Profit": 8,
        "Operating Income": 0,
        "EBIT": 2,
        "Net Income": 0
    },
    "2021-03-31": {
        "Diluted EPS": 0.01,
        "Total Revenue": 15,
        "Gross Profit": 9,
        "Operating Income": 0,
        "EBIT": 2,
        "Net Income": 0
    },
    "2020-12-31": {
        "Diluted EPS": -0.02,
        "Total Revenue": 13,
        "Gross Profit": 7,
        "Operating Income": 0,
        "EBIT": 1,
        "Net Income": 0
    },
    "2020-09-30": {
        "Diluted EPS": 0.05,
        "Total Revenue": 11,
        "Gross Profit": 6,
        "Operating Income": 1,
        "EBIT": 2,
        "Net Income": 1
    },
    "2020-06-30": {
        "Diluted EPS": 0.07,
        "Total Revenue": 11,
        "Gross Profit": 7,
        "Operating Income": 1,
        "EBIT": 2,
        "Net Income": 1
    },
    "2020-03-31": {
        "Diluted EPS": 0.0,
        "Total Revenue": 10,
        "Gross Profit": 6,
        "Operating Income": 0,
        "EBIT": 1,
        "Net Income": 0
    },
    "2019-12-31": {
        "Diluted EPS": 0.11,
        "Total Revenue": 11,
        "Gross Profit": 7,
        "Operating Income": 1,
        "EBIT": 3,
        "Net Income": 1
    },
    "2019-09-30": {
        "Diluted EPS": 0.04,
        "Total Revenue": 10,
        "Gross Profit": 6,
        "Operating Income": 0,
        "EBIT": 4,
        "Net Income": 0
    },
    "2019-06-30": {
        "Diluted EPS": 0.03,
        "Total Revenue": 10,
        "Gross Profit": 6,
        "Operating Income": 0,
        "EBIT": -1,
        "Net Income": 0
    },
    "2019-03-31": {
        "Diluted EPS": -0.03,
        "Total Revenue": 10,
        "Gross Profit": 6,
        "Operating Income": 0,
        "EBIT": 1,
        "Net Income": 0
    },
    "2018-12-31": {
        "Diluted EPS": 0.02,
        "Total Revenue": 10,
        "Gross Profit": 6,
        "Operating Income": 0,
        "EBIT": 2,
        "Net Income": 0
    },
    "2018-09-30": {
        "Diluted EPS": -0.13,
        "Total Revenue": 9,
        "Gross Profit": 5,
        "Operating Income": -2,
        "EBIT": -1,
        "Net Income": -1
    },
    "2018-06-30": {
        "Diluted EPS": -0.03,
        "Total Revenue": 9,
        "Gross Profit": 5,
        "Operating Income": 0,
        "EBIT": 1,
        "Net Income": 0
    },
    "2018-03-31": {
        "Diluted EPS": -0.12,
        "Total Revenue": 7,
        "Gross Profit": 4,
        "Operating Income": -1,
        "EBIT": 0,
        "Net Income": -1
    },
    "2017-12-31": {
        "Diluted EPS": 0.65,
        "Total Revenue": 7,
        "Gross Profit": 3,
        "Operating Income": -2,
        "EBIT": -1,
        "Net Income": -3
    },
    "2017-09-30": {
        "Diluted EPS": -0.17,
        "Total Revenue": 7,
        "Gross Profit": 3,
        "Operating Income": -1,
        "EBIT": 0,
        "Net Income": -2
    },
    "2017-06-30": {
        "Diluted EPS": -1.16,
        "Total Revenue": 6,
        "Gross Profit": 3,
        "Operating Income": 0,
        "EBIT": 1,
        "Net Income": -4
    },
    "2017-03-31": {
        "Diluted EPS": -0.93,
        "Total Revenue": 5,
        "Gross Profit": 2,
        "Operating Income": -1,
        "EBIT": 0,
        "Net Income": -2
    },
    "2016-12-31": {
        "Diluted EPS": 0.0,
        "Total Revenue": NaN,
        "Gross Profit": NaN,
        "Operating Income": NaN,
        "EBIT": NaN,
        "Net Income": NaN
    },
    "2016-09-30": {
        "Diluted EPS": -0.96,
        "Total Revenue": 4,
        "Gross Profit": 2,
        "Operating Income": -1,
        "EBIT": 0,
        "Net Income": -2
    },
    "2016-06-30": {
        "Diluted EPS": -1.44,
        "Total Revenue": 4,
        "Gross Profit": 2,
        "Operating Income": -1,
        "EBIT": -1,
        "Net Income": -2
    },
    "2015-12-31": {
        "Diluted EPS": 0.0,
        "Total Revenue": NaN,
        "Gross Profit": NaN,
        "Operating Income": NaN,
        "EBIT": NaN,
        "Net Income": NaN
    },
    "2023-06-30": {
        "Tax Effect Of Unusual Items": 209790.0,
        "Tax Rate For Calcs": 0.21,
        "Normalized EBITDA": -1203000.0,
        "Total Unusual Items": 999000.0,
        "Total Unusual Items Excluding Goodwill": 999000.0,
        "Net Income From Continuing Operation Net Minority Interest": -2697000.0,
        "Reconciled Depreciation": 3147000.0,
        "Reconciled Cost Of Revenue": 9413000.0,
        "EBITDA": -204000.0,
        "EBIT": -3351000.0,
        "Net Interest Income": 52000.0,
        "Interest Income": 52000.0,
        "Normalized Income": -3486210.0,
        "Net Income From Continuing And Discontinued Operation": -2697000.0,
        "Total Expenses": 25426000.0,
        "Total Operating Income As Reported": -2352000.0,
        "Diluted Average Shares": NaN,
        "Basic Average Shares": NaN,
        "Diluted EPS": NaN,
        "Basic EPS": NaN,
        "Diluted NI Availto Com Stockholders": -2697000.0,
        "Net Income Common Stockholders": -2697000.0,
        "Net Income": -2697000.0,
        "Net Income Including Noncontrolling Interests": -2697000.0,
        "Net Income Continuous Operations": -2697000.0,
        "Tax Provision": 344000.0,
        "Pretax Income": -2353000.0,
        "Other Income Expense": 946000.0,
        "Other Non Operating Income Expenses": -53000.0,
        "Special Income Charges": 999000.0,
        "Restructuring And Mergern Acquisition": -999000.0,
        "Net Non Operating Interest Income Expense": 52000.0,
        "Total Other Finance Cost": -52000.0,
        "Interest Income Non Operating": 52000.0,
        "Operating Income": -3351000.0,
        "Operating Expense": 16013000.0,
        "Research And Development": 3057000.0,
        "Selling General And Administration": 12956000.0,
        "Selling And Marketing Expense": 7443000.0,
        "General And Administrative Expense": 5513000.0,
        "Other Gand A": 5513000.0,
        "Gross Profit": 12662000.0,
        "Cost Of Revenue": 9413000.0,
        "Total Revenue": 22075000.0,
        "Operating Revenue": 22075000.0
    },
    "2023-09-30": {
        "Tax Effect Of Unusual Items": -17220.0,
        "Tax Rate For Calcs": 0.21,
        "Normalized EBITDA": 1157000.0,
        "Total Unusual Items": -82000.0,
        "Total Unusual Items Excluding Goodwill": -82000.0,
        "Net Income From Continuing Operation Net Minority Interest": -1874000.0,
        "Reconciled Depreciation": 2475000.0,
        "Reconciled Cost Of Revenue": 10225000.0,
        "EBITDA": 1075000.0,
        "EBIT": -1400000.0,
        "Net Interest Income": -42000.0,
        "Interest Income": NaN,
        "Normalized Income": -1809220.0,
        "Net Income From Continuing And Discontinued Operation": -1874000.0,
        "Total Expenses": 25377000.0,
        "Total Operating Income As Reported": -1482000.0,
        "Diluted Average Shares": 12480830.0,
        "Basic Average Shares": 12480830.0,
        "Diluted EPS": -0.15,
        "Basic EPS": -0.15,
        "Diluted NI Availto Com Stockholders": -1874000.0,
        "Net Income Common Stockholders": -1874000.0,
        "Net Income": -1874000.0,
        "Net Income Including Noncontrolling Interests": -1874000.0,
        "Net Income Continuous Operations": -1874000.0,
        "Tax Provision": 299000.0,
        "Pretax Income": -1575000.0,
        "Other Income Expense": -133000.0,
        "Other Non Operating Income Expenses": -51000.0,
        "Special Income Charges": -82000.0,
        "Restructuring And Mergern Acquisition": 82000.0,
        "Net Non Operating Interest Income Expense": -42000.0,
        "Total Other Finance Cost": 42000.0,
        "Interest Income Non Operating": NaN,
        "Operating Income": -1400000.0,
        "Operating Expense": 15152000.0,
        "Research And Development": 3186000.0,
        "Selling General And Administration": 11966000.0,
        "Selling And Marketing Expense": 6289000.0,
        "General And Administrative Expense": 5677000.0,
        "Other Gand A": 5677000.0,
        "Gross Profit": 13752000.0,
        "Cost Of Revenue": 10225000.0,
        "Total Revenue": 23977000.0,
        "Operating Revenue": 23977000.0
    },
    "2023-12-31": {
        "Tax Effect Of Unusual Items": NaN,
        "Tax Rate For Calcs": NaN,
        "Normalized EBITDA": NaN,
        "Total Unusual Items": NaN,
        "Total Unusual Items Excluding Goodwill": NaN,
        "Net Income From Continuing Operation Net Minority Interest": NaN,
        "Reconciled Depreciation": NaN,
        "Reconciled Cost Of Revenue": NaN,
        "EBITDA": NaN,
        "EBIT": NaN,
        "Net Interest Income": NaN,
        "Interest Income": NaN,
        "Normalized Income": NaN,
        "Net Income From Continuing And Discontinued Operation": NaN,
        "Total Expenses": NaN,
        "Total Operating Income As Reported": NaN,
        "Diluted Average Shares": 12856219.0,
        "Basic Average Shares": 12736747.0,
        "Diluted EPS": 0.28,
        "Basic EPS": 0.29,
        "Diluted NI Availto Com Stockholders": NaN,
        "Net Income Common Stockholders": NaN,
        "Net Income": NaN,
        "Net Income Including Noncontrolling Interests": NaN,
        "Net Income Continuous Operations": NaN,
        "Tax Provision": NaN,
        "Pretax Income": NaN,
        "Other Income Expense": NaN,
        "Other Non Operating Income Expenses": NaN,
        "Special Income Charges": NaN,
        "Restructuring And Mergern Acquisition": NaN,
        "Net Non Operating Interest Income Expense": NaN,
        "Total Other Finance Cost": NaN,
        "Interest Income Non Operating": NaN,
        "Operating Income": NaN,
        "Operating Expense": NaN,
        "Research And Development": NaN,
        "Selling General And Administration": NaN,
        "Selling And Marketing Expense": NaN,
        "General And Administrative Expense": NaN,
        "Other Gand A": NaN,
        "Gross Profit": NaN,
        "Cost Of Revenue": NaN,
        "Total Revenue": NaN,
        "Operating Revenue": NaN
    },
    "2024-03-31": {
        "Tax Effect Of Unusual Items": 0.0,
        "Tax Rate For Calcs": 0.21,
        "Normalized EBITDA": -77000.0,
        "Total Unusual Items": 0.0,
        "Total Unusual Items Excluding Goodwill": 0.0,
        "Net Income From Continuing Operation Net Minority Interest": -2909000.0,
        "Reconciled Depreciation": 2538000.0,
        "Reconciled Cost Of Revenue": 10523000.0,
        "EBITDA": -77000.0,
        "EBIT": -2615000.0,
        "Net Interest Income": -122000.0,
        "Interest Income": NaN,
        "Normalized Income": -2909000.0,
        "Net Income From Continuing And Discontinued Operation": -2909000.0,
        "Total Expenses": 28025000.0,
        "Total Operating Income As Reported": -2615000.0,
        "Diluted Average Shares": 12770988.0,
        "Basic Average Shares": 12770988.0,
        "Diluted EPS": -0.23,
        "Basic EPS": -0.23,
        "Diluted NI Availto Com Stockholders": -2909000.0,
        "Net Income Common Stockholders": -2909000.0,
        "Net Income": -2909000.0,
        "Net Income Including Noncontrolling Interests": -2909000.0,
        "Net Income Continuous Operations": -2909000.0,
        "Tax Provision": 114000.0,
        "Pretax Income": -2795000.0,
        "Other Income Expense": -58000.0,
        "Other Non Operating Income Expenses": -58000.0,
        "Special Income Charges": 0.0,
        "Restructuring And Mergern Acquisition": 0.0,
        "Net Non Operating Interest Income Expense": -122000.0,
        "Total Other Finance Cost": 122000.0,
        "Interest Income Non Operating": NaN,
        "Operating Income": -2615000.0,
        "Operating Expense": 17502000.0,
        "Research And Development": 3560000.0,
        "Selling General And Administration": 13942000.0,
        "Selling And Marketing Expense": 7112000.0,
        "General And Administrative Expense": 6830000.0,
        "Other Gand A": 6830000.0,
        "Gross Profit": 14887000.0,
        "Cost Of Revenue": 10523000.0,
        "Total Revenue": 25410000.0,
        "Operating Revenue": 25410000.0
    },
    "2024-06-30": {
        "Tax Effect Of Unusual Items": 116340.0,
        "Tax Rate For Calcs": 0.21,
        "Normalized EBITDA": 1366000.0,
        "Total Unusual Items": 554000.0,
        "Total Unusual Items Excluding Goodwill": 554000.0,
        "Net Income From Continuing Operation Net Minority Interest": -752000.0,
        "Reconciled Depreciation": 2517000.0,
        "Reconciled Cost Of Revenue": 10887000.0,
        "EBITDA": 1920000.0,
        "EBIT": -597000.0,
        "Net Interest Income": -61000.0,
        "Interest Income": NaN,
        "Normalized Income": -1189660.0,
        "Net Income From Continuing And Discontinued Operation": -752000.0,
        "Total Expenses": 27557000.0,
        "Total Operating Income As Reported": -43000.0,
        "Diluted Average Shares": 12792952.0,
        "Basic Average Shares": 12792952.0,
        "Diluted EPS": -0.06,
        "Basic EPS": -0.06,
        "Diluted NI Availto Com Stockholders": -752000.0,
        "Net Income Common Stockholders": -752000.0,
        "Net Income": -752000.0,
        "Net Income Including Noncontrolling Interests": -752000.0,
        "Net Income Continuous Operations": -752000.0,
        "Tax Provision": 234000.0,
        "Pretax Income": -518000.0,
        "Other Income Expense": 140000.0,
        "Other Non Operating Income Expenses": -414000.0,
        "Special Income Charges": 554000.0,
        "Restructuring And Mergern Acquisition": -554000.0,
        "Net Non Operating Interest Income Expense": -61000.0,
        "Total Other Finance Cost": 61000.0,
        "Interest Income Non Operating": NaN,
        "Operating Income": -597000.0,
        "Operating Expense": 16670000.0,
        "Research And Development": 3468000.0,
        "Selling General And Administration": 13202000.0,
        "Selling And Marketing Expense": 7322000.0,
        "General And Administrative Expense": 5880000.0,
        "Other Gand A": 5880000.0,
        "Gross Profit": 16073000.0,
        "Cost Of Revenue": 10887000.0,
        "Total Revenue": 26960000.0,
        "Operating Revenue": 26960000.0
    },
    "2024-09-30": {
        "Tax Effect Of Unusual Items": 0.0,
        "Tax Rate For Calcs": 0.21,
        "Normalized EBITDA": 1461000.0,
        "Total Unusual Items": 0.0,
        "Total Unusual Items Excluding Goodwill": 0.0,
        "Net Income From Continuing Operation Net Minority Interest": -1440000.0,
        "Reconciled Depreciation": 2507000.0,
        "Reconciled Cost Of Revenue": 11033000.0,
        "EBITDA": 1461000.0,
        "EBIT": -1046000.0,
        "Net Interest Income": 7000.0,
        "Interest Income": NaN,
        "Normalized Income": -1440000.0,
        "Net Income From Continuing And Discontinued Operation": -1440000.0,
        "Total Expenses": 27296000.0,
        "Total Operating Income As Reported": -1046000.0,
        "Diluted Average Shares": 12688850.0,
        "Basic Average Shares": 12688850.0,
        "Diluted EPS": -0.11,
        "Basic EPS": -0.11,
        "Diluted NI Availto Com Stockholders": -1440000.0,
        "Net Income Common Stockholders": -1440000.0,
        "Net Income": -1440000.0,
        "Net Income Including Noncontrolling Interests": -1440000.0,
        "Net Income Continuous Operations": -1440000.0,
        "Tax Provision": 319000.0,
        "Pretax Income": -1121000.0,
        "Other Income Expense": -82000.0,
        "Other Non Operating Income Expenses": -82000.0,
        "Special Income Charges": 0.0,
        "Restructuring And Mergern Acquisition": 0.0,
        "Net Non Operating Interest Income Expense": 7000.0,
        "Total Other Finance Cost": -7000.0,
        "Interest Income Non Operating": NaN,
        "Operating Income": -1046000.0,
        "Operating Expense": 16263000.0,
        "Research And Development": 3413000.0,
        "Selling General And Administration": 12850000.0,
        "Selling And Marketing Expense": 7181000.0,
        "General And Administrative Expense": 5669000.0,
        "Other Gand A": 5669000.0,
        "Gross Profit": 15217000.0,
        "Cost Of Revenue": 11033000.0,
        "Total Revenue": 26250000.0,
        "Operating Revenue": 26250000.0
    }
}