{
    "2023-03-31": {
        "Tax Effect Of Unusual Items": 229977.0,
        "Tax Rate For Calcs": 0.207,
        "Normalized EBITDA": 59430000.0,
        "Total Unusual Items": 1111000.0,
        "Total Unusual Items Excluding Goodwill": 1111000.0,
        "Net Income From Continuing Operation Net Minority Interest": 32843000.0,
        "Reconciled Depreciation": 18896000.0,
        "Reconciled Cost Of Revenue": 78163000.0,
        "EBITDA": 60541000.0,
        "EBIT": 41645000.0,
        "Net Interest Income": -231000.0,
        "Interest Expense": 231000.0,
        "Interest Income": NaN,
        "Normalized Income": 31961977.0,
        "Net Income From Continuing And Discontinued Operation": 32843000.0,
        "Total Expenses": 174911000.0,
        "Total Operating Income As Reported": 40369000.0,
        "Diluted Average Shares": 36575000.0,
        "Basic Average Shares": 35856000.0,
        "Diluted EPS": 0.9,
        "Basic EPS": 0.92,
        "Diluted NI Availto Com Stockholders": 32843000.0,
        "Net Income Common Stockholders": 32843000.0,
        "Net Income": 32843000.0,
        "Net Income Including Noncontrolling Interests": 32843000.0,
        "Net Income Continuous Operations": 32843000.0,
        "Tax Provision": 8571000.0,
        "Pretax Income": 41414000.0,
        "Other Income Expense": 1276000.0,
        "Other Non Operating Income Expenses": 165000.0,
        "Special Income Charges": NaN,
        "Restructuring And Mergern Acquisition": NaN,
        "Gain On Sale Of Security": 1111000.0,
        "Net Non Operating Interest Income Expense": -231000.0,
        "Interest Expense Non Operating": 231000.0,
        "Interest Income Non Operating": NaN,
        "Operating Income": 40369000.0,
        "Operating Expense": 96748000.0,
        "Research And Development": 15406000.0,
        "Selling General And Administration": 81342000.0,
        "Selling And Marketing Expense": 47527000.0,
        "General And Administrative Expense": 33815000.0,
        "Other Gand A": 33815000.0,
        "Gross Profit": 137117000.0,
        "Cost Of Revenue": 78163000.0,
        "Total Revenue": 215280000.0,
        "Operating Revenue": 215280000.0
    },
    "2022-12-31": {
        "Tax Effect Of Unusual Items": -2944397.108943,
        "Tax Rate For Calcs": 0.171936,
        "Normalized EBITDA": 44961000.0,
        "Total Unusual Items": -17125000.0,
        "Total Unusual Items Excluding Goodwill": -17125000.0,
        "Net Income From Continuing Operation Net Minority Interest": 7046000.0,
        "Reconciled Depreciation": 18636000.0,
        "Reconciled Cost Of Revenue": 87925000.0,
        "EBITDA": 27836000.0,
        "EBIT": 9200000.0,
        "Net Interest Income": -691000.0,
        "Interest Expense": 691000.0,
        "Interest Income": NaN,
        "Normalized Income": 21226602.891057,
        "Net Income From Continuing And Discontinued Operation": 7046000.0,
        "Total Expenses": 191415000.0,
        "Total Operating Income As Reported": 7647000.0,
        "Diluted Average Shares": 36147000.0,
        "Basic Average Shares": 35821000.0,
        "Diluted EPS": NaN,
        "Basic EPS": NaN,
        "Diluted NI Availto Com Stockholders": 7046000.0,
        "Net Income Common Stockholders": 7046000.0,
        "Net Income": 7046000.0,
        "Net Income Including Noncontrolling Interests": 7046000.0,
        "Net Income Continuous Operations": 7046000.0,
        "Tax Provision": 1463000.0,
        "Pretax Income": 8509000.0,
        "Other Income Expense": -17111000.0,
        "Other Non Operating Income Expenses": 14000.0,
        "Special Income Charges": NaN,
        "Restructuring And Mergern Acquisition": NaN,
        "Gain On Sale Of Security": 1539000.0,
        "Net Non Operating Interest Income Expense": -691000.0,
        "Interest Expense Non Operating": 691000.0,
        "Interest Income Non Operating": NaN,
        "Operating Income": 26311000.0,
        "Operating Expense": 103490000.0,
        "Research And Development": 17112000.0,
        "Selling General And Administration": 86378000.0,
        "Selling And Marketing Expense": 47819000.0,
        "General And Administrative Expense": 38559000.0,
        "Other Gand A": 38559000.0,
        "Gross Profit": 129801000.0,
        "Cost Of Revenue": 87925000.0,
        "Total Revenue": 217726000.0,
        "Operating Revenue": 217726000.0
    },
    "2022-09-30": {
        "Tax Effect Of Unusual Items": -168516.0,
        "Tax Rate For Calcs": 0.151,
        "Normalized EBITDA": 46953000.0,
        "Total Unusual Items": -1116000.0,
        "Total Unusual Items Excluding Goodwill": -1116000.0,
        "Net Income From Continuing Operation Net Minority Interest": 23040000.0,
        "Reconciled Depreciation": 18259000.0,
        "Reconciled Cost Of Revenue": 79911000.0,
        "EBITDA": 45837000.0,
        "EBIT": 27578000.0,
        "Net Interest Income": -439000.0,
        "Interest Expense": 439000.0,
        "Interest Income": NaN,
        "Normalized Income": 23987484.0,
        "Net Income From Continuing And Discontinued Operation": 23040000.0,
        "Total Expenses": 175411000.0,
        "Total Operating Income As Reported": 28685000.0,
        "Diluted Average Shares": 36269000.0,
        "Basic Average Shares": 35929000.0,
        "Diluted EPS": 0.64,
        "Basic EPS": 0.64,
        "Diluted NI Availto Com Stockholders": 23040000.0,
        "Net Income Common Stockholders": 23040000.0,
        "Net Income": 23040000.0,
        "Net Income Including Noncontrolling Interests": 23040000.0,
        "Net Income Continuous Operations": 23040000.0,
        "Tax Provision": 4099000.0,
        "Pretax Income": 27139000.0,
        "Other Income Expense": -1107000.0,
        "Other Non Operating Income Expenses": 9000.0,
        "Special Income Charges": NaN,
        "Impairment Of Capital Assets": NaN,
        "Restructuring And Mergern Acquisition": NaN,
        "Gain On Sale Of Security": -1116000.0,
        "Net Non Operating Interest Income Expense": -439000.0,
        "Interest Expense Non Operating": 439000.0,
        "Interest Income Non Operating": NaN,
        "Operating Income": 28685000.0,
        "Operating Expense": 95500000.0,
        "Research And Development": 17534000.0,
        "Selling General And Administration": 77966000.0,
        "Selling And Marketing Expense": 47777000.0,
        "General And Administrative Expense": 30189000.0,
        "Other Gand A": 30189000.0,
        "Gross Profit": 124185000.0,
        "Cost Of Revenue": 79911000.0,
        "Total Revenue": 204096000.0,
        "Operating Revenue": 204096000.0
    },
    "2022-06-30": {
        "Tax Effect Of Unusual Items": -359280.0,
        "Tax Rate For Calcs": 0.144,
        "Normalized EBITDA": 41923000.0,
        "Total Unusual Items": -2495000.0,
        "Total Unusual Items Excluding Goodwill": -2495000.0,
        "Net Income From Continuing Operation Net Minority Interest": 19445000.0,
        "Reconciled Depreciation": 16510000.0,
        "Reconciled Cost Of Revenue": 77019000.0,
        "EBITDA": 39428000.0,
        "EBIT": 22918000.0,
        "Net Interest Income": -205000.0,
        "Interest Expense": 205000.0,
        "Interest Income": NaN,
        "Normalized Income": 21580720.0,
        "Net Income From Continuing And Discontinued Operation": 19445000.0,
        "Total Expenses": 181498000.0,
        "Total Operating Income As Reported": 25374000.0,
        "Diluted Average Shares": 36578000.0,
        "Basic Average Shares": 36123000.0,
        "Diluted EPS": 0.53,
        "Basic EPS": 0.54,
        "Diluted NI Availto Com Stockholders": 19445000.0,
        "Net Income Common Stockholders": 19445000.0,
        "Net Income": 19445000.0,
        "Net Income Including Noncontrolling Interests": 19445000.0,
        "Net Income Continuous Operations": 19445000.0,
        "Tax Provision": 3268000.0,
        "Pretax Income": 22713000.0,
        "Other Income Expense": -2456000.0,
        "Other Non Operating Income Expenses": 39000.0,
        "Special Income Charges": NaN,
        "Impairment Of Capital Assets": NaN,
        "Restructuring And Mergern Acquisition": NaN,
        "Gain On Sale Of Security": -2495000.0,
        "Net Non Operating Interest Income Expense": -205000.0,
        "Interest Expense Non Operating": 205000.0,
        "Interest Income Non Operating": NaN,
        "Operating Income": 25374000.0,
        "Operating Expense": 104479000.0,
        "Research And Development": 17162000.0,
        "Selling General And Administration": 87317000.0,
        "Selling And Marketing Expense": 54229000.0,
        "General And Administrative Expense": 33088000.0,
        "Other Gand A": 33088000.0,
        "Gross Profit": 129853000.0,
        "Cost Of Revenue": 77019000.0,
        "Total Revenue": 206872000.0,
        "Operating Revenue": 206872000.0
    },
    "2023-06-30": {
        "Tax Effect Of Unusual Items": 1147257.0,
        "Tax Rate For Calcs": 0.027,
        "Normalized EBITDA": 28589000.0,
        "Total Unusual Items": 42491000.0,
        "Total Unusual Items Excluding Goodwill": 42491000.0,
        "Net Income From Continuing Operation Net Minority Interest": 50013000.0,
        "Reconciled Depreciation": 19206000.0,
        "Reconciled Cost Of Revenue": 84416000.0,
        "EBITDA": 71080000.0,
        "EBIT": 51874000.0,
        "Net Interest Income": 175000.0,
        "Interest Expense": 493000.0,
        "Interest Income": 668000.0,
        "Normalized Income": 8669257.0,
        "Net Income From Continuing And Discontinued Operation": 50013000.0,
        "Total Expenses": 200125000.0,
        "Total Operating Income As Reported": 8715000.0,
        "Diluted Average Shares": 36406000.0,
        "Basic Average Shares": 36047000.0,
        "Diluted EPS": 1.37,
        "Basic EPS": 1.39,
        "Diluted NI Availto Com Stockholders": 50013000.0,
        "Net Income Common Stockholders": 50013000.0,
        "Net Income": 50013000.0,
        "Net Income Including Noncontrolling Interests": 50013000.0,
        "Net Income Continuous Operations": 50013000.0,
        "Tax Provision": 1368000.0,
        "Pretax Income": 51381000.0,
        "Other Income Expense": 42491000.0,
        "Other Non Operating Income Expenses": NaN,
        "Special Income Charges": 41940000.0,
        "Restructuring And Mergern Acquisition": -41940000.0,
        "Gain On Sale Of Security": 551000.0,
        "Net Non Operating Interest Income Expense": 175000.0,
        "Interest Expense Non Operating": 493000.0,
        "Interest Income Non Operating": 668000.0,
        "Operating Income": 8715000.0,
        "Operating Expense": 115709000.0,
        "Research And Development": 29218000.0,
        "Selling General And Administration": 86491000.0,
        "Selling And Marketing Expense": 48392000.0,
        "General And Administrative Expense": 38099000.0,
        "Other Gand A": 38099000.0,
        "Gross Profit": 124424000.0,
        "Cost Of Revenue": 84416000.0,
        "Total Revenue": 208840000.0,
        "Operating Revenue": 208840000.0
    },
    "2022-03-31": {
        "Diluted EPS": 0.71,
        "Total Revenue": 199,
        "Gross Profit": 130,
        "Operating Income": 32,
        "EBIT": 47,
        "Net Income": 27
    },
    "2021-12-31": {
        "Diluted EPS": 0.45,
        "Total Revenue": 206,
        "Gross Profit": 127,
        "Operating Income": 15,
        "EBIT": 30,
        "Net Income": 17
    },
    "2021-09-30": {
        "Diluted EPS": 0.43,
        "Total Revenue": 194,
        "Gross Profit": 125,
        "Operating Income": 22,
        "EBIT": 36,
        "Net Income": 16
    },
    "2021-06-30": {
        "Diluted EPS": 0.79,
        "Total Revenue": 190,
        "Gross Profit": 122,
        "Operating Income": 33,
        "EBIT": 43,
        "Net Income": 29
    },
    "2021-03-31": {
        "Diluted EPS": 0.79,
        "Total Revenue": 183,
        "Gross Profit": 121,
        "Operating Income": 38,
        "EBIT": 48,
        "Net Income": 30
    },
    "2020-12-31": {
        "Diluted EPS": 0.7,
        "Total Revenue": 181,
        "Gross Profit": 115,
        "Operating Income": 28,
        "EBIT": 38,
        "Net Income": 26
    },
    "2020-09-30": {
        "Diluted EPS": 0.62,
        "Total Revenue": 165,
        "Gross Profit": 105,
        "Operating Income": 29,
        "EBIT": 39,
        "Net Income": 23
    },
    "2020-06-30": {
        "Diluted EPS": 0.53,
        "Total Revenue": 159,
        "Gross Profit": 95,
        "Operating Income": 23,
        "EBIT": 33,
        "Net Income": 19
    },
    "2020-03-31": {
        "Diluted EPS": 0.12,
        "Total Revenue": 161,
        "Gross Profit": 92,
        "Operating Income": 6,
        "EBIT": 16,
        "Net Income": 4
    },
    "2019-12-31": {
        "Diluted EPS": 0.13,
        "Total Revenue": 166,
        "Gross Profit": 95,
        "Operating Income": 6,
        "EBIT": 18,
        "Net Income": 4
    },
    "2019-09-30": {
        "Diluted EPS": 0.14,
        "Total Revenue": 159,
        "Gross Profit": 90,
        "Operating Income": 3,
        "EBIT": 15,
        "Net Income": 5
    },
    "2019-06-30": {
        "Diluted EPS": 0.09,
        "Total Revenue": 162,
        "Gross Profit": 93,
        "Operating Income": 3,
        "EBIT": 16,
        "Net Income": 3
    },
    "2019-03-31": {
        "Diluted EPS": 0.21,
        "Total Revenue": 163,
        "Gross Profit": 94,
        "Operating Income": 8,
        "EBIT": 20,
        "Net Income": 8
    },
    "2018-12-31": {
        "Diluted EPS": 0.42,
        "Total Revenue": 162,
        "Gross Profit": 93,
        "Operating Income": 16,
        "EBIT": 27,
        "Net Income": 15
    },
    "2018-09-30": {
        "Diluted EPS": 0.21,
        "Total Revenue": 152,
        "Gross Profit": 85,
        "Operating Income": 7,
        "EBIT": 18,
        "Net Income": 7
    },
    "2018-06-30": {
        "Diluted EPS": -0.01,
        "Total Revenue": 157,
        "Gross Profit": 89,
        "Operating Income": 6,
        "EBIT": 17,
        "Net Income": 0
    },
    "2018-03-31": {
        "Diluted EPS": 0.92,
        "Total Revenue": 153,
        "Gross Profit": 89,
        "Operating Income": 4,
        "EBIT": 15,
        "Net Income": 33
    },
    "2017-12-31": {
        "Diluted EPS": 0.05,
        "Total Revenue": 152,
        "Gross Profit": 87,
        "Operating Income": 7,
        "EBIT": 18,
        "Net Income": 2
    },
    "2017-09-30": {
        "Diluted EPS": 0.14,
        "Total Revenue": 141,
        "Gross Profit": 82,
        "Operating Income": 6,
        "EBIT": 16,
        "Net Income": 5
    },
    "2017-06-30": {
        "Diluted EPS": 0.09,
        "Total Revenue": 134,
        "Gross Profit": 77,
        "Operating Income": 3,
        "EBIT": 11,
        "Net Income": 3
    },
    "2017-03-31": {
        "Diluted EPS": 0.19,
        "Total Revenue": 130,
        "Gross Profit": 78,
        "Operating Income": 10,
        "EBIT": 17,
        "Net Income": 7
    },
    "2016-12-31": {
        "Diluted EPS": 0.28,
        "Total Revenue": 130,
        "Gross Profit": 78,
        "Operating Income": 13,
        "EBIT": 19,
        "Net Income": 10
    },
    "2016-09-30": {
        "Diluted EPS": 0.26,
        "Total Revenue": 123,
        "Gross Profit": 73,
        "Operating Income": 11,
        "EBIT": 16,
        "Net Income": 9
    },
    "2016-06-30": {
        "Diluted EPS": 0.2,
        "Total Revenue": 124,
        "Gross Profit": 72,
        "Operating Income": 10,
        "EBIT": 15,
        "Net Income": 7
    },
    "2016-03-31": {
        "Diluted EPS": 0.17,
        "Total Revenue": 117,
        "Gross Profit": 69,
        "Operating Income": 11,
        "EBIT": 15,
        "Net Income": 6
    },
    "2015-12-31": {
        "Diluted EPS": 0.19,
        "Total Revenue": 116,
        "Gross Profit": 68,
        "Operating Income": 15,
        "EBIT": 20,
        "Net Income": 7
    },
    "2015-09-30": {
        "Diluted EPS": 0.11,
        "Total Revenue": 107,
        "Gross Profit": 63,
        "Operating Income": 8,
        "EBIT": 12,
        "Net Income": 4
    },
    "2015-06-30": {
        "Diluted EPS": 0.15,
        "Total Revenue": 104,
        "Gross Profit": 62,
        "Operating Income": 10,
        "EBIT": 13,
        "Net Income": 5
    },
    "2015-03-31": {
        "Diluted EPS": 0.09,
        "Total Revenue": 98,
        "Gross Profit": 58,
        "Operating Income": 8,
        "EBIT": 11,
        "Net Income": 3
    },
    "2014-12-31": {
        "Diluted EPS": 0.18,
        "Total Revenue": 91,
        "Gross Profit": 56,
        "Operating Income": 12,
        "EBIT": 15,
        "Net Income": 7
    },
    "2014-09-30": {
        "Diluted EPS": 0.15,
        "Total Revenue": 84,
        "Gross Profit": 50,
        "Operating Income": 9,
        "EBIT": 11,
        "Net Income": 5
    },
    "2014-06-30": {
        "Diluted EPS": 0.14,
        "Total Revenue": 80,
        "Gross Profit": 48,
        "Operating Income": 8,
        "EBIT": 10,
        "Net Income": 5
    },
    "2014-03-31": {
        "Diluted EPS": 0.14,
        "Total Revenue": 73,
        "Gross Profit": 44,
        "Operating Income": 9,
        "EBIT": 11,
        "Net Income": 5
    },
    "2013-12-31": {
        "Diluted EPS": 0.23,
        "Total Revenue": 68,
        "Gross Profit": 42,
        "Operating Income": 12,
        "EBIT": 14,
        "Net Income": 8
    },
    "2013-09-30": {
        "Diluted EPS": 0.18,
        "Total Revenue": 60,
        "Gross Profit": 37,
        "Operating Income": 10,
        "EBIT": 11,
        "Net Income": 6
    },
    "2013-06-30": {
        "Diluted EPS": 0.2,
        "Total Revenue": 57,
        "Gross Profit": 35,
        "Operating Income": 11,
        "EBIT": 12,
        "Net Income": 7
    },
    "2013-03-31": {
        "Diluted EPS": 0.16,
        "Total Revenue": 51,
        "Gross Profit": 31,
        "Operating Income": 10,
        "EBIT": 11,
        "Net Income": 6
    },
    "2012-12-31": {
        "Diluted EPS": 1.13,
        "Total Revenue": 49,
        "Gross Profit": 30,
        "Operating Income": 3,
        "EBIT": 4,
        "Net Income": 29
    },
    "2012-09-30": {
        "Diluted EPS": 0.31,
        "Total Revenue": 42,
        "Gross Profit": 26,
        "Operating Income": 9,
        "EBIT": 10,
        "Net Income": 7
    },
    "2012-06-30": {
        "Diluted EPS": 0.22,
        "Total Revenue": 41,
        "Gross Profit": 25,
        "Operating Income": 6,
        "EBIT": 7,
        "Net Income": 5
    },
    "2012-03-31": {
        "Diluted EPS": 0.13,
        "Total Revenue": 38,
        "Gross Profit": 23,
        "Operating Income": 4,
        "EBIT": 4,
        "Net Income": 3
    },
    "2011-12-31": {
        "Diluted EPS": 0.0,
        "Total Revenue": NaN,
        "Gross Profit": NaN,
        "Operating Income": NaN,
        "EBIT": NaN,
        "Net Income": NaN
    },
    "2011-09-30": {
        "Diluted EPS": 0.2,
        "Total Revenue": 31,
        "Gross Profit": 20,
        "Operating Income": 6,
        "EBIT": 6,
        "Net Income": 4
    },
    "2010-12-31": {
        "Diluted EPS": 0.0,
        "Total Revenue": NaN,
        "Gross Profit": NaN,
        "Operating Income": NaN,
        "EBIT": NaN,
        "Net Income": NaN
    },
    "2023-09-30": {
        "Tax Effect Of Unusual Items": 1908690.0,
        "Tax Rate For Calcs": 0.21,
        "Normalized EBITDA": 40357000.0,
        "Total Unusual Items": 9089000.0,
        "Total Unusual Items Excluding Goodwill": 9089000.0,
        "Net Income From Continuing Operation Net Minority Interest": 28419000.0,
        "Reconciled Depreciation": 21271000.0,
        "Reconciled Cost Of Revenue": 94219000.0,
        "EBITDA": 49446000.0,
        "EBIT": 28175000.0,
        "Net Interest Income": 1332000.0,
        "Interest Expense": 562000.0,
        "Interest Income": 1894000.0,
        "Normalized Income": 21238690.0,
        "Net Income From Continuing And Discontinued Operation": 28419000.0,
        "Total Expenses": 216056000.0,
        "Total Operating Income As Reported": 17192000.0,
        "Diluted Average Shares": 36081000.0,
        "Basic Average Shares": 35912000.0,
        "Diluted EPS": 0.79,
        "Basic EPS": 0.79,
        "Diluted NI Availto Com Stockholders": 28419000.0,
        "Net Income Common Stockholders": 28419000.0,
        "Net Income": 28419000.0,
        "Net Income Including Noncontrolling Interests": 28419000.0,
        "Net Income Continuous Operations": 28419000.0,
        "Tax Provision": -806000.0,
        "Pretax Income": 27613000.0,
        "Other Income Expense": 9089000.0,
        "Other Non Operating Income Expenses": NaN,
        "Special Income Charges": 9864000.0,
        "Restructuring And Mergern Acquisition": -9864000.0,
        "Gain On Sale Of Security": -775000.0,
        "Net Non Operating Interest Income Expense": 1332000.0,
        "Interest Expense Non Operating": 562000.0,
        "Interest Income Non Operating": 1894000.0,
        "Operating Income": 17192000.0,
        "Operating Expense": 121837000.0,
        "Research And Development": 28098000.0,
        "Selling General And Administration": 93739000.0,
        "Selling And Marketing Expense": 56165000.0,
        "General And Administrative Expense": 37574000.0,
        "Other Gand A": 37574000.0,
        "Gross Profit": 139029000.0,
        "Cost Of Revenue": 94219000.0,
        "Total Revenue": 233248000.0,
        "Operating Revenue": 233248000.0
    }
}