{
    "2023-03-31": {
        "Tax Effect Of Unusual Items": NaN,
        "Tax Rate For Calcs": NaN,
        "Normalized EBITDA": NaN,
        "Total Unusual Items": NaN,
        "Total Unusual Items Excluding Goodwill": NaN,
        "Net Income From Continuing Operation Net Minority Interest": NaN,
        "Reconciled Depreciation": NaN,
        "Reconciled Cost Of Revenue": NaN,
        "EBITDA": NaN,
        "EBIT": NaN,
        "Net Interest Income": NaN,
        "Interest Income": 773000.0,
        "Normalized Income": NaN,
        "Net Income From Continuing And Discontinued Operation": NaN,
        "Total Expenses": NaN,
        "Total Operating Income As Reported": NaN,
        "Diluted Average Shares": NaN,
        "Basic Average Shares": NaN,
        "Diluted EPS": NaN,
        "Basic EPS": NaN,
        "Diluted NI Availto Com Stockholders": NaN,
        "Net Income Common Stockholders": NaN,
        "Net Income": NaN,
        "Net Income Including Noncontrolling Interests": NaN,
        "Net Income Continuous Operations": NaN,
        "Earnings From Equity Interest Net Of Tax": NaN,
        "Tax Provision": NaN,
        "Pretax Income": NaN,
        "Other Income Expense": NaN,
        "Special Income Charges": NaN,
        "Gain On Sale Of Business": NaN,
        "Net Non Operating Interest Income Expense": NaN,
        "Total Other Finance Cost": NaN,
        "Interest Income Non Operating": 773000.0,
        "Operating Income": NaN,
        "Operating Expense": NaN,
        "Research And Development": NaN,
        "Selling General And Administration": NaN,
        "Gross Profit": NaN,
        "Cost Of Revenue": NaN,
        "Total Revenue": NaN,
        "Operating Revenue": NaN
    },
    "2022-12-31": {
        "Tax Effect Of Unusual Items": NaN,
        "Tax Rate For Calcs": NaN,
        "Normalized EBITDA": NaN,
        "Total Unusual Items": 0.0,
        "Total Unusual Items Excluding Goodwill": 0.0,
        "Net Income From Continuing Operation Net Minority Interest": NaN,
        "Reconciled Depreciation": NaN,
        "Reconciled Cost Of Revenue": NaN,
        "EBITDA": NaN,
        "EBIT": NaN,
        "Net Interest Income": NaN,
        "Interest Income": NaN,
        "Normalized Income": NaN,
        "Net Income From Continuing And Discontinued Operation": NaN,
        "Total Expenses": NaN,
        "Total Operating Income As Reported": NaN,
        "Diluted Average Shares": NaN,
        "Basic Average Shares": NaN,
        "Diluted EPS": NaN,
        "Basic EPS": NaN,
        "Diluted NI Availto Com Stockholders": NaN,
        "Net Income Common Stockholders": NaN,
        "Net Income": NaN,
        "Net Income Including Noncontrolling Interests": NaN,
        "Net Income Continuous Operations": NaN,
        "Earnings From Equity Interest Net Of Tax": NaN,
        "Tax Provision": NaN,
        "Pretax Income": NaN,
        "Other Income Expense": 0.0,
        "Special Income Charges": 0.0,
        "Gain On Sale Of Business": 0.0,
        "Net Non Operating Interest Income Expense": NaN,
        "Total Other Finance Cost": NaN,
        "Interest Income Non Operating": NaN,
        "Operating Income": NaN,
        "Operating Expense": NaN,
        "Research And Development": NaN,
        "Selling General And Administration": NaN,
        "Gross Profit": NaN,
        "Cost Of Revenue": NaN,
        "Total Revenue": NaN,
        "Operating Revenue": NaN
    },
    "2022-09-30": {
        "Tax Effect Of Unusual Items": NaN,
        "Tax Rate For Calcs": NaN,
        "Normalized EBITDA": NaN,
        "Total Unusual Items": 39136000.0,
        "Total Unusual Items Excluding Goodwill": 39136000.0,
        "Net Income From Continuing Operation Net Minority Interest": NaN,
        "Reconciled Depreciation": NaN,
        "Reconciled Cost Of Revenue": NaN,
        "EBITDA": NaN,
        "EBIT": NaN,
        "Net Interest Income": NaN,
        "Interest Income": NaN,
        "Normalized Income": NaN,
        "Net Income From Continuing And Discontinued Operation": NaN,
        "Total Expenses": NaN,
        "Total Operating Income As Reported": NaN,
        "Diluted Average Shares": NaN,
        "Basic Average Shares": NaN,
        "Diluted EPS": NaN,
        "Basic EPS": NaN,
        "Diluted NI Availto Com Stockholders": NaN,
        "Net Income Common Stockholders": NaN,
        "Net Income": NaN,
        "Net Income Including Noncontrolling Interests": NaN,
        "Net Income Continuous Operations": NaN,
        "Earnings From Equity Interest Net Of Tax": NaN,
        "Tax Provision": NaN,
        "Pretax Income": NaN,
        "Other Income Expense": 39136000.0,
        "Special Income Charges": 39136000.0,
        "Gain On Sale Of Business": 39136000.0,
        "Net Non Operating Interest Income Expense": NaN,
        "Total Other Finance Cost": NaN,
        "Interest Income Non Operating": NaN,
        "Operating Income": NaN,
        "Operating Expense": NaN,
        "Research And Development": NaN,
        "Selling General And Administration": NaN,
        "Gross Profit": NaN,
        "Cost Of Revenue": NaN,
        "Total Revenue": NaN,
        "Operating Revenue": NaN
    },
    "2022-06-30": {
        "Tax Effect Of Unusual Items": 0.0,
        "Tax Rate For Calcs": 0.017358,
        "Normalized EBITDA": -8911000.0,
        "Total Unusual Items": NaN,
        "Total Unusual Items Excluding Goodwill": NaN,
        "Net Income From Continuing Operation Net Minority Interest": -24385000.0,
        "Reconciled Depreciation": 14634000.0,
        "Reconciled Cost Of Revenue": 99210000.0,
        "EBITDA": -8911000.0,
        "EBIT": -23545000.0,
        "Net Interest Income": -1170000.0,
        "Interest Expense": 1170000.0,
        "Interest Income": NaN,
        "Normalized Income": -24385000.0,
        "Net Income From Continuing And Discontinued Operation": -24385000.0,
        "Total Expenses": 190148000.0,
        "Total Operating Income As Reported": -23545000.0,
        "Diluted Average Shares": 66568000.0,
        "Basic Average Shares": 66568000.0,
        "Diluted EPS": -0.37,
        "Basic EPS": -0.37,
        "Diluted NI Availto Com Stockholders": -24385000.0,
        "Net Income Common Stockholders": -24385000.0,
        "Net Income": -24385000.0,
        "Net Income Including Noncontrolling Interests": -24385000.0,
        "Net Income Continuous Operations": -24385000.0,
        "Earnings From Equity Interest Net Of Tax": -99000.0,
        "Tax Provision": -429000.0,
        "Pretax Income": -24715000.0,
        "Other Income Expense": NaN,
        "Special Income Charges": NaN,
        "Gain On Sale Of Business": NaN,
        "Restructuring And Mergern Acquisition": NaN,
        "Net Non Operating Interest Income Expense": -1170000.0,
        "Total Other Finance Cost": NaN,
        "Interest Expense Non Operating": 1170000.0,
        "Interest Income Non Operating": NaN,
        "Operating Income": -23545000.0,
        "Operating Expense": 90938000.0,
        "Research And Development": 24346000.0,
        "Selling General And Administration": 66592000.0,
        "Gross Profit": 67393000.0,
        "Cost Of Revenue": 99210000.0,
        "Total Revenue": 166603000.0,
        "Operating Revenue": 166603000.0
    },
    "2022-03-31": {
        "Diluted EPS": -0.32,
        "Total Revenue": 163,
        "Gross Profit": 70,
        "Operating Income": -20,
        "EBIT": -4,
        "Net Income": -21
    },
    "2021-12-31": {
        "Diluted EPS": -0.07,
        "Total Revenue": 167,
        "Gross Profit": 73,
        "Operating Income": -16,
        "EBIT": -1,
        "Net Income": -5
    },
    "2021-09-30": {
        "Diluted EPS": -0.28,
        "Total Revenue": 159,
        "Gross Profit": 68,
        "Operating Income": -22,
        "EBIT": -8,
        "Net Income": -18
    },
    "2021-06-30": {
        "Diluted EPS": -0.31,
        "Total Revenue": 147,
        "Gross Profit": 63,
        "Operating Income": -23,
        "EBIT": -9,
        "Net Income": -20
    },
    "2021-03-31": {
        "Diluted EPS": -0.32,
        "Total Revenue": 134,
        "Gross Profit": 56,
        "Operating Income": -18,
        "EBIT": -5,
        "Net Income": -19
    },
    "2020-12-31": {
        "Diluted EPS": 0.18,
        "Total Revenue": 142,
        "Gross Profit": 66,
        "Operating Income": -389,
        "EBIT": -377,
        "Net Income": 11
    },
    "2020-09-30": {
        "Diluted EPS": -7.35,
        "Total Revenue": 128,
        "Gross Profit": 50,
        "Operating Income": -18,
        "EBIT": -6,
        "Net Income": -405
    },
    "2020-06-30": {
        "Diluted EPS": -0.51,
        "Total Revenue": 118,
        "Gross Profit": 44,
        "Operating Income": -29,
        "EBIT": -17,
        "Net Income": -28
    },
    "2020-03-31": {
        "Diluted EPS": -0.4,
        "Total Revenue": 133,
        "Gross Profit": 60,
        "Operating Income": -20,
        "EBIT": -7,
        "Net Income": -22
    },
    "2019-12-31": {
        "Diluted EPS": -0.05,
        "Total Revenue": 160,
        "Gross Profit": 79,
        "Operating Income": -3,
        "EBIT": 10,
        "Net Income": -3
    },
    "2019-09-30": {
        "Diluted EPS": -0.13,
        "Total Revenue": 157,
        "Gross Profit": 77,
        "Operating Income": -6,
        "EBIT": 7,
        "Net Income": -7
    },
    "2019-06-30": {
        "Diluted EPS": 0.02,
        "Total Revenue": 163,
        "Gross Profit": 81,
        "Operating Income": 1,
        "EBIT": 13,
        "Net Income": 1
    },
    "2019-03-31": {
        "Diluted EPS": -0.04,
        "Total Revenue": 155,
        "Gross Profit": 76,
        "Operating Income": -3,
        "EBIT": 9,
        "Net Income": -2
    },
    "2018-12-31": {
        "Diluted EPS": 0.13,
        "Total Revenue": 177,
        "Gross Profit": 87,
        "Operating Income": -4,
        "EBIT": 12,
        "Net Income": 6
    },
    "2018-09-30": {
        "Diluted EPS": -0.01,
        "Total Revenue": 162,
        "Gross Profit": 79,
        "Operating Income": 3,
        "EBIT": 19,
        "Net Income": -1
    },
    "2018-06-30": {
        "Diluted EPS": -0.08,
        "Total Revenue": 170,
        "Gross Profit": 84,
        "Operating Income": -2,
        "EBIT": 13,
        "Net Income": -4
    },
    "2018-03-31": {
        "Diluted EPS": -0.24,
        "Total Revenue": 154,
        "Gross Profit": 76,
        "Operating Income": -6,
        "EBIT": 9,
        "Net Income": -13
    },
    "2017-12-31": {
        "Diluted EPS": -0.19,
        "Total Revenue": 179,
        "Gross Profit": 87,
        "Operating Income": -6,
        "EBIT": 11,
        "Net Income": -10
    },
    "2017-09-30": {
        "Diluted EPS": -0.19,
        "Total Revenue": 156,
        "Gross Profit": 75,
        "Operating Income": -7,
        "EBIT": 10,
        "Net Income": -10
    },
    "2017-06-30": {
        "Diluted EPS": -0.11,
        "Total Revenue": 170,
        "Gross Profit": 83,
        "Operating Income": -5,
        "EBIT": 11,
        "Net Income": -6
    },
    "2017-03-31": {
        "Diluted EPS": -0.26,
        "Total Revenue": 163,
        "Gross Profit": 77,
        "Operating Income": -13,
        "EBIT": 4,
        "Net Income": -14
    },
    "2016-12-31": {
        "Diluted EPS": -0.28,
        "Total Revenue": 175,
        "Gross Profit": 83,
        "Operating Income": -30,
        "EBIT": -7,
        "Net Income": -15
    },
    "2016-09-30": {
        "Diluted EPS": -0.4,
        "Total Revenue": 157,
        "Gross Profit": 74,
        "Operating Income": -19,
        "EBIT": 4,
        "Net Income": -21
    },
    "2016-06-30": {
        "Diluted EPS": -0.36,
        "Total Revenue": 172,
        "Gross Profit": 80,
        "Operating Income": -18,
        "EBIT": 6,
        "Net Income": -18
    },
    "2016-03-31": {
        "Diluted EPS": -0.44,
        "Total Revenue": 168,
        "Gross Profit": 81,
        "Operating Income": -20,
        "EBIT": 3,
        "Net Income": -23
    },
    "2015-12-31": {
        "Diluted EPS": -4.5,
        "Total Revenue": 173,
        "Gross Profit": 53,
        "Operating Income": -92,
        "EBIT": -67,
        "Net Income": -234
    },
    "2015-09-30": {
        "Diluted EPS": -17.35,
        "Total Revenue": 168,
        "Gross Profit": -80,
        "Operating Income": -239,
        "EBIT": -211,
        "Net Income": -901
    },
    "2015-06-30": {
        "Diluted EPS": -0.55,
        "Total Revenue": 182,
        "Gross Profit": 83,
        "Operating Income": -40,
        "EBIT": -13,
        "Net Income": -23
    },
    "2015-03-31": {
        "Diluted EPS": -4.24,
        "Total Revenue": 173,
        "Gross Profit": 46,
        "Operating Income": -84,
        "EBIT": -55,
        "Net Income": -216
    },
    "2014-12-31": {
        "Diluted EPS": 0.0,
        "Total Revenue": NaN,
        "Gross Profit": NaN,
        "Operating Income": NaN,
        "EBIT": NaN,
        "Net Income": NaN
    },
    "2014-09-30": {
        "Diluted EPS": -0.62,
        "Total Revenue": 204,
        "Gross Profit": 88,
        "Operating Income": -46,
        "EBIT": -46,
        "Net Income": -31
    },
    "2014-06-30": {
        "Diluted EPS": 0.0,
        "Total Revenue": NaN,
        "Gross Profit": NaN,
        "Operating Income": NaN,
        "EBIT": NaN,
        "Net Income": NaN
    },
    "2014-03-31": {
        "Diluted EPS": 0.0,
        "Total Revenue": NaN,
        "Gross Profit": NaN,
        "Operating Income": NaN,
        "EBIT": NaN,
        "Net Income": NaN
    },
    "2013-12-31": {
        "Diluted EPS": 0.0,
        "Total Revenue": NaN,
        "Gross Profit": NaN,
        "Operating Income": NaN,
        "EBIT": NaN,
        "Net Income": NaN
    },
    "2013-09-30": {
        "Diluted EPS": 0.0,
        "Total Revenue": NaN,
        "Gross Profit": NaN,
        "Operating Income": NaN,
        "EBIT": NaN,
        "Net Income": NaN
    },
    "2013-06-30": {
        "Diluted EPS": 0.0,
        "Total Revenue": NaN,
        "Gross Profit": NaN,
        "Operating Income": NaN,
        "EBIT": NaN,
        "Net Income": NaN
    },
    "2013-03-31": {
        "Diluted EPS": 0.0,
        "Total Revenue": NaN,
        "Gross Profit": NaN,
        "Operating Income": NaN,
        "EBIT": NaN,
        "Net Income": NaN
    },
    "2012-12-31": {
        "Diluted EPS": -0.23,
        "Total Revenue": 71,
        "Gross Profit": 33,
        "Operating Income": -5,
        "EBIT": 6,
        "Net Income": -4
    },
    "2012-09-30": {
        "Diluted EPS": 0.24,
        "Total Revenue": 50,
        "Gross Profit": 28,
        "Operating Income": 9,
        "EBIT": 13,
        "Net Income": 5
    },
    "2012-06-30": {
        "Diluted EPS": 0.14,
        "Total Revenue": 49,
        "Gross Profit": 26,
        "Operating Income": 6,
        "EBIT": 9,
        "Net Income": 3
    },
    "2012-03-31": {
        "Diluted EPS": 0.21,
        "Total Revenue": 45,
        "Gross Profit": 23,
        "Operating Income": 7,
        "EBIT": 10,
        "Net Income": 5
    },
    "2011-12-31": {
        "Diluted EPS": 0.27,
        "Total Revenue": 44,
        "Gross Profit": 23,
        "Operating Income": 9,
        "EBIT": 12,
        "Net Income": 6
    },
    "2011-09-30": {
        "Diluted EPS": 0.27,
        "Total Revenue": 40,
        "Gross Profit": 22,
        "Operating Income": 8,
        "EBIT": 11,
        "Net Income": 6
    },
    "2011-06-30": {
        "Diluted EPS": 0.18,
        "Total Revenue": 38,
        "Gross Profit": 20,
        "Operating Income": 6,
        "EBIT": 9,
        "Net Income": 4
    },
    "2011-03-31": {
        "Diluted EPS": 0.23,
        "Total Revenue": 35,
        "Gross Profit": 18,
        "Operating Income": 6,
        "EBIT": 8,
        "Net Income": 5
    },
    "2010-12-31": {
        "Diluted EPS": 0.2,
        "Total Revenue": 35,
        "Gross Profit": 17,
        "Operating Income": 6,
        "EBIT": 9,
        "Net Income": 4
    },
    "2010-09-30": {
        "Diluted EPS": 0.15,
        "Total Revenue": 30,
        "Gross Profit": 15,
        "Operating Income": 4,
        "EBIT": 7,
        "Net Income": 3
    },
    "2010-06-30": {
        "Diluted EPS": 0.11,
        "Total Revenue": 30,
        "Gross Profit": 15,
        "Operating Income": 4,
        "EBIT": 6,
        "Net Income": 2
    },
    "2010-03-31": {
        "Diluted EPS": -0.02,
        "Total Revenue": 23,
        "Gross Profit": 9,
        "Operating Income": -1,
        "EBIT": 1,
        "Net Income": 0
    },
    "2009-12-31": {
        "Diluted EPS": 0.11,
        "Total Revenue": 27,
        "Gross Profit": 13,
        "Operating Income": 4,
        "EBIT": 5,
        "Net Income": 2
    },
    "2009-09-30": {
        "Diluted EPS": 0.08,
        "Total Revenue": 24,
        "Gross Profit": 12,
        "Operating Income": 2,
        "EBIT": 4,
        "Net Income": 2
    },
    "2009-06-30": {
        "Diluted EPS": 0.04,
        "Total Revenue": 25,
        "Gross Profit": 12,
        "Operating Income": 1,
        "EBIT": 4,
        "Net Income": 1
    },
    "2009-03-31": {
        "Diluted EPS": -0.03,
        "Total Revenue": 23,
        "Gross Profit": 10,
        "Operating Income": -2,
        "EBIT": 1,
        "Net Income": -1
    },
    "2023-06-30": {
        "Tax Effect Of Unusual Items": 0.0,
        "Tax Rate For Calcs": 0.022,
        "Normalized EBITDA": -20996000.0,
        "Total Unusual Items": NaN,
        "Total Unusual Items Excluding Goodwill": NaN,
        "Net Income From Continuing Operation Net Minority Interest": -38615000.0,
        "Reconciled Depreciation": 12663000.0,
        "Reconciled Cost Of Revenue": 93529000.0,
        "EBITDA": -20996000.0,
        "EBIT": -33659000.0,
        "Net Interest Income": 687000.0,
        "Interest Income": 687000.0,
        "Normalized Income": -38615000.0,
        "Net Income From Continuing And Discontinued Operation": -38615000.0,
        "Total Expenses": 193410000.0,
        "Total Operating Income As Reported": -33659000.0,
        "Diluted Average Shares": 68648000.0,
        "Basic Average Shares": 68648000.0,
        "Diluted EPS": -0.56,
        "Basic EPS": -0.56,
        "Diluted NI Availto Com Stockholders": -38615000.0,
        "Net Income Common Stockholders": -38615000.0,
        "Net Income": -38615000.0,
        "Net Income Including Noncontrolling Interests": -38615000.0,
        "Net Income Continuous Operations": -38615000.0,
        "Earnings From Equity Interest Net Of Tax": -4918000.0,
        "Tax Provision": 725000.0,
        "Pretax Income": -32972000.0,
        "Other Income Expense": NaN,
        "Special Income Charges": NaN,
        "Gain On Sale Of Business": NaN,
        "Net Non Operating Interest Income Expense": 687000.0,
        "Total Other Finance Cost": -687000.0,
        "Interest Income Non Operating": 687000.0,
        "Operating Income": -33659000.0,
        "Operating Expense": 99881000.0,
        "Research And Development": 24305000.0,
        "Selling General And Administration": 75576000.0,
        "Gross Profit": 66222000.0,
        "Cost Of Revenue": 93529000.0,
        "Total Revenue": 159751000.0,
        "Operating Revenue": 159751000.0
    },
    "2023-09-30": {
        "Tax Effect Of Unusual Items": 0.0,
        "Tax Rate For Calcs": 0.23,
        "Normalized EBITDA": -29943000.0,
        "Total Unusual Items": 0.0,
        "Total Unusual Items Excluding Goodwill": 0.0,
        "Net Income From Continuing Operation Net Minority Interest": -47279000.0,
        "Reconciled Depreciation": 12855000.0,
        "Reconciled Cost Of Revenue": 96484000.0,
        "EBITDA": -29943000.0,
        "EBIT": -42798000.0,
        "Net Interest Income": 687000.0,
        "Interest Income": NaN,
        "Normalized Income": -47279000.0,
        "Net Income From Continuing And Discontinued Operation": -47279000.0,
        "Total Expenses": 204931000.0,
        "Total Operating Income As Reported": -42798000.0,
        "Diluted Average Shares": 69093000.0,
        "Basic Average Shares": 69093000.0,
        "Diluted EPS": -0.68,
        "Basic EPS": -0.68,
        "Diluted NI Availto Com Stockholders": -47279000.0,
        "Net Income Common Stockholders": -47279000.0,
        "Net Income": -47279000.0,
        "Net Income Including Noncontrolling Interests": -47279000.0,
        "Net Income Continuous Operations": -47279000.0,
        "Earnings From Equity Interest Net Of Tax": -4523000.0,
        "Tax Provision": 645000.0,
        "Pretax Income": -42111000.0,
        "Other Income Expense": NaN,
        "Special Income Charges": 0.0,
        "Gain On Sale Of Business": 0.0,
        "Net Non Operating Interest Income Expense": 687000.0,
        "Total Other Finance Cost": -687000.0,
        "Interest Income Non Operating": NaN,
        "Operating Income": -42798000.0,
        "Operating Expense": 108447000.0,
        "Research And Development": 23567000.0,
        "Selling General And Administration": 84880000.0,
        "Gross Profit": 65649000.0,
        "Cost Of Revenue": 96484000.0,
        "Total Revenue": 162133000.0,
        "Operating Revenue": 162133000.0
    },
    "2023-12-31": {
        "Tax Effect Of Unusual Items": 0.0,
        "Tax Rate For Calcs": 0.097699,
        "Normalized EBITDA": 17449000.0,
        "Total Unusual Items": 0.0,
        "Total Unusual Items Excluding Goodwill": 0.0,
        "Net Income From Continuing Operation Net Minority Interest": -14956000.0,
        "Reconciled Depreciation": 11775000.0,
        "Reconciled Cost Of Revenue": 86579000.0,
        "EBITDA": 17449000.0,
        "EBIT": 5674000.0,
        "Net Interest Income": 846000.0,
        "Interest Income": NaN,
        "Normalized Income": -14956000.0,
        "Net Income From Continuing And Discontinued Operation": -14956000.0,
        "Total Expenses": 150663000.0,
        "Total Operating Income As Reported": 5674000.0,
        "Diluted Average Shares": 69375000.0,
        "Basic Average Shares": 69375000.0,
        "Diluted EPS": -0.22,
        "Basic EPS": -0.22,
        "Diluted NI Availto Com Stockholders": -14956000.0,
        "Net Income Common Stockholders": -14956000.0,
        "Net Income": -14956000.0,
        "Net Income Including Noncontrolling Interests": -14956000.0,
        "Net Income Continuous Operations": -14956000.0,
        "Earnings From Equity Interest Net Of Tax": -20839000.0,
        "Tax Provision": 637000.0,
        "Pretax Income": 6520000.0,
        "Other Income Expense": NaN,
        "Special Income Charges": 0.0,
        "Gain On Sale Of Business": 0.0,
        "Net Non Operating Interest Income Expense": 846000.0,
        "Total Other Finance Cost": -846000.0,
        "Interest Income Non Operating": NaN,
        "Operating Income": 5674000.0,
        "Operating Expense": 64084000.0,
        "Research And Development": 25078000.0,
        "Selling General And Administration": 39006000.0,
        "Gross Profit": 69758000.0,
        "Cost Of Revenue": 86579000.0,
        "Total Revenue": 156337000.0,
        "Operating Revenue": 156337000.0
    },
    "2024-03-31": {
        "Tax Effect Of Unusual Items": 0.0,
        "Tax Rate For Calcs": 0.23,
        "Normalized EBITDA": -12187000.0,
        "Total Unusual Items": NaN,
        "Total Unusual Items Excluding Goodwill": NaN,
        "Net Income From Continuing Operation Net Minority Interest": -25983000.0,
        "Reconciled Depreciation": 12266000.0,
        "Reconciled Cost Of Revenue": 80153000.0,
        "EBITDA": -12187000.0,
        "EBIT": -24453000.0,
        "Net Interest Income": 1217000.0,
        "Interest Income": 1217000.0,
        "Normalized Income": -25983000.0,
        "Net Income From Continuing And Discontinued Operation": -25983000.0,
        "Total Expenses": 168503000.0,
        "Total Operating Income As Reported": -24453000.0,
        "Diluted Average Shares": 69993000.0,
        "Basic Average Shares": 69993000.0,
        "Diluted EPS": -0.37,
        "Basic EPS": -0.37,
        "Diluted NI Availto Com Stockholders": -25983000.0,
        "Net Income Common Stockholders": -25983000.0,
        "Net Income": -25983000.0,
        "Net Income Including Noncontrolling Interests": -25983000.0,
        "Net Income Continuous Operations": -25983000.0,
        "Earnings From Equity Interest Net Of Tax": -2031000.0,
        "Tax Provision": 716000.0,
        "Pretax Income": -23236000.0,
        "Other Income Expense": NaN,
        "Special Income Charges": NaN,
        "Gain On Sale Of Business": NaN,
        "Net Non Operating Interest Income Expense": 1217000.0,
        "Total Other Finance Cost": -1217000.0,
        "Interest Income Non Operating": 1217000.0,
        "Operating Income": -24453000.0,
        "Operating Expense": 88350000.0,
        "Research And Development": 23977000.0,
        "Selling General And Administration": 64373000.0,
        "Gross Profit": 63897000.0,
        "Cost Of Revenue": 80153000.0,
        "Total Revenue": 144050000.0,
        "Operating Revenue": 144050000.0
    },
    "2024-06-30": {
        "Tax Effect Of Unusual Items": 0.0,
        "Tax Rate For Calcs": 0.028,
        "Normalized EBITDA": -14528000.0,
        "Total Unusual Items": NaN,
        "Total Unusual Items Excluding Goodwill": NaN,
        "Net Income From Continuing Operation Net Minority Interest": -25743000.0,
        "Reconciled Depreciation": 11515000.0,
        "Reconciled Cost Of Revenue": 77541000.0,
        "EBITDA": -14528000.0,
        "EBIT": -26043000.0,
        "Net Interest Income": -726000.0,
        "Interest Income": NaN,
        "Normalized Income": -25743000.0,
        "Net Income From Continuing And Discontinued Operation": -25743000.0,
        "Total Expenses": 164084000.0,
        "Total Operating Income As Reported": -26043000.0,
        "Diluted Average Shares": 70746000.0,
        "Basic Average Shares": 70746000.0,
        "Diluted EPS": -0.36,
        "Basic EPS": -0.36,
        "Diluted NI Availto Com Stockholders": -25743000.0,
        "Net Income Common Stockholders": -25743000.0,
        "Net Income": -25743000.0,
        "Net Income Including Noncontrolling Interests": -25743000.0,
        "Net Income Continuous Operations": -25743000.0,
        "Earnings From Equity Interest Net Of Tax": 1788000.0,
        "Tax Provision": 762000.0,
        "Pretax Income": -26769000.0,
        "Other Income Expense": NaN,
        "Special Income Charges": NaN,
        "Gain On Sale Of Business": NaN,
        "Net Non Operating Interest Income Expense": -726000.0,
        "Total Other Finance Cost": 726000.0,
        "Interest Income Non Operating": NaN,
        "Operating Income": -26043000.0,
        "Operating Expense": 86543000.0,
        "Research And Development": 25680000.0,
        "Selling General And Administration": 60863000.0,
        "Gross Profit": 60500000.0,
        "Cost Of Revenue": 77541000.0,
        "Total Revenue": 138041000.0,
        "Operating Revenue": 138041000.0
    }
}