{
    "2023-03-31": {
        "Tax Effect Of Unusual Items": 7140.0,
        "Tax Rate For Calcs": 0.21,
        "Normalized EBITDA": 3886000.0,
        "Total Unusual Items": 34000.0,
        "Total Unusual Items Excluding Goodwill": 34000.0,
        "Net Income From Continuing Operation Net Minority Interest": 2710000.0,
        "Reconciled Depreciation": 1120000.0,
        "Reconciled Cost Of Revenue": 15966000.0,
        "EBITDA": 3920000.0,
        "EBIT": 2800000.0,
        "Net Interest Income": 1822000.0,
        "Interest Income": NaN,
        "Normalized Income": 2683140.0,
        "Net Income From Continuing And Discontinued Operation": 2710000.0,
        "Total Expenses": 70728000.0,
        "Total Operating Income As Reported": 2800000.0,
        "Diluted Average Shares": 49500000.0,
        "Basic Average Shares": 48247000.0,
        "Diluted EPS": 0.05,
        "Basic EPS": 0.06,
        "Diluted NI Availto Com Stockholders": 2710000.0,
        "Net Income Common Stockholders": 2710000.0,
        "Net Income": 2710000.0,
        "Net Income Including Noncontrolling Interests": 2710000.0,
        "Net Income Continuous Operations": 2710000.0,
        "Tax Provision": 2009000.0,
        "Pretax Income": 4719000.0,
        "Other Income Expense": 97000.0,
        "Other Non Operating Income Expenses": 63000.0,
        "Gain On Sale Of Security": 34000.0,
        "Net Non Operating Interest Income Expense": 1822000.0,
        "Total Other Finance Cost": -1822000.0,
        "Interest Income Non Operating": NaN,
        "Operating Income": 2800000.0,
        "Operating Expense": 54762000.0,
        "Research And Development": 10310000.0,
        "Selling General And Administration": 44452000.0,
        "Selling And Marketing Expense": 26354000.0,
        "General And Administrative Expense": 18098000.0,
        "Other Gand A": 18098000.0,
        "Gross Profit": 57562000.0,
        "Cost Of Revenue": 15966000.0,
        "Total Revenue": 73528000.0,
        "Operating Revenue": 73528000.0
    },
    "2022-12-31": {
        "Tax Effect Of Unusual Items": 67372.804817,
        "Tax Rate For Calcs": 0.021074,
        "Normalized EBITDA": -847000.0,
        "Total Unusual Items": 3197000.0,
        "Total Unusual Items Excluding Goodwill": 3197000.0,
        "Net Income From Continuing Operation Net Minority Interest": 5853000.0,
        "Reconciled Depreciation": 1386000.0,
        "Reconciled Cost Of Revenue": 14259000.0,
        "EBITDA": 2350000.0,
        "EBIT": 964000.0,
        "Net Interest Income": 1514000.0,
        "Interest Income": NaN,
        "Normalized Income": 2723372.804817,
        "Net Income From Continuing And Discontinued Operation": 5853000.0,
        "Total Expenses": 63080000.0,
        "Total Operating Income As Reported": 964000.0,
        "Diluted Average Shares": 49389000.0,
        "Basic Average Shares": 48203000.0,
        "Diluted EPS": 0.12,
        "Basic EPS": 0.13,
        "Diluted NI Availto Com Stockholders": 5853000.0,
        "Net Income Common Stockholders": 5853000.0,
        "Net Income": 5853000.0,
        "Net Income Including Noncontrolling Interests": 5853000.0,
        "Net Income Continuous Operations": 5853000.0,
        "Tax Provision": 126000.0,
        "Pretax Income": 5979000.0,
        "Other Income Expense": 3501000.0,
        "Other Non Operating Income Expenses": 304000.0,
        "Gain On Sale Of Security": 3197000.0,
        "Net Non Operating Interest Income Expense": 1514000.0,
        "Total Other Finance Cost": -1514000.0,
        "Interest Income Non Operating": NaN,
        "Operating Income": 964000.0,
        "Operating Expense": 48821000.0,
        "Research And Development": 9790000.0,
        "Selling General And Administration": 39031000.0,
        "Selling And Marketing Expense": 24223000.0,
        "General And Administrative Expense": 14808000.0,
        "Other Gand A": 14808000.0,
        "Gross Profit": 49785000.0,
        "Cost Of Revenue": 14259000.0,
        "Total Revenue": 64044000.0,
        "Operating Revenue": 64044000.0
    },
    "2022-09-30": {
        "Tax Effect Of Unusual Items": -391736.0,
        "Tax Rate For Calcs": 0.184,
        "Normalized EBITDA": 16918000.0,
        "Total Unusual Items": -2129000.0,
        "Total Unusual Items Excluding Goodwill": -2129000.0,
        "Net Income From Continuing Operation Net Minority Interest": 10262000.0,
        "Reconciled Depreciation": 1084000.0,
        "Reconciled Cost Of Revenue": 15584000.0,
        "EBITDA": 14789000.0,
        "EBIT": 13705000.0,
        "Net Interest Income": 897000.0,
        "Interest Income": NaN,
        "Normalized Income": 11999264.0,
        "Net Income From Continuing And Discontinued Operation": 10262000.0,
        "Total Expenses": 62341000.0,
        "Total Operating Income As Reported": 13705000.0,
        "Diluted Average Shares": 49549000.0,
        "Basic Average Shares": 48102000.0,
        "Diluted EPS": 0.21,
        "Basic EPS": 0.21,
        "Diluted NI Availto Com Stockholders": 10262000.0,
        "Net Income Common Stockholders": 10262000.0,
        "Net Income": 10262000.0,
        "Net Income Including Noncontrolling Interests": 10262000.0,
        "Net Income Continuous Operations": 10262000.0,
        "Tax Provision": 2315000.0,
        "Pretax Income": 12577000.0,
        "Other Income Expense": -2025000.0,
        "Other Non Operating Income Expenses": 104000.0,
        "Gain On Sale Of Security": -2129000.0,
        "Net Non Operating Interest Income Expense": 897000.0,
        "Total Other Finance Cost": -897000.0,
        "Interest Income Non Operating": NaN,
        "Operating Income": 13705000.0,
        "Operating Expense": 46757000.0,
        "Research And Development": 9616000.0,
        "Selling General And Administration": 37141000.0,
        "Selling And Marketing Expense": 23130000.0,
        "General And Administrative Expense": 14011000.0,
        "Other Gand A": 14011000.0,
        "Gross Profit": 60462000.0,
        "Cost Of Revenue": 15584000.0,
        "Total Revenue": 76046000.0,
        "Operating Revenue": 76046000.0
    },
    "2022-06-30": {
        "Tax Effect Of Unusual Items": -292020.0,
        "Tax Rate For Calcs": 0.157,
        "Normalized EBITDA": 19917000.0,
        "Total Unusual Items": -1860000.0,
        "Total Unusual Items Excluding Goodwill": -1860000.0,
        "Net Income From Continuing Operation Net Minority Interest": 13038000.0,
        "Reconciled Depreciation": 1037000.0,
        "Reconciled Cost Of Revenue": 17229000.0,
        "EBITDA": 18057000.0,
        "EBIT": 17020000.0,
        "Net Interest Income": 43000.0,
        "Interest Income": NaN,
        "Normalized Income": 14605980.0,
        "Net Income From Continuing And Discontinued Operation": 13038000.0,
        "Total Expenses": 64081000.0,
        "Total Operating Income As Reported": 17020000.0,
        "Diluted Average Shares": 49223000.0,
        "Basic Average Shares": 47889000.0,
        "Diluted EPS": 0.26,
        "Basic EPS": 0.27,
        "Diluted NI Availto Com Stockholders": 13038000.0,
        "Net Income Common Stockholders": 13038000.0,
        "Net Income": 13038000.0,
        "Net Income Including Noncontrolling Interests": 13038000.0,
        "Net Income Continuous Operations": 13038000.0,
        "Tax Provision": 2431000.0,
        "Pretax Income": 15469000.0,
        "Other Income Expense": -1594000.0,
        "Other Non Operating Income Expenses": 266000.0,
        "Gain On Sale Of Security": -1860000.0,
        "Net Non Operating Interest Income Expense": 43000.0,
        "Total Other Finance Cost": -43000.0,
        "Interest Income Non Operating": NaN,
        "Operating Income": 17020000.0,
        "Operating Expense": 46852000.0,
        "Research And Development": 8636000.0,
        "Selling General And Administration": 38216000.0,
        "Selling And Marketing Expense": 24233000.0,
        "General And Administrative Expense": 13983000.0,
        "Other Gand A": 13983000.0,
        "Gross Profit": 63872000.0,
        "Cost Of Revenue": 17229000.0,
        "Total Revenue": 81101000.0,
        "Operating Revenue": 81101000.0
    },
    "2023-06-30": {
        "Tax Effect Of Unusual Items": -540540.0,
        "Tax Rate For Calcs": 0.286,
        "Normalized EBITDA": 11936000.0,
        "Total Unusual Items": -1890000.0,
        "Total Unusual Items Excluding Goodwill": -1890000.0,
        "Net Income From Continuing Operation Net Minority Interest": 6064000.0,
        "Reconciled Depreciation": 1449000.0,
        "Reconciled Cost Of Revenue": 21580000.0,
        "EBITDA": 10046000.0,
        "EBIT": 8597000.0,
        "Net Interest Income": 1775000.0,
        "Interest Income": 1775000.0,
        "Normalized Income": 7413460.0,
        "Net Income From Continuing And Discontinued Operation": 6064000.0,
        "Total Expenses": 83709000.0,
        "Total Operating Income As Reported": 8597000.0,
        "Diluted Average Shares": 49516000.0,
        "Basic Average Shares": 48418000.0,
        "Diluted EPS": 0.12,
        "Basic EPS": 0.13,
        "Diluted NI Availto Com Stockholders": 6064000.0,
        "Net Income Common Stockholders": 6064000.0,
        "Net Income": 6064000.0,
        "Net Income Including Noncontrolling Interests": 6064000.0,
        "Net Income Continuous Operations": 6064000.0,
        "Tax Provision": 2428000.0,
        "Pretax Income": 8492000.0,
        "Other Income Expense": -1880000.0,
        "Other Non Operating Income Expenses": 10000.0,
        "Gain On Sale Of Security": -1890000.0,
        "Net Non Operating Interest Income Expense": 1775000.0,
        "Total Other Finance Cost": -1775000.0,
        "Interest Income Non Operating": 1775000.0,
        "Operating Income": 8597000.0,
        "Operating Expense": 62129000.0,
        "Research And Development": 11755000.0,
        "Selling General And Administration": 50374000.0,
        "Selling And Marketing Expense": 32277000.0,
        "General And Administrative Expense": 18097000.0,
        "Other Gand A": 18097000.0,
        "Gross Profit": 70726000.0,
        "Cost Of Revenue": 21580000.0,
        "Total Revenue": 92306000.0,
        "Operating Revenue": 92306000.0
    },
    "2022-03-31": {
        "Diluted EPS": 0.19,
        "Total Revenue": 63,
        "Gross Profit": 49,
        "Operating Income": 12,
        "EBIT": 13,
        "Net Income": 10
    },
    "2021-12-31": {
        "Diluted EPS": 0.11,
        "Total Revenue": 59,
        "Gross Profit": 45,
        "Operating Income": 7,
        "EBIT": 8,
        "Net Income": 5
    },
    "2021-09-30": {
        "Diluted EPS": 0.12,
        "Total Revenue": 58,
        "Gross Profit": 45,
        "Operating Income": 8,
        "EBIT": 9,
        "Net Income": 6
    },
    "2021-06-30": {
        "Diluted EPS": 0.17,
        "Total Revenue": 62,
        "Gross Profit": 49,
        "Operating Income": 11,
        "EBIT": 12,
        "Net Income": 9
    },
    "2021-03-31": {
        "Diluted EPS": 0.1,
        "Total Revenue": 51,
        "Gross Profit": 39,
        "Operating Income": 7,
        "EBIT": 8,
        "Net Income": 5
    },
    "2020-12-31": {
        "Diluted EPS": 0.07,
        "Total Revenue": 46,
        "Gross Profit": 34,
        "Operating Income": 4,
        "EBIT": 5,
        "Net Income": 3
    },
    "2020-09-30": {
        "Diluted EPS": 0.08,
        "Total Revenue": 47,
        "Gross Profit": 35,
        "Operating Income": 5,
        "EBIT": 6,
        "Net Income": 4
    },
    "2020-06-30": {
        "Diluted EPS": -0.03,
        "Total Revenue": 35,
        "Gross Profit": 24,
        "Operating Income": -1,
        "EBIT": 0,
        "Net Income": -1
    },
    "2020-03-31": {
        "Diluted EPS": -0.0,
        "Total Revenue": 35,
        "Gross Profit": 25,
        "Operating Income": -1,
        "EBIT": 0,
        "Net Income": 0
    },
    "2019-12-31": {
        "Diluted EPS": 0.14,
        "Total Revenue": 39,
        "Gross Profit": 29,
        "Operating Income": 2,
        "EBIT": 3,
        "Net Income": 6
    },
    "2019-09-30": {
        "Diluted EPS": 0.05,
        "Total Revenue": 39,
        "Gross Profit": 29,
        "Operating Income": 3,
        "EBIT": 4,
        "Net Income": 2
    },
    "2019-06-30": {
        "Diluted EPS": 0.08,
        "Total Revenue": 40,
        "Gross Profit": 30,
        "Operating Income": 5,
        "EBIT": 5,
        "Net Income": 4
    },
    "2019-03-31": {
        "Diluted EPS": 0.03,
        "Total Revenue": 33,
        "Gross Profit": 24,
        "Operating Income": 2,
        "EBIT": 3,
        "Net Income": 1
    },
    "2018-12-31": {
        "Diluted EPS": 0.03,
        "Total Revenue": 31,
        "Gross Profit": 23,
        "Operating Income": 1,
        "EBIT": 2,
        "Net Income": 1
    },
    "2018-09-30": {
        "Diluted EPS": 0.03,
        "Total Revenue": 32,
        "Gross Profit": 24,
        "Operating Income": 2,
        "EBIT": 2,
        "Net Income": 1
    },
    "2018-06-30": {
        "Diluted EPS": 0.04,
        "Total Revenue": 34,
        "Gross Profit": 25,
        "Operating Income": 3,
        "EBIT": 4,
        "Net Income": 2
    },
    "2018-03-31": {
        "Diluted EPS": 0.01,
        "Total Revenue": 27,
        "Gross Profit": 19,
        "Operating Income": 1,
        "EBIT": 1,
        "Net Income": 1
    },
    "2017-12-31": {
        "Diluted EPS": -0.01,
        "Total Revenue": 25,
        "Gross Profit": 17,
        "Operating Income": -1,
        "EBIT": 0,
        "Net Income": 0
    },
    "2017-09-30": {
        "Diluted EPS": 0.03,
        "Total Revenue": 23,
        "Gross Profit": 17,
        "Operating Income": 1,
        "EBIT": 2,
        "Net Income": 1
    },
    "2017-06-30": {
        "Diluted EPS": -0.02,
        "Total Revenue": 22,
        "Gross Profit": 15,
        "Operating Income": -1,
        "EBIT": 0,
        "Net Income": -1
    },
    "2017-03-31": {
        "Diluted EPS": -0.05,
        "Total Revenue": 20,
        "Gross Profit": 15,
        "Operating Income": -2,
        "EBIT": -1,
        "Net Income": -2
    },
    "2016-12-31": {
        "Diluted EPS": -0.01,
        "Total Revenue": 22,
        "Gross Profit": 16,
        "Operating Income": 1,
        "EBIT": 2,
        "Net Income": 0
    },
    "2016-09-30": {
        "Diluted EPS": -0.04,
        "Total Revenue": 20,
        "Gross Profit": 15,
        "Operating Income": -2,
        "EBIT": -1,
        "Net Income": -2
    },
    "2016-06-30": {
        "Diluted EPS": -0.05,
        "Total Revenue": 21,
        "Gross Profit": 15,
        "Operating Income": -2,
        "EBIT": -1,
        "Net Income": -2
    },
    "2016-03-31": {
        "Diluted EPS": -0.2,
        "Total Revenue": 19,
        "Gross Profit": 13,
        "Operating Income": -10,
        "EBIT": -9,
        "Net Income": -8
    },
    "2015-12-31": {
        "Diluted EPS": -0.03,
        "Total Revenue": 21,
        "Gross Profit": 15,
        "Operating Income": 0,
        "EBIT": 1,
        "Net Income": -1
    },
    "2015-09-30": {
        "Diluted EPS": -0.04,
        "Total Revenue": 19,
        "Gross Profit": 13,
        "Operating Income": -2,
        "EBIT": -1,
        "Net Income": -2
    },
    "2015-06-30": {
        "Diluted EPS": -0.04,
        "Total Revenue": 19,
        "Gross Profit": 12,
        "Operating Income": -2,
        "EBIT": -1,
        "Net Income": -2
    },
    "2015-03-31": {
        "Diluted EPS": -0.06,
        "Total Revenue": 19,
        "Gross Profit": 13,
        "Operating Income": -2,
        "EBIT": -1,
        "Net Income": -2
    },
    "2014-12-31": {
        "Diluted EPS": -0.06,
        "Total Revenue": 17,
        "Gross Profit": 9,
        "Operating Income": -4,
        "EBIT": -3,
        "Net Income": -3
    },
    "2014-09-30": {
        "Diluted EPS": -0.07,
        "Total Revenue": 18,
        "Gross Profit": 12,
        "Operating Income": -2,
        "EBIT": -1,
        "Net Income": -3
    },
    "2014-06-30": {
        "Diluted EPS": -0.05,
        "Total Revenue": 20,
        "Gross Profit": 14,
        "Operating Income": -1,
        "EBIT": -1,
        "Net Income": -2
    },
    "2014-03-31": {
        "Diluted EPS": -0.04,
        "Total Revenue": 20,
        "Gross Profit": 14,
        "Operating Income": -1,
        "EBIT": -1,
        "Net Income": -1
    },
    "2013-12-31": {
        "Diluted EPS": -0.02,
        "Total Revenue": 19,
        "Gross Profit": 13,
        "Operating Income": -1,
        "EBIT": -1,
        "Net Income": -1
    },
    "2013-09-30": {
        "Diluted EPS": 0.01,
        "Total Revenue": 17,
        "Gross Profit": 12,
        "Operating Income": 0,
        "EBIT": 1,
        "Net Income": 1
    },
    "2013-06-30": {
        "Diluted EPS": 0.01,
        "Total Revenue": 18,
        "Gross Profit": 13,
        "Operating Income": 1,
        "EBIT": 1,
        "Net Income": 0
    },
    "2013-03-31": {
        "Diluted EPS": 0.01,
        "Total Revenue": 18,
        "Gross Profit": 13,
        "Operating Income": 1,
        "EBIT": 2,
        "Net Income": 0
    },
    "2012-12-31": {
        "Diluted EPS": -0.05,
        "Total Revenue": 16,
        "Gross Profit": 11,
        "Operating Income": -1,
        "EBIT": -1,
        "Net Income": -1
    },
    "2012-09-30": {
        "Diluted EPS": 0.0,
        "Total Revenue": 16,
        "Gross Profit": 11,
        "Operating Income": 0,
        "EBIT": 0,
        "Net Income": 0
    },
    "2012-06-30": {
        "Diluted EPS": -0.01,
        "Total Revenue": 16,
        "Gross Profit": 11,
        "Operating Income": 0,
        "EBIT": 0,
        "Net Income": 0
    },
    "2012-03-31": {
        "Diluted EPS": 0.01,
        "Total Revenue": 16,
        "Gross Profit": 11,
        "Operating Income": 0,
        "EBIT": 1,
        "Net Income": 0
    },
    "2011-12-31": {
        "Diluted EPS": 0.01,
        "Total Revenue": 16,
        "Gross Profit": 11,
        "Operating Income": 1,
        "EBIT": 1,
        "Net Income": 0
    },
    "2011-09-30": {
        "Diluted EPS": 0.0,
        "Total Revenue": 15,
        "Gross Profit": 10,
        "Operating Income": 1,
        "EBIT": 1,
        "Net Income": 0
    },
    "2011-06-30": {
        "Diluted EPS": 0.02,
        "Total Revenue": 16,
        "Gross Profit": 11,
        "Operating Income": 1,
        "EBIT": 2,
        "Net Income": 1
    },
    "2011-03-31": {
        "Diluted EPS": 0.01,
        "Total Revenue": 15,
        "Gross Profit": 10,
        "Operating Income": 0,
        "EBIT": 1,
        "Net Income": 0
    },
    "2010-12-31": {
        "Diluted EPS": -0.02,
        "Total Revenue": 14,
        "Gross Profit": 9,
        "Operating Income": -1,
        "EBIT": 0,
        "Net Income": -1
    },
    "2010-09-30": {
        "Diluted EPS": -0.03,
        "Total Revenue": 13,
        "Gross Profit": 8,
        "Operating Income": -1,
        "EBIT": -1,
        "Net Income": -1
    },
    "2010-06-30": {
        "Diluted EPS": -0.05,
        "Total Revenue": 14,
        "Gross Profit": 9,
        "Operating Income": -1,
        "EBIT": 0,
        "Net Income": -2
    },
    "2010-03-31": {
        "Diluted EPS": 0.1,
        "Total Revenue": 14,
        "Gross Profit": 9,
        "Operating Income": 0,
        "EBIT": 1,
        "Net Income": 4
    },
    "2009-12-31": {
        "Diluted EPS": -0.03,
        "Total Revenue": 13,
        "Gross Profit": 8,
        "Operating Income": -1,
        "EBIT": 1,
        "Net Income": -1
    },
    "2009-09-30": {
        "Diluted EPS": -0.06,
        "Total Revenue": 12,
        "Gross Profit": 8,
        "Operating Income": -1,
        "EBIT": 0,
        "Net Income": -2
    },
    "2009-06-30": {
        "Diluted EPS": -0.04,
        "Total Revenue": 13,
        "Gross Profit": 8,
        "Operating Income": -1,
        "EBIT": 0,
        "Net Income": -1
    },
    "2009-03-31": {
        "Diluted EPS": -0.06,
        "Total Revenue": 12,
        "Gross Profit": 8,
        "Operating Income": -2,
        "EBIT": -1,
        "Net Income": -2
    },
    "2023-09-30": {
        "Tax Effect Of Unusual Items": -395824.0,
        "Tax Rate For Calcs": 0.286,
        "Normalized EBITDA": 9022000.0,
        "Total Unusual Items": -1384000.0,
        "Total Unusual Items Excluding Goodwill": -1384000.0,
        "Net Income From Continuing Operation Net Minority Interest": 4817000.0,
        "Reconciled Depreciation": 1343000.0,
        "Reconciled Cost Of Revenue": 16670000.0,
        "EBITDA": 7638000.0,
        "EBIT": 6295000.0,
        "Net Interest Income": 1690000.0,
        "Interest Income": NaN,
        "Normalized Income": 5805176.0,
        "Net Income From Continuing And Discontinued Operation": 4817000.0,
        "Total Expenses": 74013000.0,
        "Total Operating Income As Reported": 6295000.0,
        "Diluted Average Shares": 49370000.0,
        "Basic Average Shares": 48613000.0,
        "Diluted EPS": 0.1,
        "Basic EPS": 0.1,
        "Diluted NI Availto Com Stockholders": 4817000.0,
        "Net Income Common Stockholders": 4817000.0,
        "Net Income": 4817000.0,
        "Net Income Including Noncontrolling Interests": 4817000.0,
        "Net Income Continuous Operations": 4817000.0,
        "Tax Provision": 1929000.0,
        "Pretax Income": 6746000.0,
        "Other Income Expense": -1239000.0,
        "Other Non Operating Income Expenses": 145000.0,
        "Gain On Sale Of Security": -1384000.0,
        "Net Non Operating Interest Income Expense": 1690000.0,
        "Total Other Finance Cost": -1690000.0,
        "Interest Income Non Operating": NaN,
        "Operating Income": 6295000.0,
        "Operating Expense": 57343000.0,
        "Research And Development": 11470000.0,
        "Selling General And Administration": 45873000.0,
        "Selling And Marketing Expense": 26607000.0,
        "General And Administrative Expense": 19266000.0,
        "Other Gand A": 19266000.0,
        "Gross Profit": 63638000.0,
        "Cost Of Revenue": 16670000.0,
        "Total Revenue": 80308000.0,
        "Operating Revenue": 80308000.0
    }
}