{
    "2022-12-31": {
        "Tax Effect Of Unusual Items": NaN,
        "Tax Rate For Calcs": NaN,
        "Normalized EBITDA": NaN,
        "Total Unusual Items": -10000000.0,
        "Total Unusual Items Excluding Goodwill": -10000000.0,
        "Net Income From Continuing Operation Net Minority Interest": NaN,
        "Reconciled Depreciation": NaN,
        "Reconciled Cost Of Revenue": NaN,
        "EBITDA": NaN,
        "EBIT": NaN,
        "Net Interest Income": NaN,
        "Interest Expense": NaN,
        "Normalized Income": NaN,
        "Net Income From Continuing And Discontinued Operation": NaN,
        "Total Expenses": NaN,
        "Total Operating Income As Reported": NaN,
        "Diluted Average Shares": NaN,
        "Basic Average Shares": NaN,
        "Diluted EPS": NaN,
        "Basic EPS": NaN,
        "Diluted NI Availto Com Stockholders": NaN,
        "Average Dilution Earnings": NaN,
        "Net Income Common Stockholders": NaN,
        "Otherunder Preferred Stock Dividend": 0.0,
        "Net Income": NaN,
        "Net Income Including Noncontrolling Interests": NaN,
        "Net Income Discontinuous Operations": NaN,
        "Net Income Continuous Operations": NaN,
        "Tax Provision": NaN,
        "Pretax Income": NaN,
        "Other Income Expense": NaN,
        "Other Non Operating Income Expenses": NaN,
        "Special Income Charges": -10000000.0,
        "Gain On Sale Of Business": NaN,
        "Net Non Operating Interest Income Expense": NaN,
        "Total Other Finance Cost": NaN,
        "Interest Expense Non Operating": NaN,
        "Operating Income": NaN,
        "Operating Expense": NaN,
        "Depreciation Amortization Depletion Income Statement": NaN,
        "Depreciation And Amortization In Income Statement": NaN,
        "Selling General And Administration": NaN,
        "Gross Profit": NaN,
        "Cost Of Revenue": NaN,
        "Total Revenue": NaN,
        "Operating Revenue": NaN
    },
    "2022-09-30": {
        "Tax Effect Of Unusual Items": NaN,
        "Tax Rate For Calcs": NaN,
        "Normalized EBITDA": NaN,
        "Total Unusual Items": 1009000.0,
        "Total Unusual Items Excluding Goodwill": 1009000.0,
        "Net Income From Continuing Operation Net Minority Interest": NaN,
        "Reconciled Depreciation": NaN,
        "Reconciled Cost Of Revenue": NaN,
        "EBITDA": NaN,
        "EBIT": NaN,
        "Net Interest Income": NaN,
        "Interest Expense": NaN,
        "Normalized Income": NaN,
        "Net Income From Continuing And Discontinued Operation": NaN,
        "Total Expenses": NaN,
        "Total Operating Income As Reported": NaN,
        "Diluted Average Shares": 2401961.0,
        "Basic Average Shares": 2401961.0,
        "Diluted EPS": 0.43,
        "Basic EPS": 0.43,
        "Diluted NI Availto Com Stockholders": NaN,
        "Net Income Common Stockholders": NaN,
        "Otherunder Preferred Stock Dividend": 0.0,
        "Net Income": NaN,
        "Net Income Including Noncontrolling Interests": NaN,
        "Net Income Continuous Operations": NaN,
        "Tax Provision": NaN,
        "Pretax Income": NaN,
        "Other Income Expense": NaN,
        "Other Non Operating Income Expenses": NaN,
        "Special Income Charges": 0.0,
        "Gain On Sale Of Security": 1009000.0,
        "Net Non Operating Interest Income Expense": NaN,
        "Interest Expense Non Operating": NaN,
        "Operating Income": NaN,
        "Operating Expense": NaN,
        "Depreciation Amortization Depletion Income Statement": NaN,
        "Depreciation And Amortization In Income Statement": NaN,
        "Selling General And Administration": NaN,
        "Gross Profit": NaN,
        "Cost Of Revenue": NaN,
        "Total Revenue": NaN,
        "Operating Revenue": NaN
    },
    "2022-06-30": {
        "Tax Effect Of Unusual Items": 0.0,
        "Tax Rate For Calcs": 0.0014,
        "Normalized EBITDA": 127000.0,
        "Total Unusual Items": 0.0,
        "Total Unusual Items Excluding Goodwill": 0.0,
        "Net Income From Continuing Operation Net Minority Interest": -2264000.0,
        "Reconciled Depreciation": 1257000.0,
        "Reconciled Cost Of Revenue": 47975000.0,
        "EBITDA": 127000.0,
        "EBIT": -1130000.0,
        "Net Interest Income": -1137000.0,
        "Interest Expense": 1137000.0,
        "Normalized Income": -2264000.0,
        "Net Income From Continuing And Discontinued Operation": -2264000.0,
        "Total Expenses": 59696000.0,
        "Total Operating Income As Reported": -643000.0,
        "Diluted Average Shares": 1759252.0,
        "Basic Average Shares": 1759252.0,
        "Diluted EPS": -1.29,
        "Basic EPS": -1.29,
        "Diluted NI Availto Com Stockholders": -2264000.0,
        "Net Income Common Stockholders": -2264000.0,
        "Otherunder Preferred Stock Dividend": 0.0,
        "Net Income": -2264000.0,
        "Net Income Including Noncontrolling Interests": -2264000.0,
        "Net Income Continuous Operations": -2264000.0,
        "Tax Provision": -3000.0,
        "Pretax Income": -2267000.0,
        "Other Income Expense": -487000.0,
        "Other Non Operating Income Expenses": -487000.0,
        "Special Income Charges": 0.0,
        "Gain On Sale Of Security": NaN,
        "Net Non Operating Interest Income Expense": -1137000.0,
        "Interest Expense Non Operating": 1137000.0,
        "Operating Income": -643000.0,
        "Operating Expense": 11162000.0,
        "Depreciation Amortization Depletion Income Statement": 698000.0,
        "Depreciation And Amortization In Income Statement": 698000.0,
        "Selling General And Administration": 10464000.0,
        "Gross Profit": 10519000.0,
        "Cost Of Revenue": 48534000.0,
        "Total Revenue": 59053000.0,
        "Operating Revenue": 59053000.0
    },
    "2022-03-31": {
        "Diluted EPS": -1.33,
        "Total Revenue": 50,
        "Gross Profit": 9,
        "Operating Income": -1,
        "EBIT": 0,
        "Net Income": -2
    },
    "2021-12-31": {
        "Diluted EPS": -4.75,
        "Total Revenue": 51,
        "Gross Profit": 7,
        "Operating Income": -6,
        "EBIT": -2,
        "Net Income": -7
    },
    "2021-09-30": {
        "Diluted EPS": 6.89,
        "Total Revenue": 48,
        "Gross Profit": 10,
        "Operating Income": 0,
        "EBIT": 2,
        "Net Income": 8
    },
    "2021-06-30": {
        "Diluted EPS": 6.66,
        "Total Revenue": 51,
        "Gross Profit": 9,
        "Operating Income": -1,
        "EBIT": 0,
        "Net Income": 5
    },
    "2021-03-31": {
        "Diluted EPS": -5.1,
        "Total Revenue": 49,
        "Gross Profit": 8,
        "Operating Income": -1,
        "EBIT": 0,
        "Net Income": -2
    },
    "2020-12-31": {
        "Diluted EPS": NaN,
        "Total Revenue": 54,
        "Gross Profit": 8,
        "Operating Income": -1,
        "EBIT": 0,
        "Net Income": -8
    },
    "2020-09-30": {
        "Diluted EPS": -23.4,
        "Total Revenue": 49,
        "Gross Profit": 8,
        "Operating Income": -2,
        "EBIT": -1,
        "Net Income": -3
    },
    "2020-06-30": {
        "Diluted EPS": -35.5,
        "Total Revenue": 43,
        "Gross Profit": 8,
        "Operating Income": -1,
        "EBIT": 0,
        "Net Income": -5
    },
    "2020-03-31": {
        "Diluted EPS": -53.99,
        "Total Revenue": 59,
        "Gross Profit": 11,
        "Operating Income": -4,
        "EBIT": 0,
        "Net Income": -8
    },
    "2019-12-31": {
        "Diluted EPS": -23.4,
        "Total Revenue": 64,
        "Gross Profit": 12,
        "Operating Income": -1,
        "EBIT": 2,
        "Net Income": -3
    },
    "2019-09-30": {
        "Diluted EPS": -12.0,
        "Total Revenue": 67,
        "Gross Profit": 12,
        "Operating Income": 0,
        "EBIT": 1,
        "Net Income": -2
    },
    "2019-06-30": {
        "Diluted EPS": -15.0,
        "Total Revenue": 73,
        "Gross Profit": 12,
        "Operating Income": 1,
        "EBIT": 2,
        "Net Income": -2
    },
    "2019-03-31": {
        "Diluted EPS": -3.6,
        "Total Revenue": 74,
        "Gross Profit": 12,
        "Operating Income": 1,
        "EBIT": 2,
        "Net Income": 0
    },
    "2018-12-31": {
        "Diluted EPS": -21.0,
        "Total Revenue": 74,
        "Gross Profit": 12,
        "Operating Income": 1,
        "EBIT": 2,
        "Net Income": -2
    },
    "2018-09-30": {
        "Diluted EPS": -25.8,
        "Total Revenue": 71,
        "Gross Profit": 12,
        "Operating Income": 1,
        "EBIT": 2,
        "Net Income": -2
    },
    "2018-06-30": {
        "Diluted EPS": -27.6,
        "Total Revenue": 60,
        "Gross Profit": 12,
        "Operating Income": 0,
        "EBIT": 1,
        "Net Income": -2
    },
    "2018-03-31": {
        "Diluted EPS": -19.8,
        "Total Revenue": 56,
        "Gross Profit": 12,
        "Operating Income": 0,
        "EBIT": 1,
        "Net Income": -1
    },
    "2017-12-31": {
        "Diluted EPS": -142.17,
        "Total Revenue": 59,
        "Gross Profit": 12,
        "Operating Income": -5,
        "EBIT": 1,
        "Net Income": -7
    },
    "2017-09-30": {
        "Diluted EPS": -158.97,
        "Total Revenue": 50,
        "Gross Profit": 10,
        "Operating Income": 0,
        "EBIT": 2,
        "Net Income": -8
    },
    "2017-06-30": {
        "Diluted EPS": -35.39,
        "Total Revenue": 42,
        "Gross Profit": 8,
        "Operating Income": 1,
        "EBIT": 2,
        "Net Income": -2
    },
    "2017-03-31": {
        "Diluted EPS": -106.78,
        "Total Revenue": 41,
        "Gross Profit": 7,
        "Operating Income": -1,
        "EBIT": 1,
        "Net Income": -4
    },
    "2016-12-31": {
        "Diluted EPS": 0.0,
        "Total Revenue": NaN,
        "Gross Profit": NaN,
        "Operating Income": NaN,
        "EBIT": NaN,
        "Net Income": NaN
    },
    "2016-11-30": {
        "Diluted EPS": -50.99,
        "Total Revenue": 47,
        "Gross Profit": 8,
        "Operating Income": 0,
        "EBIT": 4,
        "Net Income": -1
    },
    "2016-09-30": {
        "Diluted EPS": -86.98,
        "Total Revenue": 46,
        "Gross Profit": 8,
        "Operating Income": 0,
        "EBIT": -1,
        "Net Income": -2
    },
    "2016-08-31": {
        "Diluted EPS": -56.99,
        "Total Revenue": 48,
        "Gross Profit": 8,
        "Operating Income": 0,
        "EBIT": -1,
        "Net Income": -1
    },
    "2016-06-30": {
        "Diluted EPS": -131.97,
        "Total Revenue": 46,
        "Gross Profit": 8,
        "Operating Income": -1,
        "EBIT": -3,
        "Net Income": -3
    },
    "2016-05-31": {
        "Diluted EPS": 0.0,
        "Total Revenue": NaN,
        "Gross Profit": NaN,
        "Operating Income": NaN,
        "EBIT": NaN,
        "Net Income": NaN
    },
    "2016-03-31": {
        "Diluted EPS": -170.97,
        "Total Revenue": 43,
        "Gross Profit": 7,
        "Operating Income": -1,
        "EBIT": 3,
        "Net Income": -3
    },
    "2016-02-29": {
        "Diluted EPS": -101.98,
        "Total Revenue": 44,
        "Gross Profit": 8,
        "Operating Income": -1,
        "EBIT": 4,
        "Net Income": -2
    },
    "2015-11-30": {
        "Diluted EPS": -218.96,
        "Total Revenue": 41,
        "Gross Profit": 7,
        "Operating Income": -2,
        "EBIT": 5,
        "Net Income": -3
    },
    "2015-08-31": {
        "Diluted EPS": -113.98,
        "Total Revenue": 36,
        "Gross Profit": 6,
        "Operating Income": -1,
        "EBIT": -1,
        "Net Income": -2
    },
    "2015-05-31": {
        "Diluted EPS": 0.0,
        "Total Revenue": NaN,
        "Gross Profit": NaN,
        "Operating Income": NaN,
        "EBIT": NaN,
        "Net Income": NaN
    },
    "2015-02-28": {
        "Diluted EPS": -6.0,
        "Total Revenue": 31,
        "Gross Profit": 6,
        "Operating Income": -1,
        "EBIT": 6,
        "Net Income": 0
    },
    "2014-11-30": {
        "Diluted EPS": -731.85,
        "Total Revenue": 33,
        "Gross Profit": 6,
        "Operating Income": -3,
        "EBIT": -1,
        "Net Income": -9
    },
    "2014-08-31": {
        "Diluted EPS": -716.86,
        "Total Revenue": 33,
        "Gross Profit": 6,
        "Operating Income": -1,
        "EBIT": -1,
        "Net Income": -5
    },
    "2014-05-31": {
        "Diluted EPS": 0.0,
        "Total Revenue": NaN,
        "Gross Profit": NaN,
        "Operating Income": NaN,
        "EBIT": NaN,
        "Net Income": NaN
    },
    "2014-02-28": {
        "Diluted EPS": -239.95,
        "Total Revenue": 16,
        "Gross Profit": 3,
        "Operating Income": -1,
        "EBIT": 0,
        "Net Income": -2
    },
    "2013-11-30": {
        "Diluted EPS": -329.93,
        "Total Revenue": 2,
        "Gross Profit": 1,
        "Operating Income": -1,
        "EBIT": -1,
        "Net Income": -1
    },
    "2013-08-31": {
        "Diluted EPS": -89.98,
        "Total Revenue": 1,
        "Gross Profit": 0,
        "Operating Income": 0,
        "EBIT": 0,
        "Net Income": 0
    },
    "2013-05-31": {
        "Diluted EPS": 0.0,
        "Total Revenue": NaN,
        "Gross Profit": NaN,
        "Operating Income": NaN,
        "EBIT": NaN,
        "Net Income": NaN
    },
    "2013-02-28": {
        "Diluted EPS": -299.94,
        "Total Revenue": 0,
        "Gross Profit": 0,
        "Operating Income": -1,
        "EBIT": -1,
        "Net Income": -1
    },
    "2012-11-30": {
        "Diluted EPS": -89.98,
        "Total Revenue": 0,
        "Gross Profit": 0,
        "Operating Income": 0,
        "EBIT": 0,
        "Net Income": 0
    },
    "2012-08-31": {
        "Diluted EPS": -89.98,
        "Total Revenue": NaN,
        "Gross Profit": NaN,
        "Operating Income": 0,
        "EBIT": 0,
        "Net Income": 0
    },
    "2012-05-31": {
        "Diluted EPS": 0.0,
        "Total Revenue": NaN,
        "Gross Profit": NaN,
        "Operating Income": NaN,
        "EBIT": NaN,
        "Net Income": NaN
    },
    "2012-02-29": {
        "Diluted EPS": -29.99,
        "Total Revenue": NaN,
        "Gross Profit": NaN,
        "Operating Income": 0,
        "EBIT": 0,
        "Net Income": 0
    },
    "2011-11-30": {
        "Diluted EPS": 0.0,
        "Total Revenue": NaN,
        "Gross Profit": NaN,
        "Operating Income": 0,
        "EBIT": 0,
        "Net Income": 0
    },
    "2011-08-31": {
        "Diluted EPS": 0.0,
        "Total Revenue": NaN,
        "Gross Profit": NaN,
        "Operating Income": 0,
        "EBIT": 0,
        "Net Income": 0
    },
    "2011-06-30": {
        "Diluted EPS": 0.0,
        "Total Revenue": NaN,
        "Gross Profit": NaN,
        "Operating Income": 0,
        "EBIT": 0,
        "Net Income": 0
    },
    "2011-05-31": {
        "Diluted EPS": 0.0,
        "Total Revenue": NaN,
        "Gross Profit": NaN,
        "Operating Income": NaN,
        "EBIT": NaN,
        "Net Income": NaN
    },
    "2011-03-31": {
        "Diluted EPS": 0.0,
        "Total Revenue": NaN,
        "Gross Profit": NaN,
        "Operating Income": 0,
        "EBIT": 0,
        "Net Income": 0
    },
    "2011-02-28": {
        "Diluted EPS": 0.0,
        "Total Revenue": NaN,
        "Gross Profit": NaN,
        "Operating Income": 0,
        "EBIT": 0,
        "Net Income": 0
    },
    "2010-12-31": {
        "Diluted EPS": 0.0,
        "Total Revenue": NaN,
        "Gross Profit": NaN,
        "Operating Income": NaN,
        "EBIT": NaN,
        "Net Income": NaN
    },
    "2010-11-30": {
        "Diluted EPS": -6.52,
        "Total Revenue": NaN,
        "Gross Profit": NaN,
        "Operating Income": 0,
        "EBIT": 0,
        "Net Income": 0
    },
    "2010-09-30": {
        "Diluted EPS": 0.0,
        "Total Revenue": NaN,
        "Gross Profit": NaN,
        "Operating Income": 0,
        "EBIT": 0,
        "Net Income": 0
    },
    "2010-08-31": {
        "Diluted EPS": -2.55,
        "Total Revenue": NaN,
        "Gross Profit": NaN,
        "Operating Income": 0,
        "EBIT": 0,
        "Net Income": 0
    },
    "2010-06-30": {
        "Diluted EPS": 0.0,
        "Total Revenue": NaN,
        "Gross Profit": NaN,
        "Operating Income": NaN,
        "EBIT": NaN,
        "Net Income": NaN
    },
    "2023-03-31": {
        "Tax Effect Of Unusual Items": NaN,
        "Tax Rate For Calcs": NaN,
        "Normalized EBITDA": NaN,
        "Total Unusual Items": NaN,
        "Total Unusual Items Excluding Goodwill": NaN,
        "Net Income From Continuing Operation Net Minority Interest": NaN,
        "Reconciled Depreciation": NaN,
        "Reconciled Cost Of Revenue": NaN,
        "EBITDA": NaN,
        "EBIT": NaN,
        "Net Interest Income": NaN,
        "Interest Expense": NaN,
        "Normalized Income": NaN,
        "Net Income From Continuing And Discontinued Operation": NaN,
        "Total Expenses": NaN,
        "Total Operating Income As Reported": NaN,
        "Diluted Average Shares": 317712.0,
        "Basic Average Shares": 317712.0,
        "Diluted EPS": -6.3,
        "Basic EPS": -6.3,
        "Diluted NI Availto Com Stockholders": NaN,
        "Average Dilution Earnings": NaN,
        "Net Income Common Stockholders": NaN,
        "Otherunder Preferred Stock Dividend": NaN,
        "Net Income": NaN,
        "Net Income Including Noncontrolling Interests": NaN,
        "Net Income Discontinuous Operations": -853000.0,
        "Net Income Continuous Operations": NaN,
        "Tax Provision": NaN,
        "Pretax Income": NaN,
        "Other Income Expense": NaN,
        "Other Non Operating Income Expenses": NaN,
        "Special Income Charges": NaN,
        "Gain On Sale Of Business": NaN,
        "Net Non Operating Interest Income Expense": NaN,
        "Total Other Finance Cost": 99000.0,
        "Interest Expense Non Operating": NaN,
        "Operating Income": NaN,
        "Operating Expense": NaN,
        "Depreciation Amortization Depletion Income Statement": NaN,
        "Depreciation And Amortization In Income Statement": NaN,
        "Selling General And Administration": NaN,
        "Gross Profit": NaN,
        "Cost Of Revenue": NaN,
        "Total Revenue": NaN,
        "Operating Revenue": NaN
    },
    "2023-06-30": {
        "Tax Effect Of Unusual Items": -175770.0,
        "Tax Rate For Calcs": 0.21,
        "Normalized EBITDA": -221000.0,
        "Total Unusual Items": -837000.0,
        "Total Unusual Items Excluding Goodwill": -837000.0,
        "Net Income From Continuing Operation Net Minority Interest": -2879000.0,
        "Reconciled Depreciation": 626000.0,
        "Reconciled Cost Of Revenue": 41345000.0,
        "EBITDA": -1058000.0,
        "EBIT": -1684000.0,
        "Net Interest Income": -1188000.0,
        "Interest Expense": 1188000.0,
        "Normalized Income": -2217770.0,
        "Net Income From Continuing And Discontinued Operation": -2879000.0,
        "Total Expenses": 49649000.0,
        "Total Operating Income As Reported": -1034000.0,
        "Diluted Average Shares": 175926.0,
        "Basic Average Shares": 175926.0,
        "Diluted EPS": -11.61,
        "Basic EPS": -11.61,
        "Diluted NI Availto Com Stockholders": -2042000.0,
        "Average Dilution Earnings": 837000.0,
        "Net Income Common Stockholders": -2879000.0,
        "Otherunder Preferred Stock Dividend": NaN,
        "Net Income": -2879000.0,
        "Net Income Including Noncontrolling Interests": -2879000.0,
        "Net Income Discontinuous Operations": NaN,
        "Net Income Continuous Operations": -2879000.0,
        "Tax Provision": 7000.0,
        "Pretax Income": -2872000.0,
        "Other Income Expense": -650000.0,
        "Other Non Operating Income Expenses": 187000.0,
        "Special Income Charges": -837000.0,
        "Gain On Sale Of Business": -837000.0,
        "Net Non Operating Interest Income Expense": -1188000.0,
        "Total Other Finance Cost": NaN,
        "Interest Expense Non Operating": 1188000.0,
        "Operating Income": -1034000.0,
        "Operating Expense": 8061000.0,
        "Depreciation Amortization Depletion Income Statement": 383000.0,
        "Depreciation And Amortization In Income Statement": 383000.0,
        "Selling General And Administration": 7678000.0,
        "Gross Profit": 7027000.0,
        "Cost Of Revenue": 41588000.0,
        "Total Revenue": 48615000.0,
        "Operating Revenue": 48615000.0
    },
    "2023-09-30": {
        "Tax Effect Of Unusual Items": 0.0,
        "Tax Rate For Calcs": 0.21,
        "Normalized EBITDA": -775000.0,
        "Total Unusual Items": NaN,
        "Total Unusual Items Excluding Goodwill": NaN,
        "Net Income From Continuing Operation Net Minority Interest": -4255000.0,
        "Reconciled Depreciation": 1809000.0,
        "Reconciled Cost Of Revenue": 53168000.0,
        "EBITDA": -775000.0,
        "EBIT": -2584000.0,
        "Net Interest Income": -1650000.0,
        "Interest Expense": 1650000.0,
        "Normalized Income": -4255000.0,
        "Net Income From Continuing And Discontinued Operation": -4255000.0,
        "Total Expenses": 65814000.0,
        "Total Operating Income As Reported": -2347000.0,
        "Diluted Average Shares": 434958.0,
        "Basic Average Shares": 434958.0,
        "Diluted EPS": -9.8,
        "Basic EPS": -9.8,
        "Diluted NI Availto Com Stockholders": -4255000.0,
        "Average Dilution Earnings": NaN,
        "Net Income Common Stockholders": -4255000.0,
        "Otherunder Preferred Stock Dividend": NaN,
        "Net Income": -4255000.0,
        "Net Income Including Noncontrolling Interests": -4255000.0,
        "Net Income Discontinuous Operations": NaN,
        "Net Income Continuous Operations": -4255000.0,
        "Tax Provision": 21000.0,
        "Pretax Income": -4234000.0,
        "Other Income Expense": -237000.0,
        "Other Non Operating Income Expenses": -237000.0,
        "Special Income Charges": NaN,
        "Gain On Sale Of Business": NaN,
        "Net Non Operating Interest Income Expense": -1650000.0,
        "Total Other Finance Cost": NaN,
        "Interest Expense Non Operating": 1650000.0,
        "Operating Income": -2347000.0,
        "Operating Expense": 11719000.0,
        "Depreciation Amortization Depletion Income Statement": 882000.0,
        "Depreciation And Amortization In Income Statement": 882000.0,
        "Selling General And Administration": 10837000.0,
        "Gross Profit": 9372000.0,
        "Cost Of Revenue": 54095000.0,
        "Total Revenue": 63467000.0,
        "Operating Revenue": 63467000.0
    },
    "2023-12-31": {
        "Tax Effect Of Unusual Items": 0.0,
        "Tax Rate For Calcs": 0.21,
        "Normalized EBITDA": -5954000.0,
        "Total Unusual Items": NaN,
        "Total Unusual Items Excluding Goodwill": NaN,
        "Net Income From Continuing Operation Net Minority Interest": -7038000.0,
        "Reconciled Depreciation": -63000.0,
        "Reconciled Cost Of Revenue": 1074000.0,
        "EBITDA": -5954000.0,
        "EBIT": -5891000.0,
        "Net Interest Income": -910000.0,
        "Interest Expense": 910000.0,
        "Normalized Income": -7038000.0,
        "Net Income From Continuing And Discontinued Operation": -16052000.0,
        "Total Expenses": 8505000.0,
        "Total Operating Income As Reported": -6279000.0,
        "Diluted Average Shares": NaN,
        "Basic Average Shares": NaN,
        "Diluted EPS": NaN,
        "Basic EPS": NaN,
        "Diluted NI Availto Com Stockholders": -16052000.0,
        "Average Dilution Earnings": NaN,
        "Net Income Common Stockholders": -16052000.0,
        "Otherunder Preferred Stock Dividend": NaN,
        "Net Income": -16052000.0,
        "Net Income Including Noncontrolling Interests": -16052000.0,
        "Net Income Discontinuous Operations": NaN,
        "Net Income Continuous Operations": -7038000.0,
        "Tax Provision": 237000.0,
        "Pretax Income": -6801000.0,
        "Other Income Expense": 387000.0,
        "Other Non Operating Income Expenses": 387000.0,
        "Special Income Charges": NaN,
        "Gain On Sale Of Business": NaN,
        "Net Non Operating Interest Income Expense": -910000.0,
        "Total Other Finance Cost": NaN,
        "Interest Expense Non Operating": 910000.0,
        "Operating Income": -6279000.0,
        "Operating Expense": 7087000.0,
        "Depreciation Amortization Depletion Income Statement": -407000.0,
        "Depreciation And Amortization In Income Statement": -407000.0,
        "Selling General And Administration": 7494000.0,
        "Gross Profit": 808000.0,
        "Cost Of Revenue": 1418000.0,
        "Total Revenue": 2226000.0,
        "Operating Revenue": 2226000.0
    },
    "2024-03-31": {
        "Tax Effect Of Unusual Items": 0.0,
        "Tax Rate For Calcs": 0.21,
        "Normalized EBITDA": -1786000.0,
        "Total Unusual Items": NaN,
        "Total Unusual Items Excluding Goodwill": NaN,
        "Net Income From Continuing Operation Net Minority Interest": -3457000.0,
        "Reconciled Depreciation": 525000.0,
        "Reconciled Cost Of Revenue": 36090000.0,
        "EBITDA": -1786000.0,
        "EBIT": -2311000.0,
        "Net Interest Income": -1247000.0,
        "Interest Expense": 1096000.0,
        "Normalized Income": -3457000.0,
        "Net Income From Continuing And Discontinued Operation": -2556000.0,
        "Total Expenses": 43709000.0,
        "Total Operating Income As Reported": -2265000.0,
        "Diluted Average Shares": 607059.0,
        "Basic Average Shares": 607059.0,
        "Diluted EPS": -5.69,
        "Basic EPS": -5.69,
        "Diluted NI Availto Com Stockholders": -2556000.0,
        "Average Dilution Earnings": NaN,
        "Net Income Common Stockholders": -2556000.0,
        "Otherunder Preferred Stock Dividend": NaN,
        "Net Income": -2556000.0,
        "Net Income Including Noncontrolling Interests": -2556000.0,
        "Net Income Discontinuous Operations": 901000.0,
        "Net Income Continuous Operations": -3457000.0,
        "Tax Provision": 50000.0,
        "Pretax Income": -3407000.0,
        "Other Income Expense": 105000.0,
        "Other Non Operating Income Expenses": 105000.0,
        "Special Income Charges": NaN,
        "Gain On Sale Of Business": NaN,
        "Net Non Operating Interest Income Expense": -1247000.0,
        "Total Other Finance Cost": 151000.0,
        "Interest Expense Non Operating": 1096000.0,
        "Operating Income": -2265000.0,
        "Operating Expense": 7575000.0,
        "Depreciation Amortization Depletion Income Statement": 481000.0,
        "Depreciation And Amortization In Income Statement": 481000.0,
        "Selling General And Administration": 7094000.0,
        "Gross Profit": 5310000.0,
        "Cost Of Revenue": 36134000.0,
        "Total Revenue": 41444000.0,
        "Operating Revenue": 41444000.0
    },
    "2024-06-30": {
        "Tax Effect Of Unusual Items": 0.0,
        "Tax Rate For Calcs": 0.21,
        "Normalized EBITDA": 535000.0,
        "Total Unusual Items": 0.0,
        "Total Unusual Items Excluding Goodwill": 0.0,
        "Net Income From Continuing Operation Net Minority Interest": -1970000.0,
        "Reconciled Depreciation": 975000.0,
        "Reconciled Cost Of Revenue": 37859000.0,
        "EBITDA": 535000.0,
        "EBIT": -440000.0,
        "Net Interest Income": -1480000.0,
        "Interest Expense": 1480000.0,
        "Normalized Income": -1970000.0,
        "Net Income From Continuing And Discontinued Operation": -1970000.0,
        "Total Expenses": 44767000.0,
        "Total Operating Income As Reported": -590000.0,
        "Diluted Average Shares": 555000.0,
        "Basic Average Shares": 555000.0,
        "Diluted EPS": -3.55,
        "Basic EPS": -3.55,
        "Diluted NI Availto Com Stockholders": -1970000.0,
        "Average Dilution Earnings": 0.0,
        "Net Income Common Stockholders": -1970000.0,
        "Otherunder Preferred Stock Dividend": NaN,
        "Net Income": -1970000.0,
        "Net Income Including Noncontrolling Interests": -1970000.0,
        "Net Income Discontinuous Operations": NaN,
        "Net Income Continuous Operations": -1970000.0,
        "Tax Provision": 50000.0,
        "Pretax Income": -1920000.0,
        "Other Income Expense": 150000.0,
        "Other Non Operating Income Expenses": 150000.0,
        "Special Income Charges": 0.0,
        "Gain On Sale Of Business": 0.0,
        "Net Non Operating Interest Income Expense": -1480000.0,
        "Total Other Finance Cost": NaN,
        "Interest Expense Non Operating": 1480000.0,
        "Operating Income": -590000.0,
        "Operating Expense": 6405000.0,
        "Depreciation Amortization Depletion Income Statement": 472000.0,
        "Depreciation And Amortization In Income Statement": 472000.0,
        "Selling General And Administration": 5933000.0,
        "Gross Profit": 5815000.0,
        "Cost Of Revenue": 38362000.0,
        "Total Revenue": 44177000.0,
        "Operating Revenue": 44177000.0
    }
}