{
    "2023-06-30": {
        "Tax Effect Of Unusual Items": 0.0,
        "Tax Rate For Calcs": 0.182316,
        "Net Income From Continuing Operation Net Minority Interest": 34467000.0,
        "Net Interest Income": 87510000.0,
        "Interest Expense": 29210000.0,
        "Interest Income": 116720000.0,
        "Normalized Income": 34467000.0,
        "Net Income From Continuing And Discontinued Operation": 34467000.0,
        "Diluted Average Shares": 38614022.0,
        "Basic Average Shares": 38510772.0,
        "Diluted EPS": 0.89,
        "Basic EPS": 0.89,
        "Diluted NI Availto Com Stockholders": 34467000.0,
        "Net Income Common Stockholders": 34467000.0,
        "Otherunder Preferred Stock Dividend": 33000.0,
        "Net Income": 34467000.0,
        "Net Income Including Noncontrolling Interests": 34467000.0,
        "Net Income Continuous Operations": 34467000.0,
        "Tax Provision": 7685000.0,
        "Pretax Income": 42152000.0,
        "Gain On Sale Of Security": 0.0,
        "Selling General And Administration": 27882000.0,
        "Selling And Marketing Expense": 1459000.0,
        "General And Administrative Expense": 26423000.0,
        "Other Gand A": NaN,
        "Insurance And Claims": 1032000.0,
        "Salaries And Wages": 25391000.0,
        "Total Revenue": 102314000.0,
        "Operating Revenue": 102314000.0
    },
    "2023-03-31": {
        "Tax Effect Of Unusual Items": 0.0,
        "Tax Rate For Calcs": 0.193699,
        "Net Income From Continuing Operation Net Minority Interest": 39799000.0,
        "Net Interest Income": 88283000.0,
        "Interest Expense": 22112000.0,
        "Interest Income": 110395000.0,
        "Normalized Income": 39799000.0,
        "Net Income From Continuing And Discontinued Operation": 39799000.0,
        "Diluted Average Shares": 39032062.0,
        "Basic Average Shares": 38865669.0,
        "Diluted EPS": 1.02,
        "Basic EPS": 1.02,
        "Diluted NI Availto Com Stockholders": 39799000.0,
        "Net Income Common Stockholders": 39799000.0,
        "Otherunder Preferred Stock Dividend": 45000.0,
        "Net Income": 39799000.0,
        "Net Income Including Noncontrolling Interests": 39799000.0,
        "Net Income Continuous Operations": 39799000.0,
        "Tax Provision": 9561000.0,
        "Pretax Income": 49360000.0,
        "Gain On Sale Of Security": 0.0,
        "Selling General And Administration": 30466000.0,
        "Selling And Marketing Expense": 1853000.0,
        "General And Administrative Expense": 28613000.0,
        "Other Gand A": NaN,
        "Insurance And Claims": 1012000.0,
        "Salaries And Wages": 27601000.0,
        "Total Revenue": 101981000.0,
        "Operating Revenue": 101981000.0
    },
    "2022-12-31": {
        "Tax Effect Of Unusual Items": 0.0,
        "Tax Rate For Calcs": 0.198607,
        "Net Income From Continuing Operation Net Minority Interest": 40270000.0,
        "Net Interest Income": 88810000.0,
        "Interest Expense": 14150000.0,
        "Interest Income": 102960000.0,
        "Normalized Income": 40270000.0,
        "Net Income From Continuing And Discontinued Operation": 40270000.0,
        "Diluted Average Shares": 38976283.0,
        "Basic Average Shares": 38861721.0,
        "Diluted EPS": 1.03,
        "Basic EPS": 1.032571,
        "Diluted NI Availto Com Stockholders": 40270000.0,
        "Net Income Common Stockholders": 40270000.0,
        "Otherunder Preferred Stock Dividend": 158000.0,
        "Net Income": 40270000.0,
        "Net Income Including Noncontrolling Interests": 40270000.0,
        "Net Income Continuous Operations": 40270000.0,
        "Tax Provision": 9980000.0,
        "Pretax Income": 50250000.0,
        "Gain On Sale Of Security": 0.0,
        "Selling General And Administration": 29783000.0,
        "Selling And Marketing Expense": 1348000.0,
        "General And Administrative Expense": 28435000.0,
        "Other Gand A": NaN,
        "Insurance And Claims": 437000.0,
        "Salaries And Wages": 27998000.0,
        "Total Revenue": 104701000.0,
        "Operating Revenue": 104701000.0
    },
    "2022-09-30": {
        "Tax Effect Of Unusual Items": 0.0,
        "Tax Rate For Calcs": 0.197687,
        "Net Income From Continuing Operation Net Minority Interest": 37249000.0,
        "Net Interest Income": 83683000.0,
        "Interest Expense": 6037000.0,
        "Interest Income": 89720000.0,
        "Normalized Income": 37249000.0,
        "Net Income From Continuing And Discontinued Operation": 37249000.0,
        "Diluted Average Shares": 38975145.0,
        "Basic Average Shares": 38937771.0,
        "Diluted EPS": 0.95,
        "Basic EPS": 0.95,
        "Diluted NI Availto Com Stockholders": 37249000.0,
        "Net Income Common Stockholders": 37249000.0,
        "Otherunder Preferred Stock Dividend": 98000.0,
        "Net Income": 37249000.0,
        "Net Income Including Noncontrolling Interests": 37249000.0,
        "Net Income Continuous Operations": 37249000.0,
        "Tax Provision": 9178000.0,
        "Pretax Income": 46427000.0,
        "Gain On Sale Of Security": 198000.0,
        "Selling General And Administration": 28665000.0,
        "Selling And Marketing Expense": 1367000.0,
        "General And Administrative Expense": 27298000.0,
        "Other Gand A": 4220000.0,
        "Insurance And Claims": 598000.0,
        "Salaries And Wages": 26700000.0,
        "Total Revenue": 96734000.0,
        "Operating Revenue": 96734000.0
    },
    "2022-06-30": {
        "Tax Effect Of Unusual Items": 0.0,
        "Tax Rate For Calcs": 0.20273,
        "Net Income From Continuing Operation Net Minority Interest": 28858000.0,
        "Net Interest Income": 75092000.0,
        "Interest Expense": 2405000.0,
        "Interest Income": 77497000.0,
        "Normalized Income": 28858000.0,
        "Net Income From Continuing And Discontinued Operation": 28858000.0,
        "Diluted Average Shares": 39099631.0,
        "Basic Average Shares": 39083429.0,
        "Diluted EPS": 0.74,
        "Basic EPS": 0.74,
        "Diluted NI Availto Com Stockholders": 28858000.0,
        "Net Income Common Stockholders": 28858000.0,
        "Otherunder Preferred Stock Dividend": 74000.0,
        "Net Income": 28858000.0,
        "Net Income Including Noncontrolling Interests": 28858000.0,
        "Net Income Continuous Operations": 28858000.0,
        "Tax Provision": 7338000.0,
        "Pretax Income": 36196000.0,
        "Gain On Sale Of Security": 0.0,
        "Selling General And Administration": 27217000.0,
        "Selling And Marketing Expense": 1524000.0,
        "General And Administrative Expense": 25693000.0,
        "Other Gand A": 4104000.0,
        "Insurance And Claims": 882000.0,
        "Salaries And Wages": 24811000.0,
        "Total Revenue": 87844000.0,
        "Operating Revenue": 87844000.0
    },
    "2022-03-31": {
        "Diluted EPS": 0.74,
        "Total Revenue": 85,
        "Gross Profit": 83,
        "Operating Income": 36,
        "EBIT": NaN,
        "Net Income": 29
    },
    "2021-12-31": {
        "Diluted EPS": 0.58,
        "Total Revenue": 87,
        "Gross Profit": 85,
        "Operating Income": 27,
        "EBIT": NaN,
        "Net Income": 22
    },
    "2021-09-30": {
        "Diluted EPS": 0.7,
        "Total Revenue": 88,
        "Gross Profit": 85,
        "Operating Income": 34,
        "EBIT": NaN,
        "Net Income": 27
    },
    "2021-06-30": {
        "Diluted EPS": 0.72,
        "Total Revenue": 87,
        "Gross Profit": 84,
        "Operating Income": 35,
        "EBIT": NaN,
        "Net Income": 28
    },
    "2021-03-31": {
        "Diluted EPS": 0.81,
        "Total Revenue": 92,
        "Gross Profit": 88,
        "Operating Income": 39,
        "EBIT": NaN,
        "Net Income": 32
    },
    "2020-12-31": {
        "Diluted EPS": 0.61,
        "Total Revenue": 91,
        "Gross Profit": 86,
        "Operating Income": 30,
        "EBIT": NaN,
        "Net Income": 24
    },
    "2020-09-30": {
        "Diluted EPS": 0.43,
        "Total Revenue": 93,
        "Gross Profit": 86,
        "Operating Income": 20,
        "EBIT": NaN,
        "Net Income": 17
    },
    "2020-06-30": {
        "Diluted EPS": -0.85,
        "Total Revenue": 96,
        "Gross Profit": 85,
        "Operating Income": -45,
        "EBIT": NaN,
        "Net Income": -33
    },
    "2020-03-31": {
        "Diluted EPS": 0.34,
        "Total Revenue": 100,
        "Gross Profit": 82,
        "Operating Income": 18,
        "EBIT": NaN,
        "Net Income": 13
    },
    "2019-12-31": {
        "Diluted EPS": 0.61,
        "Total Revenue": 98,
        "Gross Profit": 80,
        "Operating Income": 38,
        "EBIT": NaN,
        "Net Income": 22
    },
    "2019-09-30": {
        "Diluted EPS": 0.79,
        "Total Revenue": 93,
        "Gross Profit": 74,
        "Operating Income": 32,
        "EBIT": NaN,
        "Net Income": 27
    },
    "2019-06-30": {
        "Diluted EPS": 0.76,
        "Total Revenue": 93,
        "Gross Profit": 74,
        "Operating Income": 32,
        "EBIT": NaN,
        "Net Income": 26
    },
    "2019-03-31": {
        "Diluted EPS": 0.66,
        "Total Revenue": 90,
        "Gross Profit": 72,
        "Operating Income": 27,
        "EBIT": NaN,
        "Net Income": 23
    },
    "2018-12-31": {
        "Diluted EPS": 0.77,
        "Total Revenue": 88,
        "Gross Profit": 71,
        "Operating Income": 32,
        "EBIT": NaN,
        "Net Income": 27
    },
    "2018-09-30": {
        "Diluted EPS": 0.88,
        "Total Revenue": 86,
        "Gross Profit": 71,
        "Operating Income": 34,
        "EBIT": NaN,
        "Net Income": 31
    },
    "2018-06-30": {
        "Diluted EPS": 0.61,
        "Total Revenue": 84,
        "Gross Profit": 71,
        "Operating Income": 25,
        "EBIT": NaN,
        "Net Income": 21
    },
    "2018-03-31": {
        "Diluted EPS": 0.75,
        "Total Revenue": 82,
        "Gross Profit": 71,
        "Operating Income": 32,
        "EBIT": NaN,
        "Net Income": 26
    },
    "2017-12-31": {
        "Diluted EPS": 0.27,
        "Total Revenue": 81,
        "Gross Profit": 70,
        "Operating Income": 32,
        "EBIT": NaN,
        "Net Income": 9
    },
    "2017-09-30": {
        "Diluted EPS": 0.65,
        "Total Revenue": 80,
        "Gross Profit": 71,
        "Operating Income": 32,
        "EBIT": NaN,
        "Net Income": 23
    },
    "2017-06-30": {
        "Diluted EPS": 0.65,
        "Total Revenue": 81,
        "Gross Profit": 73,
        "Operating Income": 31,
        "EBIT": NaN,
        "Net Income": 23
    },
    "2017-03-31": {
        "Diluted EPS": 0.52,
        "Total Revenue": 74,
        "Gross Profit": 67,
        "Operating Income": 25,
        "EBIT": NaN,
        "Net Income": 18
    },
    "2016-12-31": {
        "Diluted EPS": 0.51,
        "Total Revenue": 72,
        "Gross Profit": 65,
        "Operating Income": 24,
        "EBIT": NaN,
        "Net Income": 18
    },
    "2016-09-30": {
        "Diluted EPS": 0.59,
        "Total Revenue": 71,
        "Gross Profit": 65,
        "Operating Income": 28,
        "EBIT": NaN,
        "Net Income": 21
    },
    "2016-06-30": {
        "Diluted EPS": 0.49,
        "Total Revenue": 68,
        "Gross Profit": 62,
        "Operating Income": 23,
        "EBIT": NaN,
        "Net Income": 17
    },
    "2016-03-31": {
        "Diluted EPS": 0.46,
        "Total Revenue": 71,
        "Gross Profit": 65,
        "Operating Income": 22,
        "EBIT": NaN,
        "Net Income": 16
    },
    "2015-12-31": {
        "Diluted EPS": 0.51,
        "Total Revenue": 66,
        "Gross Profit": 62,
        "Operating Income": 24,
        "EBIT": NaN,
        "Net Income": 17
    },
    "2015-09-30": {
        "Diluted EPS": 0.54,
        "Total Revenue": 66,
        "Gross Profit": 62,
        "Operating Income": 25,
        "EBIT": NaN,
        "Net Income": 19
    },
    "2015-06-30": {
        "Diluted EPS": 0.52,
        "Total Revenue": 66,
        "Gross Profit": 62,
        "Operating Income": 26,
        "EBIT": NaN,
        "Net Income": 18
    },
    "2015-03-31": {
        "Diluted EPS": 0.41,
        "Total Revenue": 56,
        "Gross Profit": 52,
        "Operating Income": 20,
        "EBIT": NaN,
        "Net Income": 13
    },
    "2014-12-31": {
        "Diluted EPS": 0.5,
        "Total Revenue": 53,
        "Gross Profit": 49,
        "Operating Income": 19,
        "EBIT": NaN,
        "Net Income": 14
    },
    "2014-09-30": {
        "Diluted EPS": 0.49,
        "Total Revenue": 53,
        "Gross Profit": 49,
        "Operating Income": 20,
        "EBIT": NaN,
        "Net Income": 15
    },
    "2014-06-30": {
        "Diluted EPS": 0.49,
        "Total Revenue": 52,
        "Gross Profit": 49,
        "Operating Income": 20,
        "EBIT": NaN,
        "Net Income": 15
    },
    "2014-03-31": {
        "Diluted EPS": 0.47,
        "Total Revenue": 50,
        "Gross Profit": 47,
        "Operating Income": 18,
        "EBIT": NaN,
        "Net Income": 14
    },
    "2013-12-31": {
        "Diluted EPS": 0.41,
        "Total Revenue": 50,
        "Gross Profit": 47,
        "Operating Income": 17,
        "EBIT": NaN,
        "Net Income": 12
    },
    "2013-09-30": {
        "Diluted EPS": 0.41,
        "Total Revenue": 51,
        "Gross Profit": 48,
        "Operating Income": 16,
        "EBIT": NaN,
        "Net Income": 12
    },
    "2013-06-30": {
        "Diluted EPS": 0.47,
        "Total Revenue": 51,
        "Gross Profit": 47,
        "Operating Income": 18,
        "EBIT": NaN,
        "Net Income": 14
    },
    "2013-03-31": {
        "Diluted EPS": 0.41,
        "Total Revenue": 53,
        "Gross Profit": 48,
        "Operating Income": 15,
        "EBIT": NaN,
        "Net Income": 12
    },
    "2012-12-31": {
        "Diluted EPS": 0.33,
        "Total Revenue": 50,
        "Gross Profit": 46,
        "Operating Income": 18,
        "EBIT": NaN,
        "Net Income": 9
    },
    "2012-09-30": {
        "Diluted EPS": 0.43,
        "Total Revenue": 54,
        "Gross Profit": 49,
        "Operating Income": 15,
        "EBIT": NaN,
        "Net Income": 13
    },
    "2012-06-30": {
        "Diluted EPS": 0.3,
        "Total Revenue": 52,
        "Gross Profit": 46,
        "Operating Income": 10,
        "EBIT": NaN,
        "Net Income": 9
    },
    "2012-03-31": {
        "Diluted EPS": 0.12,
        "Total Revenue": 52,
        "Gross Profit": 46,
        "Operating Income": 4,
        "EBIT": NaN,
        "Net Income": 3
    },
    "2011-12-31": {
        "Diluted EPS": 0.32,
        "Total Revenue": 52,
        "Gross Profit": 46,
        "Operating Income": 16,
        "EBIT": NaN,
        "Net Income": 9
    },
    "2011-09-30": {
        "Diluted EPS": 0.44,
        "Total Revenue": 51,
        "Gross Profit": 44,
        "Operating Income": 18,
        "EBIT": NaN,
        "Net Income": 12
    },
    "2011-06-30": {
        "Diluted EPS": 0.48,
        "Total Revenue": 53,
        "Gross Profit": 46,
        "Operating Income": 19,
        "EBIT": NaN,
        "Net Income": 13
    },
    "2011-03-31": {
        "Diluted EPS": 0.17,
        "Total Revenue": 53,
        "Gross Profit": 46,
        "Operating Income": 8,
        "EBIT": NaN,
        "Net Income": 5
    },
    "2010-12-31": {
        "Diluted EPS": 0.32,
        "Total Revenue": 56,
        "Gross Profit": 48,
        "Operating Income": 10,
        "EBIT": NaN,
        "Net Income": 9
    },
    "2010-09-30": {
        "Diluted EPS": 0.39,
        "Total Revenue": 58,
        "Gross Profit": 49,
        "Operating Income": 16,
        "EBIT": NaN,
        "Net Income": 11
    },
    "2010-06-30": {
        "Diluted EPS": 0.28,
        "Total Revenue": 57,
        "Gross Profit": 48,
        "Operating Income": 13,
        "EBIT": NaN,
        "Net Income": 8
    },
    "2010-03-31": {
        "Diluted EPS": 0.35,
        "Total Revenue": 57,
        "Gross Profit": 47,
        "Operating Income": 15,
        "EBIT": NaN,
        "Net Income": 10
    },
    "2009-12-31": {
        "Diluted EPS": 0.27,
        "Total Revenue": 58,
        "Gross Profit": 47,
        "Operating Income": 12,
        "EBIT": NaN,
        "Net Income": 8
    },
    "2009-09-30": {
        "Diluted EPS": 0.28,
        "Total Revenue": 57,
        "Gross Profit": 45,
        "Operating Income": 12,
        "EBIT": NaN,
        "Net Income": 8
    },
    "2009-06-30": {
        "Diluted EPS": -0.37,
        "Total Revenue": 60,
        "Gross Profit": 47,
        "Operating Income": -18,
        "EBIT": NaN,
        "Net Income": -10
    },
    "2009-03-31": {
        "Diluted EPS": -0.11,
        "Total Revenue": 59,
        "Gross Profit": 45,
        "Operating Income": -2,
        "EBIT": NaN,
        "Net Income": -3
    }
}