{
    "2023-04-30": {
        "Tax Effect Of Unusual Items": 0.0,
        "Tax Rate For Calcs": 0.21933,
        "Normalized EBITDA": 5297000.0,
        "Total Unusual Items": NaN,
        "Total Unusual Items Excluding Goodwill": NaN,
        "Net Income From Continuing Operation Net Minority Interest": 3029000.0,
        "Reconciled Depreciation": 503000.0,
        "Reconciled Cost Of Revenue": 33218000.0,
        "EBITDA": 5297000.0,
        "EBIT": 4794000.0,
        "Net Interest Income": -462000.0,
        "Interest Expense": 914000.0,
        "Interest Income": 452000.0,
        "Normalized Income": 3029000.0,
        "Net Income From Continuing And Discontinued Operation": 3029000.0,
        "Total Expenses": 45837000.0,
        "Total Operating Income As Reported": 305000.0,
        "Diluted Average Shares": 8431607.0,
        "Basic Average Shares": 6461250.0,
        "Diluted EPS": 0.373333,
        "Basic EPS": 0.373333,
        "Diluted NI Availto Com Stockholders": 2510000.0,
        "Net Income Common Stockholders": 2510000.0,
        "Preferred Stock Dividends": 519000.0,
        "Net Income": 3029000.0,
        "Net Income Including Noncontrolling Interests": 3029000.0,
        "Net Income Discontinuous Operations": 0.0,
        "Net Income Continuous Operations": 3029000.0,
        "Tax Provision": 851000.0,
        "Pretax Income": 3880000.0,
        "Other Income Expense": 4037000.0,
        "Other Non Operating Income Expenses": 4037000.0,
        "Special Income Charges": NaN,
        "Restructuring And Mergern Acquisition": NaN,
        "Gain On Sale Of Security": NaN,
        "Net Non Operating Interest Income Expense": -462000.0,
        "Interest Expense Non Operating": 914000.0,
        "Interest Income Non Operating": 452000.0,
        "Operating Income": 305000.0,
        "Operating Expense": 12619000.0,
        "Depreciation Amortization Depletion Income Statement": NaN,
        "Depreciation And Amortization In Income Statement": NaN,
        "Amortization": NaN,
        "Amortization Of Intangibles Income Statement": NaN,
        "Selling General And Administration": 12619000.0,
        "Gross Profit": 12924000.0,
        "Cost Of Revenue": 33218000.0,
        "Total Revenue": 46142000.0,
        "Operating Revenue": 46142000.0
    },
    "2023-01-31": {
        "Tax Effect Of Unusual Items": 0.0,
        "Tax Rate For Calcs": 0.396789,
        "Normalized EBITDA": -24000.0,
        "Total Unusual Items": 0.0,
        "Total Unusual Items Excluding Goodwill": 0.0,
        "Net Income From Continuing Operation Net Minority Interest": -526000.0,
        "Reconciled Depreciation": 465000.0,
        "Reconciled Cost Of Revenue": 37719000.0,
        "EBITDA": -24000.0,
        "EBIT": -24000.0,
        "Net Interest Income": -516000.0,
        "Interest Expense": 848000.0,
        "Interest Income": 332000.0,
        "Normalized Income": -526000.0,
        "Net Income From Continuing And Discontinued Operation": -526000.0,
        "Total Expenses": 48178000.0,
        "Total Operating Income As Reported": 2603000.0,
        "Diluted Average Shares": 6447643.0,
        "Basic Average Shares": 6447643.0,
        "Diluted EPS": -0.186667,
        "Basic EPS": -0.186667,
        "Diluted NI Availto Com Stockholders": -1063000.0,
        "Net Income Common Stockholders": -1063000.0,
        "Preferred Stock Dividends": 537000.0,
        "Net Income": -526000.0,
        "Net Income Including Noncontrolling Interests": -526000.0,
        "Net Income Discontinuous Operations": 0.0,
        "Net Income Continuous Operations": -526000.0,
        "Tax Provision": -346000.0,
        "Pretax Income": -872000.0,
        "Other Income Expense": -2959000.0,
        "Other Non Operating Income Expenses": -2959000.0,
        "Special Income Charges": 0.0,
        "Restructuring And Mergern Acquisition": 0.0,
        "Gain On Sale Of Security": NaN,
        "Net Non Operating Interest Income Expense": -516000.0,
        "Interest Expense Non Operating": 848000.0,
        "Interest Income Non Operating": 332000.0,
        "Operating Income": 2603000.0,
        "Operating Expense": 10459000.0,
        "Depreciation Amortization Depletion Income Statement": NaN,
        "Depreciation And Amortization In Income Statement": NaN,
        "Amortization": NaN,
        "Amortization Of Intangibles Income Statement": NaN,
        "Selling General And Administration": 10459000.0,
        "Gross Profit": 13062000.0,
        "Cost Of Revenue": 37719000.0,
        "Total Revenue": 50781000.0,
        "Operating Revenue": 50781000.0
    },
    "2022-10-31": {
        "Tax Effect Of Unusual Items": 0.0,
        "Tax Rate For Calcs": 0.185106,
        "Normalized EBITDA": 7368000.0,
        "Total Unusual Items": NaN,
        "Total Unusual Items Excluding Goodwill": NaN,
        "Net Income From Continuing Operation Net Minority Interest": 4957000.0,
        "Reconciled Depreciation": 459000.0,
        "Reconciled Cost Of Revenue": 37094000.0,
        "EBITDA": 7368000.0,
        "EBIT": 6909000.0,
        "Net Interest Income": -682000.0,
        "Interest Expense": 826000.0,
        "Interest Income": 144000.0,
        "Normalized Income": 4957000.0,
        "Net Income From Continuing And Discontinued Operation": 4957000.0,
        "Total Expenses": 47480000.0,
        "Total Operating Income As Reported": 3879000.0,
        "Diluted Average Shares": 8403214.0,
        "Basic Average Shares": 6433928.0,
        "Diluted EPS": 0.56,
        "Basic EPS": 0.653333,
        "Diluted NI Availto Com Stockholders": 4420000.0,
        "Net Income Common Stockholders": 4420000.0,
        "Preferred Stock Dividends": 537000.0,
        "Net Income": 4957000.0,
        "Net Income Including Noncontrolling Interests": 4957000.0,
        "Net Income Discontinuous Operations": 0.0,
        "Net Income Continuous Operations": 4957000.0,
        "Tax Provision": 1126000.0,
        "Pretax Income": 6083000.0,
        "Other Income Expense": 2886000.0,
        "Other Non Operating Income Expenses": 2886000.0,
        "Special Income Charges": NaN,
        "Restructuring And Mergern Acquisition": NaN,
        "Gain On Sale Of Security": NaN,
        "Net Non Operating Interest Income Expense": -682000.0,
        "Interest Expense Non Operating": 826000.0,
        "Interest Income Non Operating": 144000.0,
        "Operating Income": 3879000.0,
        "Operating Expense": 10386000.0,
        "Depreciation Amortization Depletion Income Statement": NaN,
        "Depreciation And Amortization In Income Statement": NaN,
        "Amortization": NaN,
        "Amortization Of Intangibles Income Statement": NaN,
        "Selling General And Administration": 10386000.0,
        "Gross Profit": 14265000.0,
        "Cost Of Revenue": 37094000.0,
        "Total Revenue": 51359000.0,
        "Operating Revenue": 51359000.0
    },
    "2022-07-31": {
        "Tax Effect Of Unusual Items": 0.0,
        "Tax Rate For Calcs": 0.21,
        "Normalized EBITDA": 2988000.0,
        "Total Unusual Items": NaN,
        "Total Unusual Items Excluding Goodwill": NaN,
        "Net Income From Continuing Operation Net Minority Interest": 2909000.0,
        "Reconciled Depreciation": 522000.0,
        "Reconciled Cost Of Revenue": 41064000.0,
        "EBITDA": 2988000.0,
        "EBIT": 2988000.0,
        "Net Interest Income": -711000.0,
        "Interest Expense": 761000.0,
        "Interest Income": 50000.0,
        "Normalized Income": 2909000.0,
        "Net Income From Continuing And Discontinued Operation": 1304000.0,
        "Total Expenses": 52538000.0,
        "Total Operating Income As Reported": 511000.0,
        "Diluted Average Shares": 6462750.0,
        "Basic Average Shares": 6422678.0,
        "Diluted EPS": 0.093333,
        "Basic EPS": 0.093333,
        "Diluted NI Availto Com Stockholders": 767000.0,
        "Net Income Common Stockholders": 767000.0,
        "Preferred Stock Dividends": 537000.0,
        "Net Income": 1304000.0,
        "Net Income Including Noncontrolling Interests": 1304000.0,
        "Net Income Discontinuous Operations": -1605000.0,
        "Net Income Continuous Operations": 2909000.0,
        "Tax Provision": -682000.0,
        "Pretax Income": 2227000.0,
        "Other Income Expense": 2427000.0,
        "Other Non Operating Income Expenses": 2427000.0,
        "Special Income Charges": NaN,
        "Restructuring And Mergern Acquisition": NaN,
        "Net Non Operating Interest Income Expense": -711000.0,
        "Interest Expense Non Operating": 761000.0,
        "Interest Income Non Operating": 50000.0,
        "Operating Income": 511000.0,
        "Operating Expense": 11474000.0,
        "Selling General And Administration": 11474000.0,
        "Gross Profit": 11985000.0,
        "Cost Of Revenue": 41064000.0,
        "Total Revenue": 53049000.0,
        "Operating Revenue": 53049000.0
    },
    "2022-04-30": {
        "Diluted EPS": 4.67,
        "Total Revenue": 52,
        "Gross Profit": 9,
        "Operating Income": 0,
        "EBIT": 1,
        "Net Income": 30
    },
    "2022-01-31": {
        "Diluted EPS": -3.64,
        "Total Revenue": 54,
        "Gross Profit": 11,
        "Operating Income": 0,
        "EBIT": 1,
        "Net Income": -24
    },
    "2021-10-31": {
        "Diluted EPS": -3.08,
        "Total Revenue": 44,
        "Gross Profit": 9,
        "Operating Income": 1,
        "EBIT": 2,
        "Net Income": -20
    },
    "2021-07-31": {
        "Diluted EPS": -1.68,
        "Total Revenue": 48,
        "Gross Profit": 8,
        "Operating Income": -4,
        "EBIT": -3,
        "Net Income": -12
    },
    "2021-04-30": {
        "Diluted EPS": -4.2,
        "Total Revenue": 49,
        "Gross Profit": 10,
        "Operating Income": -3,
        "EBIT": -23,
        "Net Income": -28
    },
    "2021-01-31": {
        "Diluted EPS": -0.37,
        "Total Revenue": 156,
        "Gross Profit": 36,
        "Operating Income": 9,
        "EBIT": 20,
        "Net Income": -3
    },
    "2020-10-31": {
        "Diluted EPS": -0.65,
        "Total Revenue": 170,
        "Gross Profit": 40,
        "Operating Income": 7,
        "EBIT": 20,
        "Net Income": -4
    },
    "2020-07-31": {
        "Diluted EPS": 0.0,
        "Total Revenue": 165,
        "Gross Profit": 40,
        "Operating Income": 9,
        "EBIT": 21,
        "Net Income": -1
    },
    "2020-04-30": {
        "Diluted EPS": -1.03,
        "Total Revenue": 177,
        "Gross Profit": 33,
        "Operating Income": 1,
        "EBIT": 14,
        "Net Income": -7
    },
    "2020-01-31": {
        "Diluted EPS": -0.65,
        "Total Revenue": 215,
        "Gross Profit": 45,
        "Operating Income": 7,
        "EBIT": 20,
        "Net Income": -4
    },
    "2019-10-31": {
        "Diluted EPS": 0.56,
        "Total Revenue": 225,
        "Gross Profit": 44,
        "Operating Income": 15,
        "EBIT": 28,
        "Net Income": 4
    },
    "2019-07-31": {
        "Diluted EPS": -5.88,
        "Total Revenue": 204,
        "Gross Profit": 37,
        "Operating Income": -33,
        "EBIT": -19,
        "Net Income": -39
    },
    "2019-04-30": {
        "Diluted EPS": -1.59,
        "Total Revenue": 194,
        "Gross Profit": 37,
        "Operating Income": 2,
        "EBIT": 16,
        "Net Income": -10
    },
    "2019-01-31": {
        "Diluted EPS": -1.87,
        "Total Revenue": 206,
        "Gross Profit": 38,
        "Operating Income": 2,
        "EBIT": 16,
        "Net Income": -12
    },
    "2018-10-31": {
        "Diluted EPS": -1.21,
        "Total Revenue": 215,
        "Gross Profit": 38,
        "Operating Income": 4,
        "EBIT": 18,
        "Net Income": -8
    },
    "2018-07-31": {
        "Diluted EPS": 0.19,
        "Total Revenue": 195,
        "Gross Profit": 37,
        "Operating Income": 0,
        "EBIT": 15,
        "Net Income": -8
    },
    "2018-04-30": {
        "Diluted EPS": -1.68,
        "Total Revenue": 194,
        "Gross Profit": 39,
        "Operating Income": 1,
        "EBIT": 17,
        "Net Income": -11
    },
    "2018-01-31": {
        "Diluted EPS": 7.28,
        "Total Revenue": 154,
        "Gross Profit": 16,
        "Operating Income": -6,
        "EBIT": 3,
        "Net Income": 60
    },
    "2017-10-31": {
        "Diluted EPS": -0.84,
        "Total Revenue": 103,
        "Gross Profit": 9,
        "Operating Income": -4,
        "EBIT": -1,
        "Net Income": -5
    },
    "2017-07-31": {
        "Diluted EPS": -1.59,
        "Total Revenue": 100,
        "Gross Profit": 7,
        "Operating Income": -7,
        "EBIT": -4,
        "Net Income": -9
    },
    "2017-04-30": {
        "Diluted EPS": -0.84,
        "Total Revenue": 98,
        "Gross Profit": 9,
        "Operating Income": -5,
        "EBIT": -2,
        "Net Income": -5
    },
    "2017-01-31": {
        "Diluted EPS": -0.47,
        "Total Revenue": 118,
        "Gross Profit": 11,
        "Operating Income": -2,
        "EBIT": 2,
        "Net Income": -3
    },
    "2016-10-31": {
        "Diluted EPS": -1.49,
        "Total Revenue": 121,
        "Gross Profit": 9,
        "Operating Income": -6,
        "EBIT": -3,
        "Net Income": -9
    },
    "2016-07-31": {
        "Diluted EPS": -3.46,
        "Total Revenue": 102,
        "Gross Profit": 6,
        "Operating Income": -15,
        "EBIT": -11,
        "Net Income": -20
    },
    "2016-04-30": {
        "Diluted EPS": -2.33,
        "Total Revenue": 96,
        "Gross Profit": 2,
        "Operating Income": -12,
        "EBIT": -9,
        "Net Income": -13
    },
    "2016-01-31": {
        "Diluted EPS": -2.52,
        "Total Revenue": 120,
        "Gross Profit": 4,
        "Operating Income": -12,
        "EBIT": -8,
        "Net Income": -14
    },
    "2015-10-31": {
        "Diluted EPS": -2.71,
        "Total Revenue": 141,
        "Gross Profit": 12,
        "Operating Income": -2,
        "EBIT": 2,
        "Net Income": -15
    },
    "2015-07-31": {
        "Diluted EPS": -0.84,
        "Total Revenue": 120,
        "Gross Profit": 10,
        "Operating Income": -9,
        "EBIT": -5,
        "Net Income": -5
    },
    "2015-04-30": {
        "Diluted EPS": -2.15,
        "Total Revenue": 106,
        "Gross Profit": 9,
        "Operating Income": -8,
        "EBIT": -4,
        "Net Income": -12
    },
    "2015-01-31": {
        "Diluted EPS": -0.28,
        "Total Revenue": 148,
        "Gross Profit": 17,
        "Operating Income": 1,
        "EBIT": 4,
        "Net Income": -2
    },
    "2014-10-31": {
        "Diluted EPS": 0.0,
        "Total Revenue": 187,
        "Gross Profit": 19,
        "Operating Income": 1,
        "EBIT": 5,
        "Net Income": 0
    },
    "2014-07-31": {
        "Diluted EPS": -1.59,
        "Total Revenue": 165,
        "Gross Profit": 14,
        "Operating Income": -4,
        "EBIT": 1,
        "Net Income": -8
    },
    "2014-04-30": {
        "Diluted EPS": -1.68,
        "Total Revenue": 173,
        "Gross Profit": 16,
        "Operating Income": -5,
        "EBIT": 0,
        "Net Income": -9
    },
    "2014-01-31": {
        "Diluted EPS": 0.19,
        "Total Revenue": 194,
        "Gross Profit": 23,
        "Operating Income": 1,
        "EBIT": 5,
        "Net Income": 1
    },
    "2013-10-31": {
        "Diluted EPS": 0.09,
        "Total Revenue": 191,
        "Gross Profit": 22,
        "Operating Income": 3,
        "EBIT": 6,
        "Net Income": 1
    },
    "2013-07-31": {
        "Diluted EPS": -1.49,
        "Total Revenue": 181,
        "Gross Profit": 20,
        "Operating Income": -6,
        "EBIT": -1,
        "Net Income": -9
    },
    "2013-04-30": {
        "Diluted EPS": -1.59,
        "Total Revenue": 173,
        "Gross Profit": 15,
        "Operating Income": -7,
        "EBIT": -3,
        "Net Income": -8
    },
    "2013-01-31": {
        "Diluted EPS": -2.71,
        "Total Revenue": 203,
        "Gross Profit": 20,
        "Operating Income": -9,
        "EBIT": -5,
        "Net Income": -13
    },
    "2012-10-31": {
        "Diluted EPS": -2.24,
        "Total Revenue": 197,
        "Gross Profit": 19,
        "Operating Income": -7,
        "EBIT": -3,
        "Net Income": -11
    },
    "2012-07-31": {
        "Diluted EPS": -4.3,
        "Total Revenue": 165,
        "Gross Profit": 12,
        "Operating Income": -17,
        "EBIT": -13,
        "Net Income": -20
    },
    "2012-04-30": {
        "Diluted EPS": -1.31,
        "Total Revenue": 174,
        "Gross Profit": 16,
        "Operating Income": -8,
        "EBIT": -4,
        "Net Income": -6
    },
    "2012-01-31": {
        "Diluted EPS": -2.8,
        "Total Revenue": 169,
        "Gross Profit": 15,
        "Operating Income": -13,
        "EBIT": -9,
        "Net Income": -13
    },
    "2011-10-31": {
        "Diluted EPS": 0.28,
        "Total Revenue": 206,
        "Gross Profit": 25,
        "Operating Income": 2,
        "EBIT": 6,
        "Net Income": 1
    },
    "2011-07-31": {
        "Diluted EPS": -0.28,
        "Total Revenue": 167,
        "Gross Profit": 15,
        "Operating Income": 10,
        "EBIT": 3,
        "Net Income": -1
    },
    "2011-04-30": {
        "Diluted EPS": 0.28,
        "Total Revenue": 207,
        "Gross Profit": 20,
        "Operating Income": -2,
        "EBIT": 3,
        "Net Income": 1
    },
    "2011-01-31": {
        "Diluted EPS": -6.07,
        "Total Revenue": 234,
        "Gross Profit": 23,
        "Operating Income": -26,
        "EBIT": 7,
        "Net Income": -28
    },
    "2010-10-31": {
        "Diluted EPS": -1.4,
        "Total Revenue": 236,
        "Gross Profit": 22,
        "Operating Income": -3,
        "EBIT": 3,
        "Net Income": -7
    },
    "2010-07-31": {
        "Diluted EPS": -6.63,
        "Total Revenue": 223,
        "Gross Profit": 19,
        "Operating Income": -32,
        "EBIT": 0,
        "Net Income": -32
    },
    "2010-04-30": {
        "Diluted EPS": -0.75,
        "Total Revenue": 214,
        "Gross Profit": 25,
        "Operating Income": 1,
        "EBIT": 7,
        "Net Income": -3
    },
    "2010-01-31": {
        "Diluted EPS": 0.56,
        "Total Revenue": 235,
        "Gross Profit": 32,
        "Operating Income": 6,
        "EBIT": 12,
        "Net Income": 3
    },
    "2009-10-31": {
        "Diluted EPS": 1.77,
        "Total Revenue": 247,
        "Gross Profit": 36,
        "Operating Income": 12,
        "EBIT": 17,
        "Net Income": 9
    },
    "2009-07-31": {
        "Diluted EPS": -1.96,
        "Total Revenue": 219,
        "Gross Profit": 23,
        "Operating Income": -5,
        "EBIT": 2,
        "Net Income": -10
    },
    "2009-04-30": {
        "Diluted EPS": -0.37,
        "Total Revenue": 231,
        "Gross Profit": 32,
        "Operating Income": 3,
        "EBIT": 9,
        "Net Income": -2
    },
    "2009-01-31": {
        "Diluted EPS": -34.83,
        "Total Revenue": 260,
        "Gross Profit": 32,
        "Operating Income": -160,
        "EBIT": 10,
        "Net Income": -169
    },
    "2023-07-31": {
        "Tax Effect Of Unusual Items": 93660.0,
        "Tax Rate For Calcs": 0.21,
        "Normalized EBITDA": 8937000.0,
        "Total Unusual Items": 446000.0,
        "Total Unusual Items Excluding Goodwill": 446000.0,
        "Net Income From Continuing Operation Net Minority Interest": 8149000.0,
        "Reconciled Depreciation": 1367000.0,
        "Reconciled Cost Of Revenue": 29293000.0,
        "EBITDA": 9383000.0,
        "EBIT": 8016000.0,
        "Net Interest Income": 442000.0,
        "Interest Expense": 265000.0,
        "Interest Income": 707000.0,
        "Normalized Income": 7796660.0,
        "Net Income From Continuing And Discontinued Operation": 8149000.0,
        "Total Expenses": 39183000.0,
        "Total Operating Income As Reported": 1621000.0,
        "Diluted Average Shares": 27960000.0,
        "Basic Average Shares": 6177000.0,
        "Diluted EPS": 0.29,
        "Basic EPS": 0.29,
        "Diluted NI Availto Com Stockholders": 7612000.0,
        "Net Income Common Stockholders": 7612000.0,
        "Preferred Stock Dividends": 537000.0,
        "Net Income": 8149000.0,
        "Net Income Including Noncontrolling Interests": 8149000.0,
        "Net Income Discontinuous Operations": 0.0,
        "Net Income Continuous Operations": 8149000.0,
        "Tax Provision": -398000.0,
        "Pretax Income": 7751000.0,
        "Other Income Expense": 5688000.0,
        "Other Non Operating Income Expenses": 5242000.0,
        "Special Income Charges": 0.0,
        "Restructuring And Mergern Acquisition": NaN,
        "Gain On Sale Of Security": 446000.0,
        "Net Non Operating Interest Income Expense": 442000.0,
        "Interest Expense Non Operating": 265000.0,
        "Interest Income Non Operating": 707000.0,
        "Operating Income": 1621000.0,
        "Operating Expense": 9434000.0,
        "Depreciation Amortization Depletion Income Statement": 911000.0,
        "Depreciation And Amortization In Income Statement": 911000.0,
        "Amortization": 911000.0,
        "Amortization Of Intangibles Income Statement": 911000.0,
        "Selling General And Administration": 8523000.0,
        "Gross Profit": 11055000.0,
        "Cost Of Revenue": 29749000.0,
        "Total Revenue": 40804000.0,
        "Operating Revenue": 40804000.0
    }
}