{
    "2023-06-30": {
        "Tax Effect Of Unusual Items": -508025.0,
        "Tax Rate For Calcs": 0.175,
        "Total Unusual Items": -2903000.0,
        "Total Unusual Items Excluding Goodwill": -2903000.0,
        "Net Income From Continuing Operation Net Minority Interest": 35175000.0,
        "Reconciled Depreciation": 8722000.0,
        "Net Interest Income": 108281000.0,
        "Interest Expense": 38677000.0,
        "Interest Income": 146958000.0,
        "Normalized Income": 37569975.0,
        "Net Income From Continuing And Discontinued Operation": 35175000.0,
        "Diluted NI Availto Com Stockholders": 35175000.0,
        "Net Income Common Stockholders": 35175000.0,
        "Net Income": 35175000.0,
        "Net Income Including Noncontrolling Interests": 35175000.0,
        "Net Income Continuous Operations": 35175000.0,
        "Tax Provision": 7467000.0,
        "Pretax Income": 42642000.0,
        "Special Income Charges": -2897000.0,
        "Restructuring And Mergern Acquisition": 2897000.0,
        "Depreciation Amortization Depletion Income Statement": 13396000.0,
        "Depreciation And Amortization In Income Statement": 13396000.0,
        "Amortization": 11555000.0,
        "Amortization Of Intangibles Income Statement": 11555000.0,
        "Depreciation Income Statement": 1841000.0,
        "Selling General And Administration": 40962000.0,
        "Selling And Marketing Expense": 907000.0,
        "General And Administrative Expense": 40055000.0,
        "Insurance And Claims": 2755000.0,
        "Salaries And Wages": 37300000.0,
        "Total Revenue": 113764000.0,
        "Operating Revenue": 113764000.0
    },
    "2023-03-31": {
        "Tax Effect Of Unusual Items": -1259037.0,
        "Tax Rate For Calcs": 0.211,
        "Total Unusual Items": -5967000.0,
        "Total Unusual Items Excluding Goodwill": -5967000.0,
        "Net Income From Continuing Operation Net Minority Interest": 37148000.0,
        "Reconciled Depreciation": 8715000.0,
        "Net Interest Income": 115827000.0,
        "Interest Expense": 24588000.0,
        "Interest Income": 140415000.0,
        "Normalized Income": 41855963.0,
        "Net Income From Continuing And Discontinued Operation": 37148000.0,
        "Diluted NI Availto Com Stockholders": 37148000.0,
        "Net Income Common Stockholders": 37148000.0,
        "Net Income": 37148000.0,
        "Net Income Including Noncontrolling Interests": 37148000.0,
        "Net Income Continuous Operations": 37148000.0,
        "Tax Provision": 9913000.0,
        "Pretax Income": 47061000.0,
        "Special Income Charges": -6165000.0,
        "Restructuring And Mergern Acquisition": 6165000.0,
        "Depreciation Amortization Depletion Income Statement": 13769000.0,
        "Depreciation And Amortization In Income Statement": 13769000.0,
        "Amortization": 11933000.0,
        "Amortization Of Intangibles Income Statement": 11933000.0,
        "Depreciation Income Statement": 1836000.0,
        "Selling General And Administration": 41908000.0,
        "Selling And Marketing Expense": 839000.0,
        "General And Administrative Expense": 41069000.0,
        "Insurance And Claims": 1294000.0,
        "Salaries And Wages": 39775000.0,
        "Total Revenue": 123325000.0,
        "Operating Revenue": 123325000.0
    },
    "2022-12-31": {
        "Tax Effect Of Unusual Items": -2850127.804107,
        "Tax Rate For Calcs": 0.137283,
        "Total Unusual Items": -20761000.0,
        "Total Unusual Items Excluding Goodwill": -20761000.0,
        "Net Income From Continuing Operation Net Minority Interest": 16383000.0,
        "Reconciled Depreciation": 10208000.0,
        "Net Interest Income": 178444000.0,
        "Interest Expense": 29761000.0,
        "Interest Income": 208205000.0,
        "Normalized Income": 34293872.195893,
        "Net Income From Continuing And Discontinued Operation": 16383000.0,
        "Diluted NI Availto Com Stockholders": 16383000.0,
        "Net Income Common Stockholders": 16383000.0,
        "Net Income": 16383000.0,
        "Net Income Including Noncontrolling Interests": 16383000.0,
        "Net Income Continuous Operations": 16383000.0,
        "Tax Provision": 2607000.0,
        "Pretax Income": 18990000.0,
        "Special Income Charges": NaN,
        "Restructuring And Mergern Acquisition": NaN,
        "Depreciation Amortization Depletion Income Statement": 25073000.0,
        "Depreciation And Amortization In Income Statement": 25073000.0,
        "Amortization": 20122000.0,
        "Amortization Of Intangibles Income Statement": 20122000.0,
        "Depreciation Income Statement": NaN,
        "Selling General And Administration": 59668000.0,
        "Selling And Marketing Expense": 1495000.0,
        "General And Administrative Expense": 58173000.0,
        "Insurance And Claims": NaN,
        "Salaries And Wages": 61149000.0,
        "Total Revenue": 187354000.0,
        "Operating Revenue": 187354000.0
    },
    "2022-09-30": {
        "Tax Effect Of Unusual Items": 17816.0,
        "Tax Rate For Calcs": 0.2096,
        "Total Unusual Items": 85000.0,
        "Total Unusual Items Excluding Goodwill": 85000.0,
        "Net Income From Continuing Operation Net Minority Interest": 12747000.0,
        "Reconciled Depreciation": 1339000.0,
        "Net Interest Income": 43012000.0,
        "Interest Expense": 1661000.0,
        "Interest Income": 44673000.0,
        "Normalized Income": 12679816.0,
        "Net Income From Continuing And Discontinued Operation": 12747000.0,
        "Diluted Average Shares": 28530000.0,
        "Basic Average Shares": 28286000.0,
        "Diluted EPS": 0.5,
        "Basic EPS": 0.51,
        "Diluted NI Availto Com Stockholders": 12747000.0,
        "Net Income Common Stockholders": 12747000.0,
        "Net Income": 12747000.0,
        "Net Income Including Noncontrolling Interests": 12747000.0,
        "Net Income Continuous Operations": 12747000.0,
        "Tax Provision": 3381000.0,
        "Pretax Income": 16128000.0,
        "Special Income Charges": NaN,
        "Restructuring And Mergern Acquisition": NaN,
        "Gain On Sale Of Security": -386000.0,
        "Depreciation Amortization Depletion Income Statement": 165000.0,
        "Depreciation And Amortization In Income Statement": 165000.0,
        "Amortization": 165000.0,
        "Amortization Of Intangibles Income Statement": 165000.0,
        "Depreciation Income Statement": NaN,
        "Selling General And Administration": 19252000.0,
        "Selling And Marketing Expense": 350000.0,
        "General And Administrative Expense": 18902000.0,
        "Other Gand A": 2449000.0,
        "Insurance And Claims": NaN,
        "Salaries And Wages": 16453000.0,
        "Total Revenue": 46075000.0,
        "Operating Revenue": 46075000.0
    },
    "2022-06-30": {
        "Tax Effect Of Unusual Items": 11281.0,
        "Tax Rate For Calcs": 0.1945,
        "Total Unusual Items": 58000.0,
        "Total Unusual Items Excluding Goodwill": 58000.0,
        "Net Income From Continuing Operation Net Minority Interest": 11707000.0,
        "Reconciled Depreciation": 1345000.0,
        "Net Interest Income": 34872000.0,
        "Interest Expense": 1229000.0,
        "Interest Income": 36101000.0,
        "Normalized Income": 11660281.0,
        "Net Income From Continuing And Discontinued Operation": 11707000.0,
        "Diluted Average Shares": 29120000.0,
        "Basic Average Shares": 28874000.0,
        "Diluted EPS": 0.56,
        "Basic EPS": 0.57,
        "Diluted NI Availto Com Stockholders": 11707000.0,
        "Net Income Common Stockholders": 11707000.0,
        "Net Income": 11707000.0,
        "Net Income Including Noncontrolling Interests": 11707000.0,
        "Net Income Continuous Operations": 11707000.0,
        "Tax Provision": 2827000.0,
        "Pretax Income": 14534000.0,
        "Special Income Charges": NaN,
        "Restructuring And Mergern Acquisition": NaN,
        "Gain On Sale Of Security": -170000.0,
        "Depreciation Amortization Depletion Income Statement": 172000.0,
        "Depreciation And Amortization In Income Statement": 172000.0,
        "Amortization": 172000.0,
        "Amortization Of Intangibles Income Statement": 172000.0,
        "Depreciation Income Statement": NaN,
        "Selling General And Administration": 17674000.0,
        "Selling And Marketing Expense": 366000.0,
        "General And Administrative Expense": 17308000.0,
        "Other Gand A": 2610000.0,
        "Insurance And Claims": NaN,
        "Salaries And Wages": 14698000.0,
        "Total Revenue": 38248000.0,
        "Operating Revenue": 38248000.0
    },
    "2022-03-31": {
        "Diluted EPS": 0.64,
        "Total Revenue": 64,
        "Gross Profit": 59,
        "Operating Income": 23,
        "EBIT": NaN,
        "Net Income": 19
    },
    "2021-12-31": {
        "Diluted EPS": 1.34,
        "Total Revenue": 150,
        "Gross Profit": 130,
        "Operating Income": 58,
        "EBIT": NaN,
        "Net Income": 45
    },
    "2021-09-30": {
        "Diluted EPS": 0.59,
        "Total Revenue": 38,
        "Gross Profit": 37,
        "Operating Income": 17,
        "EBIT": NaN,
        "Net Income": 14
    },
    "2021-06-30": {
        "Diluted EPS": 0.48,
        "Total Revenue": 36,
        "Gross Profit": 35,
        "Operating Income": 14,
        "EBIT": NaN,
        "Net Income": 12
    },
    "2021-03-31": {
        "Diluted EPS": 0.41,
        "Total Revenue": 38,
        "Gross Profit": 36,
        "Operating Income": 13,
        "EBIT": NaN,
        "Net Income": 10
    },
    "2020-12-31": {
        "Diluted EPS": 0.91,
        "Total Revenue": 134,
        "Gross Profit": 103,
        "Operating Income": 41,
        "EBIT": NaN,
        "Net Income": 29
    },
    "2020-09-30": {
        "Diluted EPS": 0.26,
        "Total Revenue": 38,
        "Gross Profit": 36,
        "Operating Income": 8,
        "EBIT": NaN,
        "Net Income": 6
    },
    "2020-06-30": {
        "Diluted EPS": 0.09,
        "Total Revenue": 37,
        "Gross Profit": 35,
        "Operating Income": 3,
        "EBIT": NaN,
        "Net Income": 2
    },
    "2020-03-31": {
        "Diluted EPS": 0.3,
        "Total Revenue": 41,
        "Gross Profit": 37,
        "Operating Income": 9,
        "EBIT": NaN,
        "Net Income": 8
    },
    "2019-12-31": {
        "Diluted EPS": 0.51,
        "Total Revenue": 42,
        "Gross Profit": 38,
        "Operating Income": 16,
        "EBIT": NaN,
        "Net Income": 13
    },
    "2019-09-30": {
        "Diluted EPS": 0.52,
        "Total Revenue": 43,
        "Gross Profit": 39,
        "Operating Income": 16,
        "EBIT": NaN,
        "Net Income": 13
    },
    "2019-06-30": {
        "Diluted EPS": 0.57,
        "Total Revenue": 46,
        "Gross Profit": 42,
        "Operating Income": 17,
        "EBIT": NaN,
        "Net Income": 14
    },
    "2019-03-31": {
        "Diluted EPS": 0.42,
        "Total Revenue": 40,
        "Gross Profit": 37,
        "Operating Income": 13,
        "EBIT": NaN,
        "Net Income": 10
    },
    "2018-12-31": {
        "Diluted EPS": 0.56,
        "Total Revenue": 41,
        "Gross Profit": 37,
        "Operating Income": 17,
        "EBIT": NaN,
        "Net Income": 14
    },
    "2018-09-30": {
        "Diluted EPS": 0.52,
        "Total Revenue": 38,
        "Gross Profit": 35,
        "Operating Income": 16,
        "EBIT": NaN,
        "Net Income": 13
    },
    "2018-06-30": {
        "Diluted EPS": 0.44,
        "Total Revenue": 37,
        "Gross Profit": 34,
        "Operating Income": 14,
        "EBIT": NaN,
        "Net Income": 11
    },
    "2018-03-31": {
        "Diluted EPS": 0.37,
        "Total Revenue": 34,
        "Gross Profit": 32,
        "Operating Income": 11,
        "EBIT": NaN,
        "Net Income": 9
    },
    "2017-12-31": {
        "Diluted EPS": 0.07,
        "Total Revenue": 34,
        "Gross Profit": 31,
        "Operating Income": 8,
        "EBIT": NaN,
        "Net Income": 2
    },
    "2017-09-30": {
        "Diluted EPS": 0.45,
        "Total Revenue": 34,
        "Gross Profit": 31,
        "Operating Income": 14,
        "EBIT": NaN,
        "Net Income": 10
    },
    "2017-06-30": {
        "Diluted EPS": 0.39,
        "Total Revenue": 32,
        "Gross Profit": 30,
        "Operating Income": 12,
        "EBIT": NaN,
        "Net Income": 9
    },
    "2017-03-31": {
        "Diluted EPS": 0.31,
        "Total Revenue": 31,
        "Gross Profit": 29,
        "Operating Income": 10,
        "EBIT": NaN,
        "Net Income": 7
    },
    "2016-12-31": {
        "Diluted EPS": 0.0,
        "Total Revenue": NaN,
        "Gross Profit": NaN,
        "Operating Income": NaN,
        "EBIT": NaN,
        "Net Income": NaN
    },
    "2016-09-30": {
        "Diluted EPS": 0.31,
        "Total Revenue": 31,
        "Gross Profit": 29,
        "Operating Income": 10,
        "EBIT": NaN,
        "Net Income": 7
    },
    "2016-06-30": {
        "Diluted EPS": 0.29,
        "Total Revenue": 31,
        "Gross Profit": 29,
        "Operating Income": 9,
        "EBIT": NaN,
        "Net Income": 6
    },
    "2015-12-31": {
        "Diluted EPS": 0.0,
        "Total Revenue": NaN,
        "Gross Profit": NaN,
        "Operating Income": NaN,
        "EBIT": NaN,
        "Net Income": NaN
    },
    "2023-09-30": {
        "Tax Effect Of Unusual Items": -663674.0,
        "Tax Rate For Calcs": 0.194,
        "Total Unusual Items": -3421000.0,
        "Total Unusual Items Excluding Goodwill": -3421000.0,
        "Net Income From Continuing Operation Net Minority Interest": 30908000.0,
        "Reconciled Depreciation": 8828000.0,
        "Net Interest Income": 106721000.0,
        "Interest Expense": 44548000.0,
        "Interest Income": 151269000.0,
        "Normalized Income": 33665326.0,
        "Net Income From Continuing And Discontinued Operation": 30908000.0,
        "Diluted NI Availto Com Stockholders": 30908000.0,
        "Net Income Common Stockholders": 30908000.0,
        "Net Income": 30908000.0,
        "Net Income Including Noncontrolling Interests": 30908000.0,
        "Net Income Continuous Operations": 30908000.0,
        "Tax Provision": 7445000.0,
        "Pretax Income": 38353000.0,
        "Special Income Charges": -3421000.0,
        "Restructuring And Mergern Acquisition": 3421000.0,
        "Depreciation Amortization Depletion Income Statement": 13626000.0,
        "Depreciation And Amortization In Income Statement": 13626000.0,
        "Amortization": 11674000.0,
        "Amortization Of Intangibles Income Statement": 11674000.0,
        "Depreciation Income Statement": 1952000.0,
        "Selling General And Administration": 42186000.0,
        "Selling And Marketing Expense": 877000.0,
        "General And Administrative Expense": 41309000.0,
        "Insurance And Claims": 1814000.0,
        "Salaries And Wages": 39495000.0,
        "Total Revenue": 111416000.0,
        "Operating Revenue": 111416000.0
    }
}