{
    "2023-03-31": {
        "Tax Effect Of Unusual Items": NaN,
        "Tax Rate For Calcs": NaN,
        "Normalized EBITDA": NaN,
        "Total Unusual Items": NaN,
        "Total Unusual Items Excluding Goodwill": NaN,
        "Net Income From Continuing Operation Net Minority Interest": NaN,
        "Reconciled Depreciation": NaN,
        "Reconciled Cost Of Revenue": NaN,
        "EBITDA": NaN,
        "EBIT": NaN,
        "Net Interest Income": NaN,
        "Interest Expense": NaN,
        "Normalized Income": NaN,
        "Net Income From Continuing And Discontinued Operation": NaN,
        "Total Expenses": NaN,
        "Total Operating Income As Reported": NaN,
        "Diluted Average Shares": 154966163.0,
        "Basic Average Shares": 154966163.0,
        "Diluted EPS": -0.29,
        "Basic EPS": -0.29,
        "Diluted NI Availto Com Stockholders": NaN,
        "Average Dilution Earnings": NaN,
        "Net Income Common Stockholders": NaN,
        "Net Income": NaN,
        "Minority Interests": NaN,
        "Net Income Including Noncontrolling Interests": NaN,
        "Net Income Continuous Operations": NaN,
        "Tax Provision": NaN,
        "Pretax Income": NaN,
        "Other Income Expense": NaN,
        "Other Non Operating Income Expenses": NaN,
        "Special Income Charges": NaN,
        "Other Special Charges": NaN,
        "Impairment Of Capital Assets": NaN,
        "Gain On Sale Of Security": NaN,
        "Net Non Operating Interest Income Expense": NaN,
        "Interest Expense Non Operating": NaN,
        "Operating Income": NaN,
        "Operating Expense": NaN,
        "Research And Development": NaN,
        "Selling General And Administration": NaN,
        "Selling And Marketing Expense": NaN,
        "General And Administrative Expense": NaN,
        "Other Gand A": NaN,
        "Gross Profit": NaN,
        "Cost Of Revenue": NaN,
        "Total Revenue": NaN,
        "Operating Revenue": NaN
    },
    "2022-12-31": {
        "Tax Effect Of Unusual Items": NaN,
        "Tax Rate For Calcs": NaN,
        "Normalized EBITDA": NaN,
        "Total Unusual Items": 0.0,
        "Total Unusual Items Excluding Goodwill": 0.0,
        "Net Income From Continuing Operation Net Minority Interest": NaN,
        "Reconciled Depreciation": NaN,
        "Reconciled Cost Of Revenue": NaN,
        "EBITDA": NaN,
        "EBIT": NaN,
        "Net Interest Income": NaN,
        "Interest Expense": NaN,
        "Normalized Income": NaN,
        "Net Income From Continuing And Discontinued Operation": NaN,
        "Total Expenses": NaN,
        "Total Operating Income As Reported": NaN,
        "Diluted Average Shares": NaN,
        "Basic Average Shares": NaN,
        "Diluted EPS": NaN,
        "Basic EPS": NaN,
        "Diluted NI Availto Com Stockholders": NaN,
        "Average Dilution Earnings": NaN,
        "Net Income Common Stockholders": NaN,
        "Net Income": NaN,
        "Minority Interests": NaN,
        "Net Income Including Noncontrolling Interests": NaN,
        "Net Income Continuous Operations": NaN,
        "Tax Provision": NaN,
        "Pretax Income": NaN,
        "Other Income Expense": NaN,
        "Other Non Operating Income Expenses": NaN,
        "Special Income Charges": 0.0,
        "Other Special Charges": NaN,
        "Impairment Of Capital Assets": NaN,
        "Gain On Sale Of Security": NaN,
        "Net Non Operating Interest Income Expense": NaN,
        "Interest Expense Non Operating": NaN,
        "Operating Income": NaN,
        "Operating Expense": NaN,
        "Research And Development": NaN,
        "Selling General And Administration": NaN,
        "Selling And Marketing Expense": NaN,
        "General And Administrative Expense": NaN,
        "Other Gand A": NaN,
        "Gross Profit": NaN,
        "Cost Of Revenue": NaN,
        "Total Revenue": NaN,
        "Operating Revenue": NaN
    },
    "2022-09-30": {
        "Tax Effect Of Unusual Items": NaN,
        "Tax Rate For Calcs": NaN,
        "Normalized EBITDA": NaN,
        "Total Unusual Items": 0.0,
        "Total Unusual Items Excluding Goodwill": 0.0,
        "Net Income From Continuing Operation Net Minority Interest": NaN,
        "Reconciled Depreciation": NaN,
        "Reconciled Cost Of Revenue": NaN,
        "EBITDA": NaN,
        "EBIT": NaN,
        "Net Interest Income": NaN,
        "Interest Expense": NaN,
        "Normalized Income": NaN,
        "Net Income From Continuing And Discontinued Operation": NaN,
        "Total Expenses": NaN,
        "Total Operating Income As Reported": NaN,
        "Diluted Average Shares": 154392573.0,
        "Basic Average Shares": 154392573.0,
        "Diluted EPS": -0.22,
        "Basic EPS": -0.22,
        "Diluted NI Availto Com Stockholders": NaN,
        "Average Dilution Earnings": 0.0,
        "Net Income Common Stockholders": NaN,
        "Net Income": NaN,
        "Minority Interests": -4000.0,
        "Net Income Including Noncontrolling Interests": NaN,
        "Net Income Continuous Operations": NaN,
        "Tax Provision": NaN,
        "Pretax Income": NaN,
        "Other Income Expense": NaN,
        "Other Non Operating Income Expenses": NaN,
        "Special Income Charges": 0.0,
        "Other Special Charges": NaN,
        "Gain On Sale Of Security": NaN,
        "Net Non Operating Interest Income Expense": NaN,
        "Interest Expense Non Operating": NaN,
        "Operating Income": NaN,
        "Operating Expense": NaN,
        "Research And Development": NaN,
        "Selling General And Administration": NaN,
        "Selling And Marketing Expense": NaN,
        "General And Administrative Expense": NaN,
        "Other Gand A": NaN,
        "Gross Profit": NaN,
        "Cost Of Revenue": NaN,
        "Total Revenue": NaN,
        "Operating Revenue": NaN
    },
    "2022-06-30": {
        "Tax Effect Of Unusual Items": 0.0,
        "Tax Rate For Calcs": 0.000219,
        "Normalized EBITDA": -17177000.0,
        "Total Unusual Items": 0.0,
        "Total Unusual Items Excluding Goodwill": 0.0,
        "Net Income From Continuing Operation Net Minority Interest": -32023000.0,
        "Reconciled Depreciation": 12162000.0,
        "Reconciled Cost Of Revenue": 59159000.0,
        "EBITDA": -17177000.0,
        "EBIT": -29339000.0,
        "Net Interest Income": -2691000.0,
        "Interest Expense": 2691000.0,
        "Normalized Income": -32023000.0,
        "Net Income From Continuing And Discontinued Operation": -32023000.0,
        "Total Expenses": 96770000.0,
        "Total Operating Income As Reported": -29823000.0,
        "Diluted Average Shares": 154125061.0,
        "Basic Average Shares": 154125061.0,
        "Diluted EPS": -0.21,
        "Basic EPS": -0.21,
        "Diluted NI Availto Com Stockholders": -32023000.0,
        "Average Dilution Earnings": NaN,
        "Net Income Common Stockholders": -32023000.0,
        "Net Income": -32023000.0,
        "Minority Interests": NaN,
        "Net Income Including Noncontrolling Interests": -32023000.0,
        "Net Income Continuous Operations": -32023000.0,
        "Tax Provision": -7000.0,
        "Pretax Income": -32030000.0,
        "Other Income Expense": 484000.0,
        "Other Non Operating Income Expenses": 484000.0,
        "Special Income Charges": 0.0,
        "Other Special Charges": NaN,
        "Net Non Operating Interest Income Expense": -2691000.0,
        "Interest Expense Non Operating": 2691000.0,
        "Operating Income": -29823000.0,
        "Operating Expense": 37611000.0,
        "Research And Development": 8963000.0,
        "Selling General And Administration": 28648000.0,
        "Selling And Marketing Expense": 12955000.0,
        "General And Administrative Expense": 15693000.0,
        "Other Gand A": 15693000.0,
        "Gross Profit": 7788000.0,
        "Cost Of Revenue": 59159000.0,
        "Total Revenue": 66947000.0,
        "Operating Revenue": 66947000.0
    },
    "2023-06-30": {
        "Tax Effect Of Unusual Items": NaN,
        "Tax Rate For Calcs": NaN,
        "Normalized EBITDA": NaN,
        "Total Unusual Items": 56545000.0,
        "Total Unusual Items Excluding Goodwill": 56545000.0,
        "Net Income From Continuing Operation Net Minority Interest": NaN,
        "Reconciled Depreciation": NaN,
        "Reconciled Cost Of Revenue": NaN,
        "EBITDA": NaN,
        "EBIT": NaN,
        "Net Interest Income": NaN,
        "Interest Expense": NaN,
        "Normalized Income": NaN,
        "Net Income From Continuing And Discontinued Operation": NaN,
        "Total Expenses": NaN,
        "Total Operating Income As Reported": NaN,
        "Diluted Average Shares": 155804953.0,
        "Basic Average Shares": 155804953.0,
        "Diluted EPS": -0.26,
        "Basic EPS": 0.12,
        "Diluted NI Availto Com Stockholders": NaN,
        "Average Dilution Earnings": -59133000.0,
        "Net Income Common Stockholders": NaN,
        "Net Income": NaN,
        "Minority Interests": 0.0,
        "Net Income Including Noncontrolling Interests": NaN,
        "Net Income Continuous Operations": NaN,
        "Tax Provision": NaN,
        "Pretax Income": NaN,
        "Other Income Expense": NaN,
        "Other Non Operating Income Expenses": NaN,
        "Special Income Charges": 59121000.0,
        "Other Special Charges": -59121000.0,
        "Write Off": NaN,
        "Impairment Of Capital Assets": 0.0,
        "Gain On Sale Of Security": -2576000.0,
        "Net Non Operating Interest Income Expense": NaN,
        "Interest Expense Non Operating": NaN,
        "Operating Income": NaN,
        "Operating Expense": NaN,
        "Research And Development": NaN,
        "Selling General And Administration": NaN,
        "Selling And Marketing Expense": NaN,
        "General And Administrative Expense": NaN,
        "Other Gand A": NaN,
        "Gross Profit": NaN,
        "Cost Of Revenue": NaN,
        "Total Revenue": NaN,
        "Operating Revenue": NaN
    },
    "2022-03-31": {
        "Diluted EPS": -0.15,
        "Total Revenue": 41,
        "Gross Profit": 4,
        "Operating Income": -35,
        "EBIT": -26,
        "Net Income": -22
    },
    "2021-12-31": {
        "Diluted EPS": 2.23,
        "Total Revenue": 53,
        "Gross Profit": -2,
        "Operating Income": -30,
        "EBIT": -21,
        "Net Income": -34
    },
    "2021-09-30": {
        "Diluted EPS": -0.15,
        "Total Revenue": 40,
        "Gross Profit": 3,
        "Operating Income": -19,
        "EBIT": -14,
        "Net Income": 116
    },
    "2021-06-30": {
        "Diluted EPS": -1.0,
        "Total Revenue": 19,
        "Gross Profit": 0,
        "Operating Income": -24,
        "EBIT": -19,
        "Net Income": -100
    },
    "2021-03-31": {
        "Diluted EPS": -2.04,
        "Total Revenue": 15,
        "Gross Profit": 0,
        "Operating Income": -10,
        "EBIT": -5,
        "Net Income": -83
    },
    "2020-12-31": {
        "Diluted EPS": -1.92,
        "Total Revenue": 23,
        "Gross Profit": 0,
        "Operating Income": -25,
        "EBIT": -21,
        "Net Income": -128
    },
    "2020-09-30": {
        "Diluted EPS": -0.47,
        "Total Revenue": 9,
        "Gross Profit": -2,
        "Operating Income": -12,
        "EBIT": -7,
        "Net Income": -19
    },
    "2020-06-30": {
        "Diluted EPS": -0.48,
        "Total Revenue": 4,
        "Gross Profit": -2,
        "Operating Income": -12,
        "EBIT": -12,
        "Net Income": -19
    },
    "2020-03-31": {
        "Diluted EPS": -1.26,
        "Total Revenue": NaN,
        "Gross Profit": NaN,
        "Operating Income": 0,
        "EBIT": 0,
        "Net Income": 0
    },
    "2019-12-31": {
        "Diluted EPS": 0.0,
        "Total Revenue": NaN,
        "Gross Profit": NaN,
        "Operating Income": NaN,
        "EBIT": NaN,
        "Net Income": NaN
    },
    "2019-09-30": {
        "Diluted EPS": -1.13,
        "Total Revenue": NaN,
        "Gross Profit": NaN,
        "Operating Income": 0,
        "EBIT": 0,
        "Net Income": 0
    },
    "2023-09-30": {
        "Tax Effect Of Unusual Items": -5155.0,
        "Tax Rate For Calcs": 0.001,
        "Normalized EBITDA": -56341000.0,
        "Total Unusual Items": -5155000.0,
        "Total Unusual Items Excluding Goodwill": -5155000.0,
        "Net Income From Continuing Operation Net Minority Interest": -77072000.0,
        "Reconciled Depreciation": 11217000.0,
        "Reconciled Cost Of Revenue": 154031000.0,
        "EBITDA": -61496000.0,
        "EBIT": -72713000.0,
        "Net Interest Income": -4405000.0,
        "Interest Expense": 4405000.0,
        "Normalized Income": -71922155.0,
        "Net Income From Continuing And Discontinued Operation": -77072000.0,
        "Total Expenses": 202011000.0,
        "Total Operating Income As Reported": -68271000.0,
        "Diluted Average Shares": 155829348.0,
        "Basic Average Shares": 155829348.0,
        "Diluted EPS": -0.49,
        "Basic EPS": -0.49,
        "Diluted NI Availto Com Stockholders": -77072000.0,
        "Average Dilution Earnings": NaN,
        "Net Income Common Stockholders": -77072000.0,
        "Net Income": -77072000.0,
        "Minority Interests": 0.0,
        "Net Income Including Noncontrolling Interests": -77072000.0,
        "Net Income Continuous Operations": -77072000.0,
        "Tax Provision": -46000.0,
        "Pretax Income": -77118000.0,
        "Other Income Expense": -4442000.0,
        "Other Non Operating Income Expenses": 713000.0,
        "Special Income Charges": 0.0,
        "Other Special Charges": NaN,
        "Write Off": NaN,
        "Impairment Of Capital Assets": NaN,
        "Gain On Sale Of Security": -5155000.0,
        "Net Non Operating Interest Income Expense": -4405000.0,
        "Interest Expense Non Operating": 4405000.0,
        "Operating Income": -68271000.0,
        "Operating Expense": 47980000.0,
        "Research And Development": 14420000.0,
        "Selling General And Administration": 33560000.0,
        "Selling And Marketing Expense": 11605000.0,
        "General And Administrative Expense": 21955000.0,
        "Other Gand A": 21955000.0,
        "Gross Profit": -20291000.0,
        "Cost Of Revenue": 154031000.0,
        "Total Revenue": 133740000.0,
        "Operating Revenue": 133740000.0
    },
    "2023-12-31": {
        "Tax Effect Of Unusual Items": 0.0,
        "Tax Rate For Calcs": 0.21,
        "Normalized EBITDA": -20032000.0,
        "Total Unusual Items": 0.0,
        "Total Unusual Items Excluding Goodwill": 0.0,
        "Net Income From Continuing Operation Net Minority Interest": -37685000.0,
        "Reconciled Depreciation": 12682000.0,
        "Reconciled Cost Of Revenue": 156333000.0,
        "EBITDA": -20032000.0,
        "EBIT": -32714000.0,
        "Net Interest Income": -4892000.0,
        "Interest Expense": 4892000.0,
        "Normalized Income": -37685000.0,
        "Net Income From Continuing And Discontinued Operation": -37685000.0,
        "Total Expenses": 200945000.0,
        "Total Operating Income As Reported": -33521000.0,
        "Diluted Average Shares": NaN,
        "Basic Average Shares": NaN,
        "Diluted EPS": NaN,
        "Basic EPS": NaN,
        "Diluted NI Availto Com Stockholders": -37685000.0,
        "Average Dilution Earnings": NaN,
        "Net Income Common Stockholders": -37685000.0,
        "Net Income": -37685000.0,
        "Minority Interests": NaN,
        "Net Income Including Noncontrolling Interests": -37685000.0,
        "Net Income Continuous Operations": -37685000.0,
        "Tax Provision": 79000.0,
        "Pretax Income": -37606000.0,
        "Other Income Expense": 807000.0,
        "Other Non Operating Income Expenses": 807000.0,
        "Special Income Charges": 0.0,
        "Other Special Charges": 0.0,
        "Write Off": NaN,
        "Impairment Of Capital Assets": NaN,
        "Gain On Sale Of Security": 0.0,
        "Net Non Operating Interest Income Expense": -4892000.0,
        "Interest Expense Non Operating": 4892000.0,
        "Operating Income": -33521000.0,
        "Operating Expense": 44612000.0,
        "Research And Development": 14488000.0,
        "Selling General And Administration": 30124000.0,
        "Selling And Marketing Expense": 13865000.0,
        "General And Administrative Expense": 16259000.0,
        "Other Gand A": 16259000.0,
        "Gross Profit": 11091000.0,
        "Cost Of Revenue": 156333000.0,
        "Total Revenue": 167424000.0,
        "Operating Revenue": 167424000.0
    },
    "2024-03-31": {
        "Tax Effect Of Unusual Items": 0.0,
        "Tax Rate For Calcs": 0.21,
        "Normalized EBITDA": -56638000.0,
        "Total Unusual Items": NaN,
        "Total Unusual Items Excluding Goodwill": NaN,
        "Net Income From Continuing Operation Net Minority Interest": -72307000.0,
        "Reconciled Depreciation": 10809000.0,
        "Reconciled Cost Of Revenue": 49660000.0,
        "EBITDA": -56638000.0,
        "EBIT": -67447000.0,
        "Net Interest Income": -4707000.0,
        "Interest Expense": 4707000.0,
        "Normalized Income": -72307000.0,
        "Net Income From Continuing And Discontinued Operation": -72307000.0,
        "Total Expenses": 93482000.0,
        "Total Operating Income As Reported": -68013000.0,
        "Diluted Average Shares": 158180137.0,
        "Basic Average Shares": 158180137.0,
        "Diluted EPS": -0.46,
        "Basic EPS": -0.46,
        "Diluted NI Availto Com Stockholders": -72307000.0,
        "Average Dilution Earnings": NaN,
        "Net Income Common Stockholders": -72307000.0,
        "Net Income": -72307000.0,
        "Minority Interests": NaN,
        "Net Income Including Noncontrolling Interests": -72307000.0,
        "Net Income Continuous Operations": -72307000.0,
        "Tax Provision": 153000.0,
        "Pretax Income": -72154000.0,
        "Other Income Expense": 566000.0,
        "Other Non Operating Income Expenses": 566000.0,
        "Special Income Charges": NaN,
        "Other Special Charges": NaN,
        "Write Off": NaN,
        "Impairment Of Capital Assets": NaN,
        "Gain On Sale Of Security": NaN,
        "Net Non Operating Interest Income Expense": -4707000.0,
        "Interest Expense Non Operating": 4707000.0,
        "Operating Income": -68013000.0,
        "Operating Expense": 43822000.0,
        "Research And Development": 14136000.0,
        "Selling General And Administration": 29686000.0,
        "Selling And Marketing Expense": 11126000.0,
        "General And Administrative Expense": 18560000.0,
        "Other Gand A": 18560000.0,
        "Gross Profit": -24191000.0,
        "Cost Of Revenue": 49660000.0,
        "Total Revenue": 25469000.0,
        "Operating Revenue": 25469000.0
    },
    "2024-06-30": {
        "Tax Effect Of Unusual Items": -114591750.0,
        "Tax Rate For Calcs": 0.21,
        "Normalized EBITDA": -20494000.0,
        "Total Unusual Items": -545675000.0,
        "Total Unusual Items Excluding Goodwill": -545675000.0,
        "Net Income From Continuing Operation Net Minority Interest": -582270000.0,
        "Reconciled Depreciation": 11408000.0,
        "Reconciled Cost Of Revenue": 24624000.0,
        "EBITDA": -566169000.0,
        "EBIT": -577577000.0,
        "Net Interest Income": -4631000.0,
        "Interest Expense": 4631000.0,
        "Normalized Income": -151186750.0,
        "Net Income From Continuing And Discontinued Operation": -582270000.0,
        "Total Expenses": 66695000.0,
        "Total Operating Income As Reported": -579848000.0,
        "Diluted Average Shares": 162158936.0,
        "Basic Average Shares": 162158936.0,
        "Diluted EPS": -3.59,
        "Basic EPS": -3.59,
        "Diluted NI Availto Com Stockholders": -582270000.0,
        "Average Dilution Earnings": 0.0,
        "Net Income Common Stockholders": -582270000.0,
        "Net Income": -582270000.0,
        "Minority Interests": NaN,
        "Net Income Including Noncontrolling Interests": -582270000.0,
        "Net Income Continuous Operations": -582270000.0,
        "Tax Provision": 62000.0,
        "Pretax Income": -582208000.0,
        "Other Income Expense": -544881000.0,
        "Other Non Operating Income Expenses": 794000.0,
        "Special Income Charges": -547152000.0,
        "Other Special Charges": NaN,
        "Write Off": NaN,
        "Impairment Of Capital Assets": 547152000.0,
        "Gain On Sale Of Security": 1477000.0,
        "Net Non Operating Interest Income Expense": -4631000.0,
        "Interest Expense Non Operating": 4631000.0,
        "Operating Income": -32696000.0,
        "Operating Expense": 42071000.0,
        "Research And Development": 15281000.0,
        "Selling General And Administration": 26790000.0,
        "Selling And Marketing Expense": 10944000.0,
        "General And Administrative Expense": 15846000.0,
        "Other Gand A": 15846000.0,
        "Gross Profit": 9375000.0,
        "Cost Of Revenue": 24624000.0,
        "Total Revenue": 33999000.0,
        "Operating Revenue": 33999000.0
    },
    "2024-09-30": {
        "Tax Effect Of Unusual Items": -21868140.0,
        "Tax Rate For Calcs": 0.21,
        "Normalized EBITDA": -28515000.0,
        "Total Unusual Items": -104134000.0,
        "Total Unusual Items Excluding Goodwill": -104134000.0,
        "Net Income From Continuing Operation Net Minority Interest": -148300000.0,
        "Reconciled Depreciation": 11010000.0,
        "Reconciled Cost Of Revenue": 23095000.0,
        "EBITDA": -132649000.0,
        "EBIT": -143659000.0,
        "Net Interest Income": -4512000.0,
        "Interest Expense": 4512000.0,
        "Normalized Income": -66034140.0,
        "Net Income From Continuing And Discontinued Operation": -148300000.0,
        "Total Expenses": 69609000.0,
        "Total Operating Income As Reported": -144452000.0,
        "Diluted Average Shares": 162633996.0,
        "Basic Average Shares": 162633996.0,
        "Diluted EPS": -0.91,
        "Basic EPS": -0.91,
        "Diluted NI Availto Com Stockholders": -148300000.0,
        "Average Dilution Earnings": NaN,
        "Net Income Common Stockholders": -148300000.0,
        "Net Income": -148300000.0,
        "Minority Interests": NaN,
        "Net Income Including Noncontrolling Interests": -148300000.0,
        "Net Income Continuous Operations": -148300000.0,
        "Tax Provision": 129000.0,
        "Pretax Income": -148171000.0,
        "Other Income Expense": -103341000.0,
        "Other Non Operating Income Expenses": 793000.0,
        "Special Income Charges": -104134000.0,
        "Other Special Charges": NaN,
        "Write Off": 104134000.0,
        "Impairment Of Capital Assets": 0.0,
        "Gain On Sale Of Security": NaN,
        "Net Non Operating Interest Income Expense": -4512000.0,
        "Interest Expense Non Operating": 4512000.0,
        "Operating Income": -40318000.0,
        "Operating Expense": 46514000.0,
        "Research And Development": 11086000.0,
        "Selling General And Administration": 35428000.0,
        "Selling And Marketing Expense": 8216000.0,
        "General And Administrative Expense": 27212000.0,
        "Other Gand A": 27212000.0,
        "Gross Profit": 6196000.0,
        "Cost Of Revenue": 23095000.0,
        "Total Revenue": 29291000.0,
        "Operating Revenue": 29291000.0
    }
}