{
    "2023-03-31": {
        "Tax Effect Of Unusual Items": NaN,
        "Tax Rate For Calcs": NaN,
        "Normalized EBITDA": NaN,
        "Total Unusual Items": NaN,
        "Total Unusual Items Excluding Goodwill": NaN,
        "Net Income From Continuing Operation Net Minority Interest": NaN,
        "Reconciled Depreciation": NaN,
        "Reconciled Cost Of Revenue": NaN,
        "EBITDA": NaN,
        "EBIT": NaN,
        "Net Interest Income": NaN,
        "Interest Expense": NaN,
        "Interest Income": NaN,
        "Normalized Income": NaN,
        "Net Income From Continuing And Discontinued Operation": NaN,
        "Total Expenses": NaN,
        "Diluted Average Shares": NaN,
        "Basic Average Shares": NaN,
        "Diluted EPS": NaN,
        "Basic EPS": NaN,
        "Diluted NI Availto Com Stockholders": NaN,
        "Average Dilution Earnings": 0.0,
        "Net Income Common Stockholders": NaN,
        "Net Income": NaN,
        "Minority Interests": NaN,
        "Net Income Including Noncontrolling Interests": NaN,
        "Net Income Continuous Operations": NaN,
        "Tax Provision": NaN,
        "Pretax Income": NaN,
        "Other Income Expense": NaN,
        "Other Non Operating Income Expenses": NaN,
        "Gain On Sale Of Security": NaN,
        "Net Non Operating Interest Income Expense": NaN,
        "Interest Expense Non Operating": NaN,
        "Interest Income Non Operating": NaN,
        "Operating Income": NaN,
        "Operating Expense": NaN,
        "Selling General And Administration": NaN,
        "General And Administrative Expense": NaN,
        "Other Gand A": NaN,
        "Salaries And Wages": NaN,
        "Gross Profit": NaN,
        "Cost Of Revenue": NaN,
        "Total Revenue": NaN,
        "Operating Revenue": NaN
    },
    "2022-12-31": {
        "Tax Effect Of Unusual Items": NaN,
        "Tax Rate For Calcs": NaN,
        "Normalized EBITDA": NaN,
        "Total Unusual Items": NaN,
        "Total Unusual Items Excluding Goodwill": NaN,
        "Net Income From Continuing Operation Net Minority Interest": NaN,
        "Reconciled Depreciation": NaN,
        "Reconciled Cost Of Revenue": NaN,
        "EBITDA": NaN,
        "EBIT": NaN,
        "Net Interest Income": NaN,
        "Interest Expense": NaN,
        "Interest Income": NaN,
        "Normalized Income": NaN,
        "Net Income From Continuing And Discontinued Operation": NaN,
        "Total Expenses": NaN,
        "Diluted Average Shares": NaN,
        "Basic Average Shares": NaN,
        "Diluted EPS": NaN,
        "Basic EPS": NaN,
        "Diluted NI Availto Com Stockholders": NaN,
        "Average Dilution Earnings": 0.0,
        "Net Income Common Stockholders": NaN,
        "Net Income": NaN,
        "Minority Interests": NaN,
        "Net Income Including Noncontrolling Interests": NaN,
        "Net Income Continuous Operations": NaN,
        "Tax Provision": NaN,
        "Pretax Income": NaN,
        "Other Income Expense": NaN,
        "Other Non Operating Income Expenses": NaN,
        "Gain On Sale Of Security": NaN,
        "Net Non Operating Interest Income Expense": NaN,
        "Interest Expense Non Operating": NaN,
        "Interest Income Non Operating": NaN,
        "Operating Income": NaN,
        "Operating Expense": NaN,
        "Selling General And Administration": NaN,
        "General And Administrative Expense": NaN,
        "Other Gand A": NaN,
        "Salaries And Wages": NaN,
        "Gross Profit": NaN,
        "Cost Of Revenue": NaN,
        "Total Revenue": NaN,
        "Operating Revenue": NaN
    },
    "2022-09-30": {
        "Tax Effect Of Unusual Items": NaN,
        "Tax Rate For Calcs": NaN,
        "Normalized EBITDA": NaN,
        "Total Unusual Items": NaN,
        "Total Unusual Items Excluding Goodwill": NaN,
        "Net Income From Continuing Operation Net Minority Interest": NaN,
        "Reconciled Depreciation": NaN,
        "Reconciled Cost Of Revenue": NaN,
        "EBITDA": NaN,
        "EBIT": NaN,
        "Net Interest Income": NaN,
        "Interest Expense": NaN,
        "Interest Income": NaN,
        "Normalized Income": NaN,
        "Net Income From Continuing And Discontinued Operation": NaN,
        "Total Expenses": NaN,
        "Diluted Average Shares": NaN,
        "Basic Average Shares": NaN,
        "Diluted EPS": NaN,
        "Basic EPS": NaN,
        "Diluted NI Availto Com Stockholders": NaN,
        "Average Dilution Earnings": 0.0,
        "Net Income Common Stockholders": NaN,
        "Net Income": NaN,
        "Minority Interests": NaN,
        "Net Income Including Noncontrolling Interests": NaN,
        "Net Income Continuous Operations": NaN,
        "Tax Provision": NaN,
        "Pretax Income": NaN,
        "Other Income Expense": NaN,
        "Other Non Operating Income Expenses": NaN,
        "Gain On Sale Of Security": NaN,
        "Net Non Operating Interest Income Expense": NaN,
        "Interest Expense Non Operating": NaN,
        "Interest Income Non Operating": NaN,
        "Operating Income": NaN,
        "Operating Expense": NaN,
        "Selling General And Administration": NaN,
        "General And Administrative Expense": NaN,
        "Other Gand A": NaN,
        "Salaries And Wages": NaN,
        "Gross Profit": NaN,
        "Cost Of Revenue": NaN,
        "Total Revenue": NaN,
        "Operating Revenue": NaN
    },
    "2022-06-30": {
        "Tax Effect Of Unusual Items": -3882000.0,
        "Tax Rate For Calcs": 0.4,
        "Normalized EBITDA": 1628000.0,
        "Total Unusual Items": -9705000.0,
        "Total Unusual Items Excluding Goodwill": -9705000.0,
        "Net Income From Continuing Operation Net Minority Interest": -11040000.0,
        "Reconciled Depreciation": 11521000.0,
        "Reconciled Cost Of Revenue": -106364000.0,
        "EBITDA": -8077000.0,
        "EBIT": -19598000.0,
        "Net Interest Income": -576000.0,
        "Interest Expense": 587000.0,
        "Interest Income": 11000.0,
        "Normalized Income": -5217000.0,
        "Net Income From Continuing And Discontinued Operation": -11040000.0,
        "Total Expenses": -68418000.0,
        "Diluted Average Shares": 61144139.0,
        "Basic Average Shares": 61144139.0,
        "Diluted EPS": -0.18,
        "Basic EPS": -0.18,
        "Diluted NI Availto Com Stockholders": -11040000.0,
        "Average Dilution Earnings": 0.0,
        "Net Income Common Stockholders": -11040000.0,
        "Net Income": -11040000.0,
        "Minority Interests": 10431000.0,
        "Net Income Including Noncontrolling Interests": -21471000.0,
        "Net Income Continuous Operations": -21471000.0,
        "Tax Provision": 1286000.0,
        "Pretax Income": -20185000.0,
        "Other Income Expense": -10809000.0,
        "Other Non Operating Income Expenses": -1104000.0,
        "Gain On Sale Of Security": -9705000.0,
        "Net Non Operating Interest Income Expense": -576000.0,
        "Interest Expense Non Operating": 587000.0,
        "Interest Income Non Operating": 11000.0,
        "Operating Income": -8800000.0,
        "Operating Expense": 37946000.0,
        "Selling General And Administration": 37946000.0,
        "General And Administrative Expense": 37946000.0,
        "Other Gand A": 34232000.0,
        "Salaries And Wages": 3714000.0,
        "Gross Profit": 29146000.0,
        "Cost Of Revenue": -106364000.0,
        "Total Revenue": -77218000.0,
        "Operating Revenue": -77218000.0
    },
    "2022-03-31": {
        "Diluted EPS": 0.5,
        "Total Revenue": 365,
        "Gross Profit": 365,
        "Operating Income": 91,
        "EBIT": 103,
        "Net Income": 42
    },
    "2021-12-31": {
        "Diluted EPS": 0.83,
        "Total Revenue": 410,
        "Gross Profit": 410,
        "Operating Income": 118,
        "EBIT": 130,
        "Net Income": 48
    },
    "2021-09-30": {
        "Diluted EPS": 1.45,
        "Total Revenue": 282,
        "Gross Profit": 282,
        "Operating Income": 108,
        "EBIT": 111,
        "Net Income": 62
    },
    "2021-06-30": {
        "Diluted EPS": 1.06,
        "Total Revenue": 309,
        "Gross Profit": 309,
        "Operating Income": 135,
        "EBIT": 136,
        "Net Income": 42
    },
    "2021-03-31": {
        "Diluted EPS": 1.22,
        "Total Revenue": 359,
        "Gross Profit": 359,
        "Operating Income": 154,
        "EBIT": 159,
        "Net Income": 38
    },
    "2020-12-31": {
        "Diluted EPS": 0.87,
        "Total Revenue": 247,
        "Gross Profit": 247,
        "Operating Income": 111,
        "EBIT": 112,
        "Net Income": 26
    },
    "2020-09-30": {
        "Diluted EPS": -0.03,
        "Total Revenue": 243,
        "Gross Profit": 243,
        "Operating Income": 110,
        "EBIT": 111,
        "Net Income": -1
    },
    "2020-06-30": {
        "Diluted EPS": 0.0,
        "Total Revenue": -61,
        "Gross Profit": -61,
        "Operating Income": -46,
        "EBIT": -45,
        "Net Income": NaN
    },
    "2020-03-31": {
        "Diluted EPS": 0.0,
        "Total Revenue": NaN,
        "Gross Profit": NaN,
        "Operating Income": NaN,
        "EBIT": NaN,
        "Net Income": NaN
    },
    "2019-12-31": {
        "Diluted EPS": 0.0,
        "Total Revenue": 71,
        "Gross Profit": 71,
        "Operating Income": 20,
        "EBIT": 22,
        "Net Income": NaN
    },
    "2019-09-30": {
        "Diluted EPS": 0.0,
        "Total Revenue": 132,
        "Gross Profit": 132,
        "Operating Income": 48,
        "EBIT": 48,
        "Net Income": NaN
    },
    "2019-03-31": {
        "Diluted EPS": 0.0,
        "Total Revenue": NaN,
        "Gross Profit": NaN,
        "Operating Income": NaN,
        "EBIT": NaN,
        "Net Income": NaN
    },
    "2023-06-30": {
        "Tax Effect Of Unusual Items": NaN,
        "Tax Rate For Calcs": NaN,
        "Normalized EBITDA": NaN,
        "Total Unusual Items": NaN,
        "Total Unusual Items Excluding Goodwill": NaN,
        "Net Income From Continuing Operation Net Minority Interest": NaN,
        "Reconciled Depreciation": NaN,
        "Reconciled Cost Of Revenue": NaN,
        "EBITDA": NaN,
        "EBIT": NaN,
        "Net Interest Income": NaN,
        "Interest Expense": NaN,
        "Interest Income": NaN,
        "Normalized Income": NaN,
        "Net Income From Continuing And Discontinued Operation": NaN,
        "Total Expenses": NaN,
        "Diluted Average Shares": NaN,
        "Basic Average Shares": NaN,
        "Diluted EPS": NaN,
        "Basic EPS": NaN,
        "Diluted NI Availto Com Stockholders": NaN,
        "Average Dilution Earnings": 964000.0,
        "Net Income Common Stockholders": NaN,
        "Net Income": NaN,
        "Minority Interests": NaN,
        "Net Income Including Noncontrolling Interests": NaN,
        "Net Income Continuous Operations": NaN,
        "Tax Provision": NaN,
        "Pretax Income": NaN,
        "Other Income Expense": NaN,
        "Other Non Operating Income Expenses": NaN,
        "Gain On Sale Of Security": NaN,
        "Net Non Operating Interest Income Expense": NaN,
        "Interest Expense Non Operating": NaN,
        "Interest Income Non Operating": NaN,
        "Operating Income": NaN,
        "Operating Expense": NaN,
        "Selling General And Administration": NaN,
        "General And Administrative Expense": NaN,
        "Other Gand A": NaN,
        "Salaries And Wages": NaN,
        "Gross Profit": NaN,
        "Cost Of Revenue": NaN,
        "Total Revenue": NaN,
        "Operating Revenue": NaN
    },
    "2023-09-30": {
        "Tax Effect Of Unusual Items": 909986.473574,
        "Tax Rate For Calcs": 0.115393,
        "Normalized EBITDA": 73194000.0,
        "Total Unusual Items": 7886000.0,
        "Total Unusual Items Excluding Goodwill": 7886000.0,
        "Net Income From Continuing Operation Net Minority Interest": 26225000.0,
        "Reconciled Depreciation": 11992000.0,
        "Reconciled Cost Of Revenue": 92680000.0,
        "EBITDA": 81080000.0,
        "EBIT": 69088000.0,
        "Net Interest Income": -1131000.0,
        "Interest Expense": 2108000.0,
        "Interest Income": 977000.0,
        "Normalized Income": 19248986.473574,
        "Net Income From Continuing And Discontinued Operation": 26225000.0,
        "Total Expenses": 130325000.0,
        "Diluted Average Shares": 66198129.0,
        "Basic Average Shares": 62858468.0,
        "Diluted EPS": 0.42,
        "Basic EPS": 0.42,
        "Diluted NI Availto Com Stockholders": 26225000.0,
        "Average Dilution Earnings": NaN,
        "Net Income Common Stockholders": 26225000.0,
        "Net Income": 26225000.0,
        "Minority Interests": -33026000.0,
        "Net Income Including Noncontrolling Interests": 59251000.0,
        "Net Income Continuous Operations": 59251000.0,
        "Tax Provision": 7729000.0,
        "Pretax Income": 66980000.0,
        "Other Income Expense": 7014000.0,
        "Other Non Operating Income Expenses": -872000.0,
        "Gain On Sale Of Security": 7886000.0,
        "Net Non Operating Interest Income Expense": -1131000.0,
        "Interest Expense Non Operating": 2108000.0,
        "Interest Income Non Operating": 977000.0,
        "Operating Income": 61097000.0,
        "Operating Expense": 37645000.0,
        "Selling General And Administration": 37645000.0,
        "General And Administrative Expense": 37645000.0,
        "Other Gand A": 31729000.0,
        "Salaries And Wages": 5916000.0,
        "Gross Profit": 98742000.0,
        "Cost Of Revenue": 92680000.0,
        "Total Revenue": 191422000.0,
        "Operating Revenue": 191422000.0
    },
    "2023-12-31": {
        "Tax Effect Of Unusual Items": 208500.0,
        "Tax Rate For Calcs": 0.03,
        "Normalized EBITDA": -16371000.0,
        "Total Unusual Items": 6950000.0,
        "Total Unusual Items Excluding Goodwill": 6950000.0,
        "Net Income From Continuing Operation Net Minority Interest": -20226000.0,
        "Reconciled Depreciation": 12159000.0,
        "Reconciled Cost Of Revenue": -42880000.0,
        "EBITDA": -9421000.0,
        "EBIT": -21580000.0,
        "Net Interest Income": -1735000.0,
        "Interest Expense": 2562000.0,
        "Interest Income": 827000.0,
        "Normalized Income": -26967500.0,
        "Net Income From Continuing And Discontinued Operation": -20226000.0,
        "Total Expenses": 19153000.0,
        "Diluted Average Shares": 64068952.0,
        "Basic Average Shares": 64068952.0,
        "Diluted EPS": -0.32,
        "Basic EPS": -0.32,
        "Diluted NI Availto Com Stockholders": -20226000.0,
        "Average Dilution Earnings": 0.0,
        "Net Income Common Stockholders": -20226000.0,
        "Net Income": -20226000.0,
        "Minority Interests": 3193000.0,
        "Net Income Including Noncontrolling Interests": -23419000.0,
        "Net Income Continuous Operations": -23419000.0,
        "Tax Provision": -723000.0,
        "Pretax Income": -24142000.0,
        "Other Income Expense": 11358000.0,
        "Other Non Operating Income Expenses": 4408000.0,
        "Gain On Sale Of Security": 6950000.0,
        "Net Non Operating Interest Income Expense": -1735000.0,
        "Interest Expense Non Operating": 2562000.0,
        "Interest Income Non Operating": 827000.0,
        "Operating Income": -33765000.0,
        "Operating Expense": 62033000.0,
        "Selling General And Administration": 62033000.0,
        "General And Administrative Expense": 62033000.0,
        "Other Gand A": 48001000.0,
        "Salaries And Wages": 14032000.0,
        "Gross Profit": 28268000.0,
        "Cost Of Revenue": -42880000.0,
        "Total Revenue": -14612000.0,
        "Operating Revenue": -14612000.0
    },
    "2024-03-31": {
        "Tax Effect Of Unusual Items": 1193182.955086,
        "Tax Rate For Calcs": 0.126678,
        "Normalized EBITDA": 99195000.0,
        "Total Unusual Items": 9419000.0,
        "Total Unusual Items Excluding Goodwill": 9419000.0,
        "Net Income From Continuing Operation Net Minority Interest": 30823000.0,
        "Reconciled Depreciation": 11450000.0,
        "Reconciled Cost Of Revenue": 200939000.0,
        "EBITDA": 108614000.0,
        "EBIT": 97164000.0,
        "Net Interest Income": -1220000.0,
        "Interest Expense": 2649000.0,
        "Interest Income": 1429000.0,
        "Normalized Income": 22597182.955086,
        "Net Income From Continuing And Discontinued Operation": 30823000.0,
        "Total Expenses": 269186000.0,
        "Diluted Average Shares": 67281567.0,
        "Basic Average Shares": 64194859.0,
        "Diluted EPS": 0.48,
        "Basic EPS": 0.48,
        "Diluted NI Availto Com Stockholders": 32204000.0,
        "Average Dilution Earnings": 1381000.0,
        "Net Income Common Stockholders": 30823000.0,
        "Net Income": 30823000.0,
        "Minority Interests": -51719000.0,
        "Net Income Including Noncontrolling Interests": 82542000.0,
        "Net Income Continuous Operations": 82542000.0,
        "Tax Provision": 11973000.0,
        "Pretax Income": 94515000.0,
        "Other Income Expense": 8111000.0,
        "Other Non Operating Income Expenses": -1308000.0,
        "Gain On Sale Of Security": 9419000.0,
        "Net Non Operating Interest Income Expense": -1220000.0,
        "Interest Expense Non Operating": 2649000.0,
        "Interest Income Non Operating": 1429000.0,
        "Operating Income": 87624000.0,
        "Operating Expense": 68247000.0,
        "Selling General And Administration": 68247000.0,
        "General And Administrative Expense": 68247000.0,
        "Other Gand A": 54310000.0,
        "Salaries And Wages": 13937000.0,
        "Gross Profit": 155871000.0,
        "Cost Of Revenue": 200939000.0,
        "Total Revenue": 356810000.0,
        "Operating Revenue": 356810000.0
    },
    "2024-06-30": {
        "Tax Effect Of Unusual Items": 1112900.0,
        "Tax Rate For Calcs": 0.124,
        "Normalized EBITDA": 60194000.0,
        "Total Unusual Items": 8975000.0,
        "Total Unusual Items Excluding Goodwill": 8975000.0,
        "Net Income From Continuing Operation Net Minority Interest": 13328000.0,
        "Reconciled Depreciation": 11337000.0,
        "Reconciled Cost Of Revenue": 79060000.0,
        "EBITDA": 69169000.0,
        "EBIT": 57832000.0,
        "Net Interest Income": -933000.0,
        "Interest Expense": 2990000.0,
        "Interest Income": 2057000.0,
        "Normalized Income": 5465900.0,
        "Net Income From Continuing And Discontinued Operation": 13328000.0,
        "Total Expenses": 139250000.0,
        "Diluted Average Shares": 68593761.0,
        "Basic Average Shares": 66187754.0,
        "Diluted EPS": 0.2,
        "Basic EPS": 0.2,
        "Diluted NI Availto Com Stockholders": 13794000.0,
        "Average Dilution Earnings": 466000.0,
        "Net Income Common Stockholders": 13328000.0,
        "Net Income": 13328000.0,
        "Minority Interests": -34717000.0,
        "Net Income Including Noncontrolling Interests": 48045000.0,
        "Net Income Continuous Operations": 48045000.0,
        "Tax Provision": 6797000.0,
        "Pretax Income": 54842000.0,
        "Other Income Expense": 8624000.0,
        "Other Non Operating Income Expenses": -351000.0,
        "Gain On Sale Of Security": 8975000.0,
        "Net Non Operating Interest Income Expense": -933000.0,
        "Interest Expense Non Operating": 2990000.0,
        "Interest Income Non Operating": 2057000.0,
        "Operating Income": 47151000.0,
        "Operating Expense": 60190000.0,
        "Selling General And Administration": 60190000.0,
        "General And Administrative Expense": 60190000.0,
        "Other Gand A": 41011000.0,
        "Salaries And Wages": 19179000.0,
        "Gross Profit": 107341000.0,
        "Cost Of Revenue": 79060000.0,
        "Total Revenue": 186401000.0,
        "Operating Revenue": 186401000.0
    },
    "2024-09-30": {
        "Tax Effect Of Unusual Items": 510532.0,
        "Tax Rate For Calcs": 0.082,
        "Normalized EBITDA": 66540000.0,
        "Total Unusual Items": 6226000.0,
        "Total Unusual Items Excluding Goodwill": 6226000.0,
        "Net Income From Continuing Operation Net Minority Interest": 17632000.0,
        "Reconciled Depreciation": 11366000.0,
        "Reconciled Cost Of Revenue": 133303000.0,
        "EBITDA": 72766000.0,
        "EBIT": 61400000.0,
        "Net Interest Income": -496000.0,
        "Interest Expense": 3512000.0,
        "Interest Income": 3016000.0,
        "Normalized Income": 11916532.0,
        "Net Income From Continuing And Discontinued Operation": 17632000.0,
        "Total Expenses": 220696000.0,
        "Diluted Average Shares": 69695315.0,
        "Basic Average Shares": 68772051.0,
        "Diluted EPS": 0.26,
        "Basic EPS": 0.26,
        "Diluted NI Availto Com Stockholders": 17632000.0,
        "Average Dilution Earnings": NaN,
        "Net Income Common Stockholders": 17632000.0,
        "Net Income": 17632000.0,
        "Minority Interests": -35506000.0,
        "Net Income Including Noncontrolling Interests": 53138000.0,
        "Net Income Continuous Operations": 53138000.0,
        "Tax Provision": 4750000.0,
        "Pretax Income": 57888000.0,
        "Other Income Expense": 7403000.0,
        "Other Non Operating Income Expenses": 1177000.0,
        "Gain On Sale Of Security": 6226000.0,
        "Net Non Operating Interest Income Expense": -496000.0,
        "Interest Expense Non Operating": 3512000.0,
        "Interest Income Non Operating": 3016000.0,
        "Operating Income": 50981000.0,
        "Operating Expense": 87393000.0,
        "Selling General And Administration": 87393000.0,
        "General And Administrative Expense": 87393000.0,
        "Other Gand A": 50061000.0,
        "Salaries And Wages": 37332000.0,
        "Gross Profit": 138374000.0,
        "Cost Of Revenue": 133303000.0,
        "Total Revenue": 271677000.0,
        "Operating Revenue": 271677000.0
    },
    "2024-12-31": {
        "Tax Effect Of Unusual Items": 2883756.0,
        "Tax Rate For Calcs": 0.167,
        "Normalized EBITDA": -347591000.0,
        "Total Unusual Items": 17268000.0,
        "Total Unusual Items Excluding Goodwill": 17268000.0,
        "Net Income From Continuing Operation Net Minority Interest": -192015000.0,
        "Reconciled Depreciation": 11384000.0,
        "Reconciled Cost Of Revenue": 168557000.0,
        "EBITDA": -330323000.0,
        "EBIT": -341707000.0,
        "Net Interest Income": -449000.0,
        "Interest Expense": 3008000.0,
        "Interest Income": 2559000.0,
        "Normalized Income": -206399244.0,
        "Net Income From Continuing And Discontinued Operation": -192015000.0,
        "Total Expenses": 698105000.0,
        "Diluted Average Shares": 73687289.0,
        "Basic Average Shares": 73687289.0,
        "Diluted EPS": -2.61,
        "Basic EPS": -2.61,
        "Diluted NI Availto Com Stockholders": -192015000.0,
        "Average Dilution Earnings": NaN,
        "Net Income Common Stockholders": -192015000.0,
        "Net Income": -192015000.0,
        "Minority Interests": 95148000.0,
        "Net Income Including Noncontrolling Interests": -287163000.0,
        "Net Income Continuous Operations": -287163000.0,
        "Tax Provision": -57552000.0,
        "Pretax Income": -344715000.0,
        "Other Income Expense": 14816000.0,
        "Other Non Operating Income Expenses": -2452000.0,
        "Gain On Sale Of Security": 17268000.0,
        "Net Non Operating Interest Income Expense": -449000.0,
        "Interest Expense Non Operating": 3008000.0,
        "Interest Income Non Operating": 2559000.0,
        "Operating Income": -359082000.0,
        "Operating Expense": 529548000.0,
        "Selling General And Administration": 529548000.0,
        "General And Administrative Expense": 529548000.0,
        "Other Gand A": 43130000.0,
        "Salaries And Wages": 486418000.0,
        "Gross Profit": 170466000.0,
        "Cost Of Revenue": 168557000.0,
        "Total Revenue": 339023000.0,
        "Operating Revenue": 339023000.0
    }
}