{
    "2023-03-31": {
        "Tax Effect Of Unusual Items": 0.0,
        "Tax Rate For Calcs": 0.040429,
        "Normalized EBITDA": 193346000.0,
        "Total Unusual Items": 0.0,
        "Total Unusual Items Excluding Goodwill": 0.0,
        "Net Income From Continuing Operation Net Minority Interest": 180106000.0,
        "Reconciled Cost Of Revenue": 68155000.0,
        "EBITDA": 193346000.0,
        "EBIT": 193346000.0,
        "Net Interest Income": 4437000.0,
        "Interest Expense": 2124000.0,
        "Interest Income": 6561000.0,
        "Normalized Income": 180106000.0,
        "Net Income From Continuing And Discontinued Operation": 180106000.0,
        "Total Expenses": 388889000.0,
        "Total Operating Income As Reported": 177987000.0,
        "Diluted Average Shares": 13852880.0,
        "Basic Average Shares": 13852880.0,
        "Diluted EPS": 13.0,
        "Basic EPS": 13.0,
        "Diluted NI Availto Com Stockholders": 180106000.0,
        "Net Income Common Stockholders": 180106000.0,
        "Net Income": 180106000.0,
        "Minority Interests": -1000.0,
        "Net Income Including Noncontrolling Interests": 180107000.0,
        "Net Income Continuous Operations": 180107000.0,
        "Earnings From Equity Interest Net Of Tax": -3384000.0,
        "Tax Provision": 7731000.0,
        "Pretax Income": 191222000.0,
        "Other Income Expense": 8798000.0,
        "Other Non Operating Income Expenses": 8798000.0,
        "Special Income Charges": 0.0,
        "Gain On Sale Of Business": NaN,
        "Write Off": 0.0,
        "Net Non Operating Interest Income Expense": 4437000.0,
        "Interest Expense Non Operating": 2124000.0,
        "Interest Income Non Operating": 6561000.0,
        "Operating Income": 177987000.0,
        "Operating Expense": 320734000.0,
        "Research And Development": 9680000.0,
        "Selling General And Administration": 311054000.0,
        "Selling And Marketing Expense": 271414000.0,
        "General And Administrative Expense": 39640000.0,
        "Other Gand A": 39640000.0,
        "Gross Profit": 498721000.0,
        "Cost Of Revenue": 68155000.0,
        "Total Revenue": 566876000.0,
        "Operating Revenue": 566876000.0
    },
    "2022-12-31": {
        "Tax Effect Of Unusual Items": -6184.634898,
        "Tax Rate For Calcs": 0.019388,
        "Normalized EBITDA": 179222000.0,
        "Total Unusual Items": -319000.0,
        "Total Unusual Items Excluding Goodwill": -319000.0,
        "Net Income From Continuing Operation Net Minority Interest": 180624000.0,
        "Reconciled Cost Of Revenue": 75291000.0,
        "EBITDA": 178903000.0,
        "EBIT": 178903000.0,
        "Net Interest Income": 4745000.0,
        "Interest Expense": 2295000.0,
        "Interest Income": 7040000.0,
        "Normalized Income": 180936815.365102,
        "Net Income From Continuing And Discontinued Operation": 180624000.0,
        "Total Expenses": 411266000.0,
        "Total Operating Income As Reported": 167322000.0,
        "Diluted Average Shares": 13878426.0,
        "Basic Average Shares": 13878426.0,
        "Diluted EPS": 13.015,
        "Basic EPS": 13.015,
        "Diluted NI Availto Com Stockholders": 180624000.0,
        "Net Income Common Stockholders": 180624000.0,
        "Net Income": 180624000.0,
        "Minority Interests": -330000.0,
        "Net Income Including Noncontrolling Interests": 180954000.0,
        "Net Income Continuous Operations": 180954000.0,
        "Earnings From Equity Interest Net Of Tax": 7770000.0,
        "Tax Provision": 3424000.0,
        "Pretax Income": 176608000.0,
        "Other Income Expense": 4541000.0,
        "Other Non Operating Income Expenses": 4860000.0,
        "Special Income Charges": -319000.0,
        "Gain On Sale Of Business": -319000.0,
        "Write Off": 0.0,
        "Net Non Operating Interest Income Expense": 4745000.0,
        "Interest Expense Non Operating": 2295000.0,
        "Interest Income Non Operating": 7040000.0,
        "Operating Income": 167322000.0,
        "Operating Expense": 335975000.0,
        "Research And Development": 7369000.0,
        "Selling General And Administration": 328606000.0,
        "Selling And Marketing Expense": 272477000.0,
        "General And Administrative Expense": 56129000.0,
        "Other Gand A": 56129000.0,
        "Gross Profit": 503297000.0,
        "Cost Of Revenue": 75291000.0,
        "Total Revenue": 578588000.0,
        "Operating Revenue": 504713000.0
    },
    "2022-09-30": {
        "Tax Effect Of Unusual Items": 41731.83179,
        "Tax Rate For Calcs": 0.024419,
        "Normalized EBITDA": 173800000.0,
        "Total Unusual Items": 1709000.0,
        "Total Unusual Items Excluding Goodwill": 1709000.0,
        "Net Income From Continuing Operation Net Minority Interest": 168085000.0,
        "Reconciled Cost Of Revenue": 84902000.0,
        "EBITDA": 175509000.0,
        "EBIT": 175509000.0,
        "Net Interest Income": -287000.0,
        "Interest Expense": 2487000.0,
        "Interest Income": 2200000.0,
        "Normalized Income": 166417731.83179,
        "Net Income From Continuing And Discontinued Operation": 168085000.0,
        "Total Expenses": 409933000.0,
        "Total Operating Income As Reported": 166275000.0,
        "Diluted Average Shares": 13962894.0,
        "Basic Average Shares": 13962894.0,
        "Diluted EPS": 12.04,
        "Basic EPS": 12.04,
        "Diluted NI Availto Com Stockholders": 168085000.0,
        "Net Income Common Stockholders": 168085000.0,
        "Net Income": 168085000.0,
        "Minority Interests": 1000.0,
        "Net Income Including Noncontrolling Interests": 168084000.0,
        "Net Income Continuous Operations": 168084000.0,
        "Earnings From Equity Interest Net Of Tax": -713000.0,
        "Tax Provision": 4225000.0,
        "Pretax Income": 173022000.0,
        "Other Income Expense": 7034000.0,
        "Other Non Operating Income Expenses": 5325000.0,
        "Special Income Charges": 1709000.0,
        "Gain On Sale Of Business": 1709000.0,
        "Write Off": NaN,
        "Net Non Operating Interest Income Expense": -287000.0,
        "Interest Expense Non Operating": 2487000.0,
        "Interest Income Non Operating": 2200000.0,
        "Operating Income": 166275000.0,
        "Operating Expense": 325031000.0,
        "Research And Development": 11532000.0,
        "Selling General And Administration": 313499000.0,
        "Selling And Marketing Expense": 269056000.0,
        "General And Administrative Expense": 44443000.0,
        "Other Gand A": 44443000.0,
        "Gross Profit": 491306000.0,
        "Cost Of Revenue": 84902000.0,
        "Total Revenue": 576208000.0,
        "Operating Revenue": 576208000.0
    },
    "2022-06-30": {
        "Tax Effect Of Unusual Items": 0.0,
        "Tax Rate For Calcs": 0.030792,
        "Normalized EBITDA": 121155000.0,
        "Total Unusual Items": NaN,
        "Total Unusual Items Excluding Goodwill": NaN,
        "Net Income From Continuing Operation Net Minority Interest": 114612000.0,
        "Reconciled Cost Of Revenue": 91237000.0,
        "EBITDA": 121155000.0,
        "EBIT": 121155000.0,
        "Net Interest Income": 1290000.0,
        "Interest Expense": 2552000.0,
        "Interest Income": 3842000.0,
        "Normalized Income": 114612000.0,
        "Net Income From Continuing And Discontinued Operation": 114612000.0,
        "Total Expenses": 442428000.0,
        "Total Operating Income As Reported": 112563000.0,
        "Diluted Average Shares": 13569370.0,
        "Basic Average Shares": 13569370.0,
        "Diluted EPS": 8.445,
        "Basic EPS": 8.445,
        "Diluted NI Availto Com Stockholders": 114612000.0,
        "Net Income Common Stockholders": 114612000.0,
        "Net Income": 114612000.0,
        "Minority Interests": 52000.0,
        "Net Income Including Noncontrolling Interests": 114560000.0,
        "Net Income Continuous Operations": 114560000.0,
        "Earnings From Equity Interest Net Of Tax": -391000.0,
        "Tax Provision": 3652000.0,
        "Pretax Income": 118603000.0,
        "Other Income Expense": 4750000.0,
        "Other Non Operating Income Expenses": 4750000.0,
        "Special Income Charges": NaN,
        "Gain On Sale Of Business": NaN,
        "Write Off": NaN,
        "Net Non Operating Interest Income Expense": 1290000.0,
        "Interest Expense Non Operating": 2552000.0,
        "Interest Income Non Operating": 3842000.0,
        "Operating Income": 112563000.0,
        "Operating Expense": 351191000.0,
        "Research And Development": 11578000.0,
        "Selling General And Administration": 339613000.0,
        "Selling And Marketing Expense": 292978000.0,
        "General And Administrative Expense": 46635000.0,
        "Other Gand A": 46635000.0,
        "Gross Profit": 463754000.0,
        "Cost Of Revenue": 91237000.0,
        "Total Revenue": 554991000.0,
        "Operating Revenue": 554991000.0
    },
    "2022-03-31": {
        "Diluted EPS": 2.14,
        "Total Revenue": 97,
        "Gross Profit": 81,
        "Operating Income": 27,
        "EBIT": 27,
        "Net Income": 28
    },
    "2021-12-31": {
        "Diluted EPS": 2.81,
        "Total Revenue": 98,
        "Gross Profit": 83,
        "Operating Income": 15,
        "EBIT": 15,
        "Net Income": 24
    },
    "2021-09-30": {
        "Diluted EPS": 0.09,
        "Total Revenue": 92,
        "Gross Profit": 79,
        "Operating Income": 13,
        "EBIT": 13,
        "Net Income": 15
    },
    "2021-06-30": {
        "Diluted EPS": 0.26,
        "Total Revenue": 97,
        "Gross Profit": 82,
        "Operating Income": 2,
        "EBIT": 2,
        "Net Income": 4
    },
    "2021-03-31": {
        "Diluted EPS": -0.6,
        "Total Revenue": 106,
        "Gross Profit": 90,
        "Operating Income": -12,
        "EBIT": -12,
        "Net Income": -8
    },
    "2020-12-31": {
        "Diluted EPS": -1.07,
        "Total Revenue": 106,
        "Gross Profit": 88,
        "Operating Income": -33,
        "EBIT": -33,
        "Net Income": -14
    },
    "2020-09-30": {
        "Diluted EPS": -1.82,
        "Total Revenue": 80,
        "Gross Profit": 66,
        "Operating Income": -32,
        "EBIT": -32,
        "Net Income": -24
    },
    "2020-06-30": {
        "Diluted EPS": -1.33,
        "Total Revenue": 73,
        "Gross Profit": 58,
        "Operating Income": -21,
        "EBIT": -21,
        "Net Income": -18
    },
    "2020-03-31": {
        "Diluted EPS": -0.68,
        "Total Revenue": 80,
        "Gross Profit": 66,
        "Operating Income": -14,
        "EBIT": -14,
        "Net Income": -9
    },
    "2019-12-31": {
        "Diluted EPS": -1.46,
        "Total Revenue": 77,
        "Gross Profit": 62,
        "Operating Income": -21,
        "EBIT": -21,
        "Net Income": -20
    },
    "2019-09-30": {
        "Diluted EPS": -1.33,
        "Total Revenue": 74,
        "Gross Profit": 58,
        "Operating Income": -19,
        "EBIT": -19,
        "Net Income": -18
    },
    "2019-06-30": {
        "Diluted EPS": -0.14,
        "Total Revenue": 81,
        "Gross Profit": 67,
        "Operating Income": -6,
        "EBIT": -6,
        "Net Income": -2
    },
    "2019-03-31": {
        "Diluted EPS": -1.23,
        "Total Revenue": 84,
        "Gross Profit": 71,
        "Operating Income": -20,
        "EBIT": -20,
        "Net Income": -17
    },
    "2018-12-31": {
        "Diluted EPS": -0.96,
        "Total Revenue": 74,
        "Gross Profit": 64,
        "Operating Income": -25,
        "EBIT": -25,
        "Net Income": -22
    },
    "2018-09-30": {
        "Diluted EPS": -2.38,
        "Total Revenue": 75,
        "Gross Profit": 62,
        "Operating Income": -40,
        "EBIT": -40,
        "Net Income": -33
    },
    "2018-06-30": {
        "Diluted EPS": -2.98,
        "Total Revenue": 73,
        "Gross Profit": 59,
        "Operating Income": -45,
        "EBIT": -45,
        "Net Income": -41
    },
    "2018-03-31": {
        "Diluted EPS": -4.4,
        "Total Revenue": 65,
        "Gross Profit": 54,
        "Operating Income": -40,
        "EBIT": -40,
        "Net Income": -39
    },
    "2017-12-31": {
        "Diluted EPS": 0.0,
        "Total Revenue": NaN,
        "Gross Profit": NaN,
        "Operating Income": NaN,
        "EBIT": NaN,
        "Net Income": NaN
    },
    "2023-06-30": {
        "Tax Effect Of Unusual Items": 61750.0,
        "Tax Rate For Calcs": 0.25,
        "Normalized EBITDA": 171548000.0,
        "Total Unusual Items": 247000.0,
        "Total Unusual Items Excluding Goodwill": 247000.0,
        "Net Income From Continuing Operation Net Minority Interest": 173883000.0,
        "Reconciled Cost Of Revenue": 59491000.0,
        "EBITDA": 171795000.0,
        "EBIT": 171795000.0,
        "Net Interest Income": 5515000.0,
        "Interest Expense": 2046000.0,
        "Interest Income": 7561000.0,
        "Normalized Income": 173697750.0,
        "Net Income From Continuing And Discontinued Operation": 173883000.0,
        "Total Expenses": 370537000.0,
        "Total Operating Income As Reported": 155816000.0,
        "Diluted Average Shares": 13842608.0,
        "Basic Average Shares": 13842608.0,
        "Diluted EPS": 12.56,
        "Basic EPS": 12.56,
        "Diluted NI Availto Com Stockholders": 173883000.0,
        "Net Income Common Stockholders": 173883000.0,
        "Net Income": 173883000.0,
        "Minority Interests": 0.0,
        "Net Income Including Noncontrolling Interests": 173883000.0,
        "Net Income Continuous Operations": 173883000.0,
        "Earnings From Equity Interest Net Of Tax": 2730000.0,
        "Tax Provision": -1404000.0,
        "Pretax Income": 169749000.0,
        "Other Income Expense": 8418000.0,
        "Other Non Operating Income Expenses": 8171000.0,
        "Special Income Charges": 247000.0,
        "Gain On Sale Of Business": 247000.0,
        "Write Off": NaN,
        "Net Non Operating Interest Income Expense": 5515000.0,
        "Interest Expense Non Operating": 2046000.0,
        "Interest Income Non Operating": 7561000.0,
        "Operating Income": 155816000.0,
        "Operating Expense": 311046000.0,
        "Research And Development": 7992000.0,
        "Selling General And Administration": 303054000.0,
        "Selling And Marketing Expense": 269969000.0,
        "General And Administrative Expense": 33085000.0,
        "Other Gand A": 33085000.0,
        "Gross Profit": 466862000.0,
        "Cost Of Revenue": 59491000.0,
        "Total Revenue": 526353000.0,
        "Operating Revenue": 526353000.0
    },
    "2023-09-30": {
        "Tax Effect Of Unusual Items": -15250.0,
        "Tax Rate For Calcs": 0.25,
        "Normalized EBITDA": 138250000.0,
        "Total Unusual Items": -61000.0,
        "Total Unusual Items Excluding Goodwill": -61000.0,
        "Net Income From Continuing Operation Net Minority Interest": 131640000.0,
        "Reconciled Cost Of Revenue": 64131000.0,
        "EBITDA": 138189000.0,
        "EBIT": 138189000.0,
        "Net Interest Income": 5748000.0,
        "Interest Expense": 1877000.0,
        "Interest Income": 7625000.0,
        "Normalized Income": 131685750.0,
        "Net Income From Continuing And Discontinued Operation": 131640000.0,
        "Total Expenses": 402607000.0,
        "Total Operating Income As Reported": 122024000.0,
        "Diluted Average Shares": 13760376.0,
        "Basic Average Shares": 13760376.0,
        "Diluted EPS": 9.565,
        "Basic EPS": 9.565,
        "Diluted NI Availto Com Stockholders": 131640000.0,
        "Net Income Common Stockholders": 131640000.0,
        "Net Income": 131640000.0,
        "Minority Interests": 0.0,
        "Net Income Including Noncontrolling Interests": 131640000.0,
        "Net Income Continuous Operations": 131640000.0,
        "Earnings From Equity Interest Net Of Tax": -5791000.0,
        "Tax Provision": -1119000.0,
        "Pretax Income": 136312000.0,
        "Other Income Expense": 8540000.0,
        "Other Non Operating Income Expenses": 8601000.0,
        "Special Income Charges": -61000.0,
        "Gain On Sale Of Business": 0.0,
        "Write Off": 61000.0,
        "Net Non Operating Interest Income Expense": 5748000.0,
        "Interest Expense Non Operating": 1877000.0,
        "Interest Income Non Operating": 7625000.0,
        "Operating Income": 122024000.0,
        "Operating Expense": 338476000.0,
        "Research And Development": 8415000.0,
        "Selling General And Administration": 330061000.0,
        "Selling And Marketing Expense": 294969000.0,
        "General And Administrative Expense": 35092000.0,
        "Other Gand A": 35092000.0,
        "Gross Profit": 460500000.0,
        "Cost Of Revenue": 64131000.0,
        "Total Revenue": 524631000.0,
        "Operating Revenue": 524631000.0
    },
    "2023-12-31": {
        "Tax Effect Of Unusual Items": 4852036.063043,
        "Tax Rate For Calcs": 0.111623,
        "Normalized EBITDA": 136940000.0,
        "Total Unusual Items": 43468000.0,
        "Total Unusual Items Excluding Goodwill": 43468000.0,
        "Net Income From Continuing Operation Net Minority Interest": 155201000.0,
        "Reconciled Cost Of Revenue": 73751000.0,
        "EBITDA": 180408000.0,
        "EBIT": 180408000.0,
        "Net Interest Income": 7737000.0,
        "Interest Expense": 1610000.0,
        "Interest Income": 9347000.0,
        "Normalized Income": 116585036.063043,
        "Net Income From Continuing And Discontinued Operation": 155201000.0,
        "Total Expenses": 422658000.0,
        "Total Operating Income As Reported": 119066000.0,
        "Diluted Average Shares": 13741428.0,
        "Basic Average Shares": 13741428.0,
        "Diluted EPS": 11.295,
        "Basic EPS": 11.295,
        "Diluted NI Availto Com Stockholders": 155201000.0,
        "Net Income Common Stockholders": 155201000.0,
        "Net Income": 155201000.0,
        "Minority Interests": 0.0,
        "Net Income Including Noncontrolling Interests": 155201000.0,
        "Net Income Continuous Operations": 155201000.0,
        "Earnings From Equity Interest Net Of Tax": -3639000.0,
        "Tax Provision": 19958000.0,
        "Pretax Income": 178798000.0,
        "Other Income Expense": 51995000.0,
        "Other Non Operating Income Expenses": 8527000.0,
        "Special Income Charges": 43468000.0,
        "Gain On Sale Of Business": 43468000.0,
        "Write Off": 0.0,
        "Net Non Operating Interest Income Expense": 7737000.0,
        "Interest Expense Non Operating": 1610000.0,
        "Interest Income Non Operating": 9347000.0,
        "Operating Income": 119066000.0,
        "Operating Expense": 348907000.0,
        "Research And Development": 7636000.0,
        "Selling General And Administration": 341271000.0,
        "Selling And Marketing Expense": -217396000.0,
        "General And Administrative Expense": 558667000.0,
        "Other Gand A": 35469000.0,
        "Gross Profit": 467973000.0,
        "Cost Of Revenue": 73751000.0,
        "Total Revenue": 541724000.0,
        "Operating Revenue": 369764000.0
    }
}