{
    "2023-03-31": {
        "Tax Effect Of Unusual Items": 0.0,
        "Tax Rate For Calcs": 0.0,
        "Normalized EBITDA": -8751000.0,
        "Net Income From Continuing Operation Net Minority Interest": -10520000.0,
        "Reconciled Depreciation": 516000.0,
        "Reconciled Cost Of Revenue": 4144000.0,
        "EBITDA": -8751000.0,
        "EBIT": -9267000.0,
        "Net Interest Income": -1253000.0,
        "Interest Expense": 1253000.0,
        "Normalized Income": -10520000.0,
        "Net Income From Continuing And Discontinued Operation": -10520000.0,
        "Total Expenses": 25447000.0,
        "Total Operating Income As Reported": -9907000.0,
        "Diluted Average Shares": 28034000.0,
        "Basic Average Shares": 28034000.0,
        "Diluted EPS": -0.38,
        "Basic EPS": -0.38,
        "Diluted NI Availto Com Stockholders": -10520000.0,
        "Net Income Common Stockholders": -10520000.0,
        "Net Income": -10520000.0,
        "Net Income Including Noncontrolling Interests": -10520000.0,
        "Net Income Continuous Operations": -10520000.0,
        "Pretax Income": -10520000.0,
        "Other Income Expense": 640000.0,
        "Other Non Operating Income Expenses": 640000.0,
        "Net Non Operating Interest Income Expense": -1253000.0,
        "Interest Expense Non Operating": 1253000.0,
        "Operating Income": -9907000.0,
        "Operating Expense": 21303000.0,
        "Research And Development": 2790000.0,
        "Selling General And Administration": 18513000.0,
        "Selling And Marketing Expense": 11902000.0,
        "General And Administrative Expense": 6611000.0,
        "Other Gand A": 6611000.0,
        "Gross Profit": 11396000.0,
        "Cost Of Revenue": 4144000.0,
        "Total Revenue": 15540000.0,
        "Operating Revenue": 15540000.0
    },
    "2022-12-31": {
        "Tax Effect Of Unusual Items": 0.0,
        "Tax Rate For Calcs": 0.0,
        "Normalized EBITDA": -7077000.0,
        "Net Income From Continuing Operation Net Minority Interest": -8289000.0,
        "Reconciled Depreciation": 604000.0,
        "Reconciled Cost Of Revenue": 4389000.0,
        "EBITDA": -7077000.0,
        "EBIT": -7077000.0,
        "Net Interest Income": -1212000.0,
        "Interest Expense": 1212000.0,
        "Normalized Income": -8289000.0,
        "Net Income From Continuing And Discontinued Operation": -8289000.0,
        "Total Expenses": 25924000.0,
        "Total Operating Income As Reported": -7726000.0,
        "Diluted Average Shares": 27207000.0,
        "Basic Average Shares": 27207000.0,
        "Diluted EPS": -0.3,
        "Basic EPS": -0.3,
        "Diluted NI Availto Com Stockholders": -8289000.0,
        "Net Income Common Stockholders": -8289000.0,
        "Net Income": -8289000.0,
        "Net Income Including Noncontrolling Interests": -8289000.0,
        "Net Income Continuous Operations": -8289000.0,
        "Pretax Income": -8289000.0,
        "Other Income Expense": 649000.0,
        "Other Non Operating Income Expenses": 649000.0,
        "Net Non Operating Interest Income Expense": -1212000.0,
        "Interest Expense Non Operating": 1212000.0,
        "Operating Income": -7726000.0,
        "Operating Expense": 21535000.0,
        "Research And Development": 3139000.0,
        "Selling General And Administration": 18396000.0,
        "Selling And Marketing Expense": 12005000.0,
        "General And Administrative Expense": 6391000.0,
        "Other Gand A": 6391000.0,
        "Gross Profit": 13809000.0,
        "Cost Of Revenue": 4389000.0,
        "Total Revenue": 18198000.0,
        "Operating Revenue": 18198000.0
    },
    "2022-09-30": {
        "Tax Effect Of Unusual Items": 0.0,
        "Tax Rate For Calcs": 0.0,
        "Normalized EBITDA": -6161000.0,
        "Net Income From Continuing Operation Net Minority Interest": -7609000.0,
        "Reconciled Depreciation": 387000.0,
        "Reconciled Cost Of Revenue": 3570000.0,
        "EBITDA": -6161000.0,
        "EBIT": -6548000.0,
        "Net Interest Income": -1061000.0,
        "Interest Expense": 1061000.0,
        "Normalized Income": -7609000.0,
        "Net Income From Continuing And Discontinued Operation": -7609000.0,
        "Total Expenses": 23952000.0,
        "Total Operating Income As Reported": -7454000.0,
        "Diluted Average Shares": 26965000.0,
        "Basic Average Shares": 26965000.0,
        "Diluted EPS": -0.28,
        "Basic EPS": -0.28,
        "Diluted NI Availto Com Stockholders": -7609000.0,
        "Net Income Common Stockholders": -7609000.0,
        "Net Income": -7609000.0,
        "Net Income Including Noncontrolling Interests": -7609000.0,
        "Net Income Continuous Operations": -7609000.0,
        "Pretax Income": -7609000.0,
        "Other Income Expense": 906000.0,
        "Other Non Operating Income Expenses": 906000.0,
        "Net Non Operating Interest Income Expense": -1061000.0,
        "Interest Expense Non Operating": 1061000.0,
        "Operating Income": -7454000.0,
        "Operating Expense": 20382000.0,
        "Research And Development": 2348000.0,
        "Selling General And Administration": 18034000.0,
        "Selling And Marketing Expense": 11643000.0,
        "General And Administrative Expense": 6391000.0,
        "Other Gand A": 6391000.0,
        "Gross Profit": 12928000.0,
        "Cost Of Revenue": 3570000.0,
        "Total Revenue": 16498000.0,
        "Operating Revenue": 16498000.0
    },
    "2022-06-30": {
        "Tax Effect Of Unusual Items": 0.0,
        "Tax Rate For Calcs": 0.0,
        "Normalized EBITDA": -9422000.0,
        "Net Income From Continuing Operation Net Minority Interest": -10422000.0,
        "Reconciled Depreciation": 338000.0,
        "Reconciled Cost Of Revenue": 4039000.0,
        "EBITDA": -9422000.0,
        "EBIT": -9422000.0,
        "Net Interest Income": -1000000.0,
        "Interest Expense": 1000000.0,
        "Normalized Income": -10422000.0,
        "Net Income From Continuing And Discontinued Operation": -10422000.0,
        "Total Expenses": 26125000.0,
        "Total Operating Income As Reported": -9796000.0,
        "Diluted Average Shares": 26787000.0,
        "Basic Average Shares": 26787000.0,
        "Diluted EPS": -0.39,
        "Basic EPS": -0.39,
        "Diluted NI Availto Com Stockholders": -10422000.0,
        "Net Income Common Stockholders": -10422000.0,
        "Net Income": -10422000.0,
        "Net Income Including Noncontrolling Interests": -10422000.0,
        "Net Income Continuous Operations": -10422000.0,
        "Pretax Income": -10422000.0,
        "Other Income Expense": 374000.0,
        "Other Non Operating Income Expenses": 374000.0,
        "Net Non Operating Interest Income Expense": -1000000.0,
        "Interest Expense Non Operating": 1000000.0,
        "Operating Income": -9796000.0,
        "Operating Expense": 22086000.0,
        "Research And Development": 2045000.0,
        "Selling General And Administration": 20041000.0,
        "Selling And Marketing Expense": 13685000.0,
        "General And Administrative Expense": 6356000.0,
        "Other Gand A": 6356000.0,
        "Gross Profit": 12290000.0,
        "Cost Of Revenue": 4039000.0,
        "Total Revenue": 16329000.0,
        "Operating Revenue": 16329000.0
    },
    "2022-03-31": {
        "Diluted EPS": -0.41,
        "Total Revenue": 14,
        "Gross Profit": 11,
        "Operating Income": -10,
        "EBIT": -10,
        "Net Income": -11
    },
    "2021-12-31": {
        "Diluted EPS": -0.31,
        "Total Revenue": 15,
        "Gross Profit": 11,
        "Operating Income": -7,
        "EBIT": -7,
        "Net Income": -8
    },
    "2021-09-30": {
        "Diluted EPS": -0.31,
        "Total Revenue": 14,
        "Gross Profit": 11,
        "Operating Income": -7,
        "EBIT": -7,
        "Net Income": -8
    },
    "2021-06-30": {
        "Diluted EPS": -0.29,
        "Total Revenue": 14,
        "Gross Profit": 11,
        "Operating Income": -7,
        "EBIT": -6,
        "Net Income": -8
    },
    "2021-03-31": {
        "Diluted EPS": -0.31,
        "Total Revenue": 12,
        "Gross Profit": 10,
        "Operating Income": -7,
        "EBIT": -7,
        "Net Income": -8
    },
    "2020-12-31": {
        "Diluted EPS": -0.19,
        "Total Revenue": 16,
        "Gross Profit": 12,
        "Operating Income": -3,
        "EBIT": -2,
        "Net Income": -4
    },
    "2020-09-30": {
        "Diluted EPS": -0.18,
        "Total Revenue": 12,
        "Gross Profit": 10,
        "Operating Income": -2,
        "EBIT": -2,
        "Net Income": -3
    },
    "2020-06-30": {
        "Diluted EPS": -0.41,
        "Total Revenue": 10,
        "Gross Profit": 7,
        "Operating Income": -7,
        "EBIT": -7,
        "Net Income": -8
    },
    "2020-03-31": {
        "Diluted EPS": -0.68,
        "Total Revenue": 11,
        "Gross Profit": 9,
        "Operating Income": -10,
        "EBIT": -10,
        "Net Income": -13
    },
    "2019-12-31": {
        "Diluted EPS": -0.4,
        "Total Revenue": 17,
        "Gross Profit": 13,
        "Operating Income": -7,
        "EBIT": -7,
        "Net Income": -8
    },
    "2019-09-30": {
        "Diluted EPS": -0.37,
        "Total Revenue": 16,
        "Gross Profit": 12,
        "Operating Income": -6,
        "EBIT": -6,
        "Net Income": -7
    },
    "2019-06-30": {
        "Diluted EPS": -0.39,
        "Total Revenue": 17,
        "Gross Profit": 12,
        "Operating Income": -7,
        "EBIT": -6,
        "Net Income": -7
    },
    "2019-03-31": {
        "Diluted EPS": -0.42,
        "Total Revenue": 13,
        "Gross Profit": 10,
        "Operating Income": -7,
        "EBIT": -7,
        "Net Income": -8
    },
    "2018-12-31": {
        "Diluted EPS": 52.63,
        "Total Revenue": 16,
        "Gross Profit": 12,
        "Operating Income": -6,
        "EBIT": -5,
        "Net Income": -6
    },
    "2018-09-30": {
        "Diluted EPS": -0.29,
        "Total Revenue": 14,
        "Gross Profit": 11,
        "Operating Income": -4,
        "EBIT": -4,
        "Net Income": -5
    },
    "2018-06-30": {
        "Diluted EPS": -30.6,
        "Total Revenue": 13,
        "Gross Profit": 10,
        "Operating Income": -5,
        "EBIT": -5,
        "Net Income": -7
    },
    "2018-03-31": {
        "Diluted EPS": -24.43,
        "Total Revenue": 10,
        "Gross Profit": 8,
        "Operating Income": -5,
        "EBIT": -4,
        "Net Income": -5
    },
    "2017-12-31": {
        "Diluted EPS": 0.0,
        "Total Revenue": NaN,
        "Gross Profit": NaN,
        "Operating Income": NaN,
        "EBIT": NaN,
        "Net Income": NaN
    },
    "2017-09-30": {
        "Diluted EPS": -19.35,
        "Total Revenue": 10,
        "Gross Profit": 8,
        "Operating Income": -3,
        "EBIT": -3,
        "Net Income": -4
    },
    "2017-06-30": {
        "Diluted EPS": -16.58,
        "Total Revenue": 10,
        "Gross Profit": 8,
        "Operating Income": -3,
        "EBIT": -3,
        "Net Income": -3
    },
    "2016-12-31": {
        "Diluted EPS": 0.0,
        "Total Revenue": NaN,
        "Gross Profit": NaN,
        "Operating Income": NaN,
        "EBIT": NaN,
        "Net Income": NaN
    },
    "2023-06-30": {
        "Tax Effect Of Unusual Items": 0.0,
        "Tax Rate For Calcs": 0.0,
        "Normalized EBITDA": -3269000.0,
        "Net Income From Continuing Operation Net Minority Interest": -4901000.0,
        "Reconciled Depreciation": 488000.0,
        "Reconciled Cost Of Revenue": 4836000.0,
        "EBITDA": -3269000.0,
        "EBIT": -3757000.0,
        "Net Interest Income": -1144000.0,
        "Interest Expense": 1144000.0,
        "Normalized Income": -4901000.0,
        "Net Income From Continuing And Discontinued Operation": -4901000.0,
        "Total Expenses": 24959000.0,
        "Total Operating Income As Reported": -7349000.0,
        "Diluted Average Shares": 28590000.0,
        "Basic Average Shares": 28590000.0,
        "Diluted EPS": -0.17,
        "Basic EPS": -0.17,
        "Diluted NI Availto Com Stockholders": -4901000.0,
        "Net Income Common Stockholders": -4901000.0,
        "Net Income": -4901000.0,
        "Net Income Including Noncontrolling Interests": -4901000.0,
        "Net Income Continuous Operations": -4901000.0,
        "Pretax Income": -4901000.0,
        "Other Income Expense": 3592000.0,
        "Other Non Operating Income Expenses": 3592000.0,
        "Net Non Operating Interest Income Expense": -1144000.0,
        "Interest Expense Non Operating": 1144000.0,
        "Operating Income": -7349000.0,
        "Operating Expense": 20123000.0,
        "Research And Development": 2364000.0,
        "Selling General And Administration": 17759000.0,
        "Selling And Marketing Expense": 11559000.0,
        "General And Administrative Expense": 6200000.0,
        "Other Gand A": 6200000.0,
        "Gross Profit": 12774000.0,
        "Cost Of Revenue": 4836000.0,
        "Total Revenue": 17610000.0,
        "Operating Revenue": 17610000.0
    }
}