{
    "2023-03-31": {
        "Tax Effect Of Unusual Items": NaN,
        "Tax Rate For Calcs": NaN,
        "Normalized EBITDA": NaN,
        "Total Unusual Items": NaN,
        "Total Unusual Items Excluding Goodwill": NaN,
        "Net Income From Continuing Operation Net Minority Interest": NaN,
        "Reconciled Depreciation": NaN,
        "Reconciled Cost Of Revenue": NaN,
        "EBITDA": NaN,
        "EBIT": NaN,
        "Net Interest Income": NaN,
        "Interest Expense": NaN,
        "Normalized Income": NaN,
        "Net Income From Continuing And Discontinued Operation": NaN,
        "Total Expenses": NaN,
        "Total Operating Income As Reported": NaN,
        "Diluted Average Shares": NaN,
        "Basic Average Shares": NaN,
        "Diluted EPS": NaN,
        "Basic EPS": NaN,
        "Diluted NI Availto Com Stockholders": NaN,
        "Net Income Common Stockholders": NaN,
        "Preferred Stock Dividends": NaN,
        "Net Income": NaN,
        "Net Income Including Noncontrolling Interests": NaN,
        "Net Income Discontinuous Operations": NaN,
        "Net Income Continuous Operations": NaN,
        "Tax Provision": NaN,
        "Pretax Income": NaN,
        "Other Income Expense": NaN,
        "Other Non Operating Income Expenses": -42000.0,
        "Special Income Charges": NaN,
        "Gain On Sale Of Business": NaN,
        "Restructuring And Mergern Acquisition": NaN,
        "Gain On Sale Of Security": NaN,
        "Net Non Operating Interest Income Expense": NaN,
        "Interest Expense Non Operating": NaN,
        "Operating Income": NaN,
        "Operating Expense": NaN,
        "Other Operating Expenses": NaN,
        "Depreciation Amortization Depletion Income Statement": NaN,
        "Depreciation And Amortization In Income Statement": NaN,
        "Amortization": NaN,
        "Amortization Of Intangibles Income Statement": NaN,
        "Selling General And Administration": NaN,
        "Gross Profit": NaN,
        "Cost Of Revenue": NaN,
        "Total Revenue": NaN,
        "Operating Revenue": NaN
    },
    "2022-12-31": {
        "Tax Effect Of Unusual Items": NaN,
        "Tax Rate For Calcs": NaN,
        "Normalized EBITDA": NaN,
        "Total Unusual Items": NaN,
        "Total Unusual Items Excluding Goodwill": NaN,
        "Net Income From Continuing Operation Net Minority Interest": NaN,
        "Reconciled Depreciation": NaN,
        "Reconciled Cost Of Revenue": NaN,
        "EBITDA": NaN,
        "EBIT": NaN,
        "Net Interest Income": NaN,
        "Interest Expense": NaN,
        "Normalized Income": NaN,
        "Net Income From Continuing And Discontinued Operation": NaN,
        "Total Expenses": NaN,
        "Total Operating Income As Reported": NaN,
        "Diluted Average Shares": NaN,
        "Basic Average Shares": NaN,
        "Diluted EPS": NaN,
        "Basic EPS": NaN,
        "Diluted NI Availto Com Stockholders": NaN,
        "Net Income Common Stockholders": NaN,
        "Preferred Stock Dividends": NaN,
        "Net Income": NaN,
        "Net Income Including Noncontrolling Interests": NaN,
        "Net Income Discontinuous Operations": NaN,
        "Net Income Continuous Operations": NaN,
        "Tax Provision": NaN,
        "Pretax Income": NaN,
        "Other Income Expense": NaN,
        "Other Non Operating Income Expenses": 22838000.0,
        "Special Income Charges": -22943000.0,
        "Gain On Sale Of Business": -23227000.0,
        "Restructuring And Mergern Acquisition": -1813000.0,
        "Gain On Sale Of Security": NaN,
        "Net Non Operating Interest Income Expense": NaN,
        "Interest Expense Non Operating": NaN,
        "Operating Income": NaN,
        "Operating Expense": NaN,
        "Other Operating Expenses": NaN,
        "Depreciation Amortization Depletion Income Statement": NaN,
        "Depreciation And Amortization In Income Statement": NaN,
        "Amortization": NaN,
        "Amortization Of Intangibles Income Statement": NaN,
        "Selling General And Administration": NaN,
        "Gross Profit": NaN,
        "Cost Of Revenue": NaN,
        "Total Revenue": NaN,
        "Operating Revenue": NaN
    },
    "2022-09-30": {
        "Tax Effect Of Unusual Items": NaN,
        "Tax Rate For Calcs": NaN,
        "Normalized EBITDA": NaN,
        "Total Unusual Items": NaN,
        "Total Unusual Items Excluding Goodwill": NaN,
        "Net Income From Continuing Operation Net Minority Interest": NaN,
        "Reconciled Depreciation": NaN,
        "Reconciled Cost Of Revenue": NaN,
        "EBITDA": NaN,
        "EBIT": NaN,
        "Net Interest Income": NaN,
        "Interest Expense": NaN,
        "Normalized Income": NaN,
        "Net Income From Continuing And Discontinued Operation": NaN,
        "Total Expenses": NaN,
        "Total Operating Income As Reported": NaN,
        "Diluted Average Shares": NaN,
        "Basic Average Shares": NaN,
        "Diluted EPS": NaN,
        "Basic EPS": NaN,
        "Diluted NI Availto Com Stockholders": NaN,
        "Net Income Common Stockholders": NaN,
        "Preferred Stock Dividends": NaN,
        "Net Income": NaN,
        "Net Income Including Noncontrolling Interests": NaN,
        "Net Income Discontinuous Operations": NaN,
        "Net Income Continuous Operations": NaN,
        "Tax Provision": NaN,
        "Pretax Income": NaN,
        "Other Income Expense": NaN,
        "Other Non Operating Income Expenses": NaN,
        "Special Income Charges": 3253000.0,
        "Gain On Sale Of Business": 3779000.0,
        "Restructuring And Mergern Acquisition": 526000.0,
        "Gain On Sale Of Security": NaN,
        "Net Non Operating Interest Income Expense": NaN,
        "Interest Expense Non Operating": NaN,
        "Operating Income": NaN,
        "Operating Expense": NaN,
        "Depreciation Amortization Depletion Income Statement": NaN,
        "Depreciation And Amortization In Income Statement": NaN,
        "Amortization": NaN,
        "Amortization Of Intangibles Income Statement": NaN,
        "Selling General And Administration": NaN,
        "Gross Profit": NaN,
        "Cost Of Revenue": NaN,
        "Total Revenue": NaN,
        "Operating Revenue": NaN
    },
    "2022-06-30": {
        "Tax Effect Of Unusual Items": 34696.82863,
        "Tax Rate For Calcs": 0.273203,
        "Normalized EBITDA": 15814000.0,
        "Total Unusual Items": 127000.0,
        "Total Unusual Items Excluding Goodwill": 127000.0,
        "Net Income From Continuing Operation Net Minority Interest": 2498000.0,
        "Reconciled Depreciation": 9372000.0,
        "Reconciled Cost Of Revenue": 201873000.0,
        "EBITDA": 15941000.0,
        "EBIT": 6569000.0,
        "Net Interest Income": -3132000.0,
        "Interest Expense": 3132000.0,
        "Normalized Income": 2405696.82863,
        "Net Income From Continuing And Discontinued Operation": 1684000.0,
        "Total Expenses": 235549000.0,
        "Diluted Average Shares": 108667000.0,
        "Basic Average Shares": 107622000.0,
        "Diluted EPS": 0.01,
        "Basic EPS": 0.01,
        "Diluted NI Availto Com Stockholders": 924000.0,
        "Net Income Common Stockholders": 924000.0,
        "Preferred Stock Dividends": 760000.0,
        "Net Income": 1684000.0,
        "Net Income Including Noncontrolling Interests": 1684000.0,
        "Net Income Discontinuous Operations": -814000.0,
        "Net Income Continuous Operations": 2498000.0,
        "Tax Provision": 939000.0,
        "Pretax Income": 3437000.0,
        "Other Income Expense": -1413000.0,
        "Other Non Operating Income Expenses": -1540000.0,
        "Special Income Charges": -1570000.0,
        "Gain On Sale Of Business": 0.0,
        "Other Special Charges": 283000.0,
        "Write Off": 0.0,
        "Restructuring And Mergern Acquisition": 1287000.0,
        "Gain On Sale Of Security": 127000.0,
        "Net Non Operating Interest Income Expense": -3132000.0,
        "Interest Expense Non Operating": 3132000.0,
        "Operating Income": 7982000.0,
        "Operating Expense": 26916000.0,
        "Depreciation Amortization Depletion Income Statement": 2612000.0,
        "Depreciation And Amortization In Income Statement": 2612000.0,
        "Amortization": 2612000.0,
        "Amortization Of Intangibles Income Statement": 2612000.0,
        "Selling General And Administration": 24304000.0,
        "Gross Profit": 34898000.0,
        "Cost Of Revenue": 208633000.0,
        "Total Revenue": 243531000.0,
        "Operating Revenue": 243531000.0
    },
    "2022-03-31": {
        "Diluted EPS": 0.04,
        "Total Revenue": 240,
        "Gross Profit": 28,
        "Operating Income": 3,
        "EBIT": 13,
        "Net Income": 4
    },
    "2021-12-31": {
        "Diluted EPS": 0.01,
        "Total Revenue": 204,
        "Gross Profit": 18,
        "Operating Income": -3,
        "EBIT": 7,
        "Net Income": 0
    },
    "2021-09-30": {
        "Diluted EPS": -0.04,
        "Total Revenue": 198,
        "Gross Profit": 23,
        "Operating Income": 3,
        "EBIT": 12,
        "Net Income": -4
    },
    "2021-06-30": {
        "Diluted EPS": -0.02,
        "Total Revenue": 202,
        "Gross Profit": 26,
        "Operating Income": -4,
        "EBIT": 6,
        "Net Income": -2
    },
    "2021-03-31": {
        "Diluted EPS": 0.0,
        "Total Revenue": 208,
        "Gross Profit": 30,
        "Operating Income": 5,
        "EBIT": 14,
        "Net Income": 0
    },
    "2020-12-31": {
        "Diluted EPS": 0.78,
        "Total Revenue": 206,
        "Gross Profit": 32,
        "Operating Income": -19,
        "EBIT": -10,
        "Net Income": 70
    },
    "2020-09-30": {
        "Diluted EPS": -0.03,
        "Total Revenue": 192,
        "Gross Profit": 27,
        "Operating Income": 2,
        "EBIT": 10,
        "Net Income": -3
    },
    "2020-06-30": {
        "Diluted EPS": -0.02,
        "Total Revenue": 184,
        "Gross Profit": 23,
        "Operating Income": 0,
        "EBIT": 9,
        "Net Income": -2
    },
    "2020-03-31": {
        "Diluted EPS": 0.02,
        "Total Revenue": 208,
        "Gross Profit": 27,
        "Operating Income": 4,
        "EBIT": 13,
        "Net Income": 1
    },
    "2019-12-31": {
        "Diluted EPS": -0.09,
        "Total Revenue": 186,
        "Gross Profit": 22,
        "Operating Income": 0,
        "EBIT": 5,
        "Net Income": -8
    },
    "2019-09-30": {
        "Diluted EPS": -0.16,
        "Total Revenue": 296,
        "Gross Profit": 26,
        "Operating Income": -7,
        "EBIT": 2,
        "Net Income": -14
    },
    "2019-06-30": {
        "Diluted EPS": -0.13,
        "Total Revenue": 293,
        "Gross Profit": 27,
        "Operating Income": -3,
        "EBIT": 6,
        "Net Income": -11
    },
    "2019-03-31": {
        "Diluted EPS": 0.26,
        "Total Revenue": 305,
        "Gross Profit": 28,
        "Operating Income": 43,
        "EBIT": 52,
        "Net Income": 24
    },
    "2018-12-31": {
        "Diluted EPS": -1.13,
        "Total Revenue": -156,
        "Gross Profit": -32,
        "Operating Income": -36,
        "EBIT": 49,
        "Net Income": -99
    },
    "2018-09-30": {
        "Diluted EPS": -0.08,
        "Total Revenue": 308,
        "Gross Profit": 34,
        "Operating Income": 3,
        "EBIT": 12,
        "Net Income": -7
    },
    "2018-06-30": {
        "Diluted EPS": -0.06,
        "Total Revenue": 319,
        "Gross Profit": 34,
        "Operating Income": 4,
        "EBIT": 13,
        "Net Income": -5
    },
    "2018-03-31": {
        "Diluted EPS": -0.07,
        "Total Revenue": 313,
        "Gross Profit": 34,
        "Operating Income": 3,
        "EBIT": 12,
        "Net Income": -6
    },
    "2017-12-31": {
        "Diluted EPS": -1.38,
        "Total Revenue": 292,
        "Gross Profit": 28,
        "Operating Income": -129,
        "EBIT": -5,
        "Net Income": -121
    },
    "2017-09-30": {
        "Diluted EPS": -0.09,
        "Total Revenue": 321,
        "Gross Profit": 36,
        "Operating Income": 2,
        "EBIT": 10,
        "Net Income": -8
    },
    "2017-06-30": {
        "Diluted EPS": -0.03,
        "Total Revenue": 336,
        "Gross Profit": 42,
        "Operating Income": 3,
        "EBIT": 12,
        "Net Income": -2
    },
    "2017-03-31": {
        "Diluted EPS": -0.16,
        "Total Revenue": 330,
        "Gross Profit": 39,
        "Operating Income": -8,
        "EBIT": 1,
        "Net Income": -11
    },
    "2016-12-31": {
        "Diluted EPS": -0.41,
        "Total Revenue": 298,
        "Gross Profit": 17,
        "Operating Income": -17,
        "EBIT": 9,
        "Net Income": -35
    },
    "2016-09-30": {
        "Diluted EPS": -0.04,
        "Total Revenue": 349,
        "Gross Profit": 41,
        "Operating Income": 4,
        "EBIT": 17,
        "Net Income": -3
    },
    "2016-06-30": {
        "Diluted EPS": -0.05,
        "Total Revenue": 348,
        "Gross Profit": 36,
        "Operating Income": 0,
        "EBIT": 12,
        "Net Income": -4
    },
    "2016-03-31": {
        "Diluted EPS": -0.12,
        "Total Revenue": 352,
        "Gross Profit": 32,
        "Operating Income": 1,
        "EBIT": 13,
        "Net Income": -10
    },
    "2015-12-31": {
        "Diluted EPS": -0.43,
        "Total Revenue": 316,
        "Gross Profit": 25,
        "Operating Income": -10,
        "EBIT": 4,
        "Net Income": -30
    },
    "2015-09-30": {
        "Diluted EPS": 0.01,
        "Total Revenue": 277,
        "Gross Profit": 26,
        "Operating Income": 1,
        "EBIT": 5,
        "Net Income": 0
    },
    "2015-06-30": {
        "Diluted EPS": 0.03,
        "Total Revenue": 278,
        "Gross Profit": 30,
        "Operating Income": 9,
        "EBIT": 13,
        "Net Income": 2
    },
    "2015-03-31": {
        "Diluted EPS": 0.08,
        "Total Revenue": 274,
        "Gross Profit": 29,
        "Operating Income": 8,
        "EBIT": 12,
        "Net Income": 5
    },
    "2014-12-31": {
        "Diluted EPS": -0.03,
        "Total Revenue": 145,
        "Gross Profit": 7,
        "Operating Income": 0,
        "EBIT": 0,
        "Net Income": -2
    },
    "2014-09-30": {
        "Diluted EPS": -0.01,
        "Total Revenue": 308,
        "Gross Profit": 36,
        "Operating Income": 12,
        "EBIT": 17,
        "Net Income": 0
    },
    "2014-06-30": {
        "Diluted EPS": 0.13,
        "Total Revenue": 328,
        "Gross Profit": 43,
        "Operating Income": 17,
        "EBIT": 23,
        "Net Income": 9
    },
    "2014-03-31": {
        "Diluted EPS": 0.1,
        "Total Revenue": 322,
        "Gross Profit": 36,
        "Operating Income": 13,
        "EBIT": 18,
        "Net Income": 7
    },
    "2013-12-31": {
        "Diluted EPS": -0.02,
        "Total Revenue": 102,
        "Gross Profit": -1,
        "Operating Income": -6,
        "EBIT": -11,
        "Net Income": -1
    },
    "2013-09-30": {
        "Diluted EPS": 0.04,
        "Total Revenue": 303,
        "Gross Profit": 31,
        "Operating Income": 9,
        "EBIT": 18,
        "Net Income": 3
    },
    "2013-06-30": {
        "Diluted EPS": -0.23,
        "Total Revenue": 311,
        "Gross Profit": 37,
        "Operating Income": 12,
        "EBIT": 18,
        "Net Income": -15
    },
    "2013-03-31": {
        "Diluted EPS": 0.08,
        "Total Revenue": 283,
        "Gross Profit": 34,
        "Operating Income": 10,
        "EBIT": 15,
        "Net Income": 5
    },
    "2012-12-31": {
        "Diluted EPS": 0.06,
        "Total Revenue": 223,
        "Gross Profit": 20,
        "Operating Income": 3,
        "EBIT": 6,
        "Net Income": 4
    },
    "2012-09-30": {
        "Diluted EPS": 0.09,
        "Total Revenue": 279,
        "Gross Profit": 33,
        "Operating Income": 12,
        "EBIT": 17,
        "Net Income": 6
    },
    "2012-06-30": {
        "Diluted EPS": 0.12,
        "Total Revenue": 282,
        "Gross Profit": 37,
        "Operating Income": 12,
        "EBIT": 17,
        "Net Income": 8
    },
    "2012-03-31": {
        "Diluted EPS": 0.09,
        "Total Revenue": 259,
        "Gross Profit": 34,
        "Operating Income": 12,
        "EBIT": 17,
        "Net Income": 6
    },
    "2011-12-31": {
        "Diluted EPS": -0.12,
        "Total Revenue": 227,
        "Gross Profit": 24,
        "Operating Income": 5,
        "EBIT": 9,
        "Net Income": -8
    },
    "2011-09-30": {
        "Diluted EPS": 0.05,
        "Total Revenue": 257,
        "Gross Profit": 30,
        "Operating Income": 8,
        "EBIT": 13,
        "Net Income": 3
    },
    "2011-06-30": {
        "Diluted EPS": 0.07,
        "Total Revenue": 275,
        "Gross Profit": 32,
        "Operating Income": 13,
        "EBIT": 17,
        "Net Income": 4
    },
    "2011-03-31": {
        "Diluted EPS": 0.08,
        "Total Revenue": 261,
        "Gross Profit": 36,
        "Operating Income": 11,
        "EBIT": 16,
        "Net Income": 5
    },
    "2010-12-31": {
        "Diluted EPS": 0.03,
        "Total Revenue": 230,
        "Gross Profit": 91,
        "Operating Income": 78,
        "EBIT": 82,
        "Net Income": 2
    },
    "2010-09-30": {
        "Diluted EPS": 0.52,
        "Total Revenue": 217,
        "Gross Profit": 33,
        "Operating Income": 3,
        "EBIT": 9,
        "Net Income": 34
    },
    "2010-06-30": {
        "Diluted EPS": 0.31,
        "Total Revenue": 234,
        "Gross Profit": 37,
        "Operating Income": 11,
        "EBIT": 14,
        "Net Income": 20
    },
    "2010-03-31": {
        "Diluted EPS": 0.07,
        "Total Revenue": 217,
        "Gross Profit": 35,
        "Operating Income": 8,
        "EBIT": 13,
        "Net Income": 5
    },
    "2009-12-31": {
        "Diluted EPS": -0.03,
        "Total Revenue": 246,
        "Gross Profit": 165,
        "Operating Income": 170,
        "EBIT": 175,
        "Net Income": -2
    },
    "2009-09-30": {
        "Diluted EPS": -0.07,
        "Total Revenue": 254,
        "Gross Profit": 38,
        "Operating Income": 4,
        "EBIT": 14,
        "Net Income": -5
    },
    "2009-06-30": {
        "Diluted EPS": 0.03,
        "Total Revenue": 258,
        "Gross Profit": 38,
        "Operating Income": 5,
        "EBIT": 5,
        "Net Income": 2
    },
    "2009-03-31": {
        "Diluted EPS": -0.03,
        "Total Revenue": 232,
        "Gross Profit": 34,
        "Operating Income": 1,
        "EBIT": 6,
        "Net Income": -2
    },
    "2023-06-30": {
        "Tax Effect Of Unusual Items": -36800.0,
        "Tax Rate For Calcs": 0.4,
        "Normalized EBITDA": 12075000.0,
        "Total Unusual Items": -92000.0,
        "Total Unusual Items Excluding Goodwill": -92000.0,
        "Net Income From Continuing Operation Net Minority Interest": -11651000.0,
        "Reconciled Depreciation": 10787000.0,
        "Reconciled Cost Of Revenue": 112193000.0,
        "EBITDA": 11983000.0,
        "EBIT": 1196000.0,
        "Net Interest Income": -6565000.0,
        "Interest Expense": 6565000.0,
        "Normalized Income": -11595800.0,
        "Net Income From Continuing And Discontinued Operation": -18838000.0,
        "Total Expenses": 139875000.0,
        "Total Operating Income As Reported": 1196000.0,
        "Diluted Average Shares": 115471000.0,
        "Basic Average Shares": 115471000.0,
        "Diluted EPS": -0.17,
        "Basic EPS": -0.17,
        "Diluted NI Availto Com Stockholders": -19260000.0,
        "Net Income Common Stockholders": -19260000.0,
        "Preferred Stock Dividends": 422000.0,
        "Net Income": -18838000.0,
        "Net Income Including Noncontrolling Interests": -18838000.0,
        "Net Income Discontinuous Operations": -7187000.0,
        "Net Income Continuous Operations": -11651000.0,
        "Tax Provision": 6282000.0,
        "Pretax Income": -5369000.0,
        "Other Income Expense": -92000.0,
        "Other Non Operating Income Expenses": 227000.0,
        "Special Income Charges": NaN,
        "Gain On Sale Of Business": NaN,
        "Restructuring And Mergern Acquisition": NaN,
        "Gain On Sale Of Security": -92000.0,
        "Net Non Operating Interest Income Expense": -6565000.0,
        "Interest Expense Non Operating": 6565000.0,
        "Operating Income": 1288000.0,
        "Operating Expense": 17341000.0,
        "Other Operating Expenses": -62000.0,
        "Depreciation Amortization Depletion Income Statement": 446000.0,
        "Depreciation And Amortization In Income Statement": 446000.0,
        "Amortization": 446000.0,
        "Amortization Of Intangibles Income Statement": 446000.0,
        "Selling General And Administration": 16957000.0,
        "Gross Profit": 18629000.0,
        "Cost Of Revenue": 122534000.0,
        "Total Revenue": 141163000.0,
        "Operating Revenue": 141163000.0
    },
    "2023-09-30": {
        "Tax Effect Of Unusual Items": 0.0,
        "Tax Rate For Calcs": 0.0,
        "Normalized EBITDA": 9428000.0,
        "Total Unusual Items": 37000.0,
        "Total Unusual Items Excluding Goodwill": 37000.0,
        "Net Income From Continuing Operation Net Minority Interest": -5680000.0,
        "Reconciled Depreciation": 7983000.0,
        "Reconciled Cost Of Revenue": 124736000.0,
        "EBITDA": 9465000.0,
        "EBIT": 1482000.0,
        "Net Interest Income": -7162000.0,
        "Interest Expense": 7162000.0,
        "Normalized Income": -5717000.0,
        "Net Income From Continuing And Discontinued Operation": -145823000.0,
        "Total Expenses": 151096000.0,
        "Total Operating Income As Reported": 1482000.0,
        "Diluted Average Shares": 115616000.0,
        "Basic Average Shares": 115616000.0,
        "Diluted EPS": -1.26,
        "Basic EPS": -1.26,
        "Diluted NI Availto Com Stockholders": -146249000.0,
        "Net Income Common Stockholders": -146249000.0,
        "Preferred Stock Dividends": 426000.0,
        "Net Income": -145823000.0,
        "Net Income Including Noncontrolling Interests": -145823000.0,
        "Net Income Discontinuous Operations": -140143000.0,
        "Net Income Continuous Operations": -5680000.0,
        "Tax Provision": 0.0,
        "Pretax Income": -5680000.0,
        "Other Income Expense": 37000.0,
        "Other Non Operating Income Expenses": NaN,
        "Special Income Charges": NaN,
        "Gain On Sale Of Business": NaN,
        "Restructuring And Mergern Acquisition": NaN,
        "Gain On Sale Of Security": 37000.0,
        "Net Non Operating Interest Income Expense": -7162000.0,
        "Interest Expense Non Operating": 7162000.0,
        "Operating Income": 1445000.0,
        "Operating Expense": 18823000.0,
        "Other Operating Expenses": NaN,
        "Depreciation Amortization Depletion Income Statement": 446000.0,
        "Depreciation And Amortization In Income Statement": 446000.0,
        "Amortization": 446000.0,
        "Amortization Of Intangibles Income Statement": 446000.0,
        "Selling General And Administration": 18377000.0,
        "Gross Profit": 20268000.0,
        "Cost Of Revenue": 132273000.0,
        "Total Revenue": 152541000.0,
        "Operating Revenue": 152541000.0
    },
    "2023-12-31": {
        "Tax Effect Of Unusual Items": -475355.546526,
        "Tax Rate For Calcs": 0.288094,
        "Normalized EBITDA": 12386000.0,
        "Total Unusual Items": -1650000.0,
        "Total Unusual Items Excluding Goodwill": -1650000.0,
        "Net Income From Continuing Operation Net Minority Interest": -1752000.0,
        "Reconciled Depreciation": 8166000.0,
        "Reconciled Cost Of Revenue": 148263000.0,
        "EBITDA": 10736000.0,
        "EBIT": 2570000.0,
        "Net Interest Income": -5934000.0,
        "Interest Expense": 5031000.0,
        "Normalized Income": -577355.546526,
        "Net Income From Continuing And Discontinued Operation": -11734000.0,
        "Total Expenses": 176026000.0,
        "Total Operating Income As Reported": 5057000.0,
        "Diluted Average Shares": 115793000.0,
        "Basic Average Shares": 115793000.0,
        "Diluted EPS": -0.11,
        "Basic EPS": -0.11,
        "Diluted NI Availto Com Stockholders": -12163000.0,
        "Net Income Common Stockholders": -12163000.0,
        "Preferred Stock Dividends": 429000.0,
        "Net Income": -11734000.0,
        "Net Income Including Noncontrolling Interests": -11734000.0,
        "Net Income Discontinuous Operations": -9982000.0,
        "Net Income Continuous Operations": -1752000.0,
        "Tax Provision": -709000.0,
        "Pretax Income": -2461000.0,
        "Other Income Expense": -2125000.0,
        "Other Non Operating Income Expenses": -475000.0,
        "Special Income Charges": NaN,
        "Gain On Sale Of Business": NaN,
        "Restructuring And Mergern Acquisition": NaN,
        "Gain On Sale Of Security": -66000.0,
        "Net Non Operating Interest Income Expense": -5934000.0,
        "Interest Expense Non Operating": 5031000.0,
        "Operating Income": 5598000.0,
        "Operating Expense": 20043000.0,
        "Other Operating Expenses": NaN,
        "Depreciation Amortization Depletion Income Statement": 446000.0,
        "Depreciation And Amortization In Income Statement": 446000.0,
        "Amortization": 446000.0,
        "Amortization Of Intangibles Income Statement": 446000.0,
        "Selling General And Administration": 19597000.0,
        "Gross Profit": 25641000.0,
        "Cost Of Revenue": 155983000.0,
        "Total Revenue": 181624000.0,
        "Operating Revenue": 181624000.0
    },
    "2024-03-31": {
        "Tax Effect Of Unusual Items": 3417.0,
        "Tax Rate For Calcs": 0.067,
        "Normalized EBITDA": 18689000.0,
        "Total Unusual Items": 51000.0,
        "Total Unusual Items Excluding Goodwill": 51000.0,
        "Net Income From Continuing Operation Net Minority Interest": 3837000.0,
        "Reconciled Depreciation": 8576000.0,
        "Reconciled Cost Of Revenue": 142971000.0,
        "EBITDA": 18740000.0,
        "EBIT": 10164000.0,
        "Net Interest Income": -6050000.0,
        "Interest Expense": 6050000.0,
        "Normalized Income": 3789417.0,
        "Net Income From Continuing And Discontinued Operation": 2420000.0,
        "Total Expenses": 174535000.0,
        "Total Operating Income As Reported": 10164000.0,
        "Diluted Average Shares": 117558000.0,
        "Basic Average Shares": 116033000.0,
        "Diluted EPS": 0.02,
        "Basic EPS": 0.02,
        "Diluted NI Availto Com Stockholders": 1987000.0,
        "Net Income Common Stockholders": 1987000.0,
        "Preferred Stock Dividends": 433000.0,
        "Net Income": 2420000.0,
        "Net Income Including Noncontrolling Interests": 2420000.0,
        "Net Income Discontinuous Operations": -1417000.0,
        "Net Income Continuous Operations": 3837000.0,
        "Tax Provision": 277000.0,
        "Pretax Income": 4114000.0,
        "Other Income Expense": 1851000.0,
        "Other Non Operating Income Expenses": 1800000.0,
        "Special Income Charges": NaN,
        "Gain On Sale Of Business": NaN,
        "Restructuring And Mergern Acquisition": NaN,
        "Gain On Sale Of Security": 51000.0,
        "Net Non Operating Interest Income Expense": -6050000.0,
        "Interest Expense Non Operating": 6050000.0,
        "Operating Income": 8313000.0,
        "Operating Expense": 23434000.0,
        "Other Operating Expenses": NaN,
        "Depreciation Amortization Depletion Income Statement": 446000.0,
        "Depreciation And Amortization In Income Statement": 446000.0,
        "Amortization": 446000.0,
        "Amortization Of Intangibles Income Statement": 446000.0,
        "Selling General And Administration": 22988000.0,
        "Gross Profit": 31747000.0,
        "Cost Of Revenue": 151101000.0,
        "Total Revenue": 182848000.0,
        "Operating Revenue": 182848000.0
    },
    "2024-06-30": {
        "Tax Effect Of Unusual Items": -5240.0,
        "Tax Rate For Calcs": 0.004,
        "Normalized EBITDA": 13032000.0,
        "Total Unusual Items": -1310000.0,
        "Total Unusual Items Excluding Goodwill": -1310000.0,
        "Net Income From Continuing Operation Net Minority Interest": -3781000.0,
        "Reconciled Depreciation": 9110000.0,
        "Reconciled Cost Of Revenue": 140483000.0,
        "EBITDA": 11722000.0,
        "EBIT": 2612000.0,
        "Net Interest Income": -6410000.0,
        "Interest Expense": 6410000.0,
        "Normalized Income": -2476240.0,
        "Net Income From Continuing And Discontinued Operation": -4678000.0,
        "Total Expenses": 167073000.0,
        "Total Operating Income As Reported": 2612000.0,
        "Diluted Average Shares": 116640000.0,
        "Basic Average Shares": 116640000.0,
        "Diluted EPS": -0.04,
        "Basic EPS": -0.04,
        "Diluted NI Availto Com Stockholders": -4509000.0,
        "Net Income Common Stockholders": -4509000.0,
        "Preferred Stock Dividends": -169000.0,
        "Net Income": -4678000.0,
        "Net Income Including Noncontrolling Interests": -4678000.0,
        "Net Income Discontinuous Operations": -897000.0,
        "Net Income Continuous Operations": -3781000.0,
        "Tax Provision": -17000.0,
        "Pretax Income": -3798000.0,
        "Other Income Expense": -1310000.0,
        "Other Non Operating Income Expenses": NaN,
        "Special Income Charges": NaN,
        "Gain On Sale Of Business": NaN,
        "Restructuring And Mergern Acquisition": NaN,
        "Gain On Sale Of Security": -1310000.0,
        "Net Non Operating Interest Income Expense": -6410000.0,
        "Interest Expense Non Operating": 6410000.0,
        "Operating Income": 3922000.0,
        "Operating Expense": 17926000.0,
        "Other Operating Expenses": -304000.0,
        "Depreciation Amortization Depletion Income Statement": 446000.0,
        "Depreciation And Amortization In Income Statement": 446000.0,
        "Amortization": 446000.0,
        "Amortization Of Intangibles Income Statement": 446000.0,
        "Selling General And Administration": 17784000.0,
        "Gross Profit": 21848000.0,
        "Cost Of Revenue": 149147000.0,
        "Total Revenue": 170995000.0,
        "Operating Revenue": 170995000.0
    }
}