{
    "2023-03-31": {
        "Tax Effect Of Unusual Items": -84435.0,
        "Tax Rate For Calcs": 0.065,
        "Normalized EBITDA": 10532000.0,
        "Total Unusual Items": -1299000.0,
        "Total Unusual Items Excluding Goodwill": -1299000.0,
        "Net Income From Continuing Operation Net Minority Interest": 2606000.0,
        "Reconciled Depreciation": 3656000.0,
        "Reconciled Cost Of Revenue": 65682000.0,
        "EBITDA": 9233000.0,
        "EBIT": 5577000.0,
        "Net Interest Income": -1787000.0,
        "Normalized Income": 3820565.0,
        "Net Income From Continuing And Discontinued Operation": 2606000.0,
        "Total Expenses": 76979000.0,
        "Total Operating Income As Reported": 4278000.0,
        "Diluted Average Shares": 32997751.0,
        "Basic Average Shares": 31677232.0,
        "Diluted EPS": 0.08,
        "Basic EPS": 0.08,
        "Diluted NI Availto Com Stockholders": 2606000.0,
        "Net Income Common Stockholders": 2606000.0,
        "Net Income": 2606000.0,
        "Minority Interests": 276000.0,
        "Net Income Including Noncontrolling Interests": 2330000.0,
        "Net Income Continuous Operations": 2330000.0,
        "Tax Provision": 161000.0,
        "Pretax Income": 2491000.0,
        "Other Income Expense": -1299000.0,
        "Special Income Charges": -1299000.0,
        "Other Special Charges": 1299000.0,
        "Restructuring And Mergern Acquisition": 0.0,
        "Net Non Operating Interest Income Expense": -1787000.0,
        "Total Other Finance Cost": 1787000.0,
        "Operating Income": 5577000.0,
        "Operating Expense": 11297000.0,
        "Other Operating Expenses": 157000.0,
        "Depreciation Amortization Depletion Income Statement": 3656000.0,
        "Depreciation And Amortization In Income Statement": 3656000.0,
        "Selling General And Administration": 7484000.0,
        "General And Administrative Expense": 7484000.0,
        "Other Gand A": 6164000.0,
        "Salaries And Wages": 1320000.0,
        "Gross Profit": 16874000.0,
        "Cost Of Revenue": 65682000.0,
        "Total Revenue": 82556000.0,
        "Operating Revenue": 82556000.0
    },
    "2022-12-31": {
        "Tax Effect Of Unusual Items": NaN,
        "Tax Rate For Calcs": NaN,
        "Normalized EBITDA": NaN,
        "Total Unusual Items": NaN,
        "Total Unusual Items Excluding Goodwill": NaN,
        "Net Income From Continuing Operation Net Minority Interest": NaN,
        "Reconciled Depreciation": NaN,
        "Reconciled Cost Of Revenue": NaN,
        "EBITDA": NaN,
        "EBIT": NaN,
        "Net Interest Income": NaN,
        "Normalized Income": NaN,
        "Net Income From Continuing And Discontinued Operation": NaN,
        "Total Expenses": NaN,
        "Total Operating Income As Reported": NaN,
        "Diluted Average Shares": 33195525.0,
        "Basic Average Shares": 32114857.0,
        "Diluted EPS": 0.15,
        "Basic EPS": 0.16,
        "Diluted NI Availto Com Stockholders": NaN,
        "Net Income Common Stockholders": NaN,
        "Net Income": NaN,
        "Minority Interests": NaN,
        "Net Income Including Noncontrolling Interests": NaN,
        "Net Income Continuous Operations": NaN,
        "Tax Provision": NaN,
        "Pretax Income": NaN,
        "Other Income Expense": 3129000.0,
        "Special Income Charges": NaN,
        "Other Special Charges": -3831000.0,
        "Restructuring And Mergern Acquisition": 72000.0,
        "Net Non Operating Interest Income Expense": NaN,
        "Total Other Finance Cost": NaN,
        "Operating Income": NaN,
        "Operating Expense": NaN,
        "Other Operating Expenses": NaN,
        "Depreciation Amortization Depletion Income Statement": NaN,
        "Depreciation And Amortization In Income Statement": NaN,
        "Selling General And Administration": NaN,
        "General And Administrative Expense": NaN,
        "Other Gand A": NaN,
        "Salaries And Wages": NaN,
        "Gross Profit": NaN,
        "Cost Of Revenue": NaN,
        "Total Revenue": NaN,
        "Operating Revenue": NaN
    },
    "2022-09-30": {
        "Tax Effect Of Unusual Items": NaN,
        "Tax Rate For Calcs": NaN,
        "Normalized EBITDA": NaN,
        "Total Unusual Items": NaN,
        "Total Unusual Items Excluding Goodwill": NaN,
        "Net Income From Continuing Operation Net Minority Interest": NaN,
        "Reconciled Depreciation": NaN,
        "Reconciled Cost Of Revenue": NaN,
        "EBITDA": NaN,
        "EBIT": NaN,
        "Net Interest Income": NaN,
        "Normalized Income": NaN,
        "Net Income From Continuing And Discontinued Operation": NaN,
        "Total Expenses": NaN,
        "Total Operating Income As Reported": NaN,
        "Diluted Average Shares": NaN,
        "Basic Average Shares": NaN,
        "Diluted EPS": NaN,
        "Basic EPS": NaN,
        "Diluted NI Availto Com Stockholders": NaN,
        "Net Income Common Stockholders": NaN,
        "Net Income": NaN,
        "Minority Interests": NaN,
        "Net Income Including Noncontrolling Interests": NaN,
        "Net Income Continuous Operations": NaN,
        "Tax Provision": NaN,
        "Pretax Income": NaN,
        "Other Income Expense": -51000.0,
        "Special Income Charges": NaN,
        "Other Special Charges": 2684000.0,
        "Restructuring And Mergern Acquisition": 51000.0,
        "Net Non Operating Interest Income Expense": NaN,
        "Total Other Finance Cost": NaN,
        "Operating Income": NaN,
        "Operating Expense": NaN,
        "Other Operating Expenses": NaN,
        "Depreciation Amortization Depletion Income Statement": NaN,
        "Depreciation And Amortization In Income Statement": NaN,
        "Selling General And Administration": NaN,
        "General And Administrative Expense": NaN,
        "Other Gand A": NaN,
        "Salaries And Wages": 1001000.0,
        "Gross Profit": NaN,
        "Cost Of Revenue": NaN,
        "Total Revenue": NaN,
        "Operating Revenue": NaN
    },
    "2022-06-30": {
        "Tax Effect Of Unusual Items": -36244.0,
        "Tax Rate For Calcs": 0.164,
        "Normalized EBITDA": 8900000.0,
        "Total Unusual Items": -221000.0,
        "Total Unusual Items Excluding Goodwill": -221000.0,
        "Net Income From Continuing Operation Net Minority Interest": 4303000.0,
        "Reconciled Depreciation": 2926000.0,
        "Reconciled Cost Of Revenue": 64160000.0,
        "EBITDA": 8679000.0,
        "EBIT": 5753000.0,
        "Net Interest Income": -444000.0,
        "Interest Expense": 444000.0,
        "Normalized Income": 4487756.0,
        "Net Income From Continuing And Discontinued Operation": 4303000.0,
        "Total Expenses": 75151000.0,
        "Total Operating Income As Reported": 5753000.0,
        "Diluted Average Shares": 33959991.0,
        "Basic Average Shares": 32601203.0,
        "Diluted EPS": 0.13,
        "Basic EPS": 0.13,
        "Diluted NI Availto Com Stockholders": 4303000.0,
        "Net Income Common Stockholders": 4303000.0,
        "Net Income": 4303000.0,
        "Minority Interests": -137000.0,
        "Net Income Including Noncontrolling Interests": 4440000.0,
        "Net Income Continuous Operations": 4440000.0,
        "Tax Provision": 869000.0,
        "Pretax Income": 5309000.0,
        "Other Income Expense": -221000.0,
        "Special Income Charges": -221000.0,
        "Other Special Charges": 221000.0,
        "Impairment Of Capital Assets": NaN,
        "Restructuring And Mergern Acquisition": 0.0,
        "Net Non Operating Interest Income Expense": -444000.0,
        "Total Other Finance Cost": NaN,
        "Interest Expense Non Operating": 444000.0,
        "Operating Income": 5974000.0,
        "Operating Expense": 10991000.0,
        "Other Operating Expenses": NaN,
        "Depreciation Amortization Depletion Income Statement": 2926000.0,
        "Depreciation And Amortization In Income Statement": 2926000.0,
        "Selling General And Administration": 8065000.0,
        "General And Administrative Expense": 8065000.0,
        "Other Gand A": 8065000.0,
        "Salaries And Wages": NaN,
        "Gross Profit": 16965000.0,
        "Cost Of Revenue": 64160000.0,
        "Total Revenue": 81125000.0,
        "Operating Revenue": 81125000.0
    },
    "2022-03-31": {
        "Diluted EPS": 0.11,
        "Total Revenue": 74,
        "Gross Profit": 17,
        "Operating Income": 4,
        "EBIT": 7,
        "Net Income": 4
    },
    "2021-12-31": {
        "Diluted EPS": 0.18,
        "Total Revenue": 84,
        "Gross Profit": 21,
        "Operating Income": 6,
        "EBIT": 9,
        "Net Income": 6
    },
    "2021-09-30": {
        "Diluted EPS": 0.34,
        "Total Revenue": 72,
        "Gross Profit": 15,
        "Operating Income": 5,
        "EBIT": 8,
        "Net Income": 12
    },
    "2021-06-30": {
        "Diluted EPS": 0.41,
        "Total Revenue": 71,
        "Gross Profit": 18,
        "Operating Income": 8,
        "EBIT": 10,
        "Net Income": 14
    },
    "2021-03-31": {
        "Diluted EPS": 0.0,
        "Total Revenue": 50,
        "Gross Profit": 11,
        "Operating Income": 1,
        "EBIT": 4,
        "Net Income": 0
    },
    "2020-12-31": {
        "Diluted EPS": -0.15,
        "Total Revenue": 45,
        "Gross Profit": 8,
        "Operating Income": -4,
        "EBIT": -1,
        "Net Income": -4
    },
    "2020-09-30": {
        "Diluted EPS": -0.03,
        "Total Revenue": 40,
        "Gross Profit": 8,
        "Operating Income": 0,
        "EBIT": 3,
        "Net Income": -1
    },
    "2020-06-30": {
        "Diluted EPS": -0.1,
        "Total Revenue": 17,
        "Gross Profit": 0,
        "Operating Income": -5,
        "EBIT": -3,
        "Net Income": -3
    },
    "2020-03-31": {
        "Diluted EPS": -0.16,
        "Total Revenue": 41,
        "Gross Profit": 4,
        "Operating Income": -4,
        "EBIT": -2,
        "Net Income": -5
    },
    "2019-12-31": {
        "Diluted EPS": 0.66,
        "Total Revenue": 52,
        "Gross Profit": 10,
        "Operating Income": 10,
        "EBIT": 13,
        "Net Income": 20
    },
    "2019-09-30": {
        "Diluted EPS": 0.02,
        "Total Revenue": 22,
        "Gross Profit": 5,
        "Operating Income": 1,
        "EBIT": 2,
        "Net Income": 0
    },
    "2019-06-30": {
        "Diluted EPS": -0.01,
        "Total Revenue": 24,
        "Gross Profit": 4,
        "Operating Income": 0,
        "EBIT": 2,
        "Net Income": 0
    },
    "2019-03-31": {
        "Diluted EPS": 0.03,
        "Total Revenue": 23,
        "Gross Profit": 5,
        "Operating Income": 1,
        "EBIT": 2,
        "Net Income": 1
    },
    "2018-12-31": {
        "Diluted EPS": 0.11,
        "Total Revenue": 26,
        "Gross Profit": 8,
        "Operating Income": 4,
        "EBIT": 5,
        "Net Income": 3
    },
    "2018-09-30": {
        "Diluted EPS": -0.01,
        "Total Revenue": 20,
        "Gross Profit": 4,
        "Operating Income": 0,
        "EBIT": 1,
        "Net Income": 0
    },
    "2018-06-30": {
        "Diluted EPS": 0.01,
        "Total Revenue": 20,
        "Gross Profit": 5,
        "Operating Income": 1,
        "EBIT": 2,
        "Net Income": 0
    },
    "2018-03-31": {
        "Diluted EPS": 0.01,
        "Total Revenue": 20,
        "Gross Profit": 4,
        "Operating Income": 0,
        "EBIT": 1,
        "Net Income": 0
    },
    "2017-12-31": {
        "Diluted EPS": -0.01,
        "Total Revenue": 22,
        "Gross Profit": 6,
        "Operating Income": 0,
        "EBIT": 0,
        "Net Income": 0
    },
    "2017-09-30": {
        "Diluted EPS": -0.05,
        "Total Revenue": 18,
        "Gross Profit": 3,
        "Operating Income": -1,
        "EBIT": 0,
        "Net Income": -1
    },
    "2017-06-30": {
        "Diluted EPS": -0.09,
        "Total Revenue": 20,
        "Gross Profit": 4,
        "Operating Income": -2,
        "EBIT": -1,
        "Net Income": -2
    },
    "2017-03-31": {
        "Diluted EPS": -0.02,
        "Total Revenue": 20,
        "Gross Profit": 4,
        "Operating Income": 0,
        "EBIT": 1,
        "Net Income": 0
    },
    "2016-12-31": {
        "Diluted EPS": -0.64,
        "Total Revenue": 20,
        "Gross Profit": 20,
        "Operating Income": -2,
        "EBIT": -2,
        "Net Income": -16
    },
    "2016-09-30": {
        "Diluted EPS": 0.06,
        "Total Revenue": 18,
        "Gross Profit": 18,
        "Operating Income": -2,
        "EBIT": -2,
        "Net Income": 1
    },
    "2016-06-30": {
        "Diluted EPS": -0.06,
        "Total Revenue": 17,
        "Gross Profit": 17,
        "Operating Income": -1,
        "EBIT": 0,
        "Net Income": -2
    },
    "2016-03-31": {
        "Diluted EPS": -0.02,
        "Total Revenue": 16,
        "Gross Profit": 16,
        "Operating Income": 0,
        "EBIT": 0,
        "Net Income": 0
    },
    "2015-12-31": {
        "Diluted EPS": 0.06,
        "Total Revenue": 19,
        "Gross Profit": 19,
        "Operating Income": -5,
        "EBIT": -4,
        "Net Income": 2
    },
    "2015-09-30": {
        "Diluted EPS": -0.08,
        "Total Revenue": 15,
        "Gross Profit": 15,
        "Operating Income": -2,
        "EBIT": -2,
        "Net Income": -2
    },
    "2015-06-30": {
        "Diluted EPS": 0.34,
        "Total Revenue": 15,
        "Gross Profit": 15,
        "Operating Income": -1,
        "EBIT": -1,
        "Net Income": 8
    },
    "2015-03-31": {
        "Diluted EPS": -0.04,
        "Total Revenue": 12,
        "Gross Profit": 12,
        "Operating Income": -2,
        "EBIT": -1,
        "Net Income": -1
    },
    "2014-12-31": {
        "Diluted EPS": 0.07,
        "Total Revenue": 14,
        "Gross Profit": 14,
        "Operating Income": -1,
        "EBIT": -1,
        "Net Income": 2
    },
    "2014-09-30": {
        "Diluted EPS": 0.03,
        "Total Revenue": 12,
        "Gross Profit": 12,
        "Operating Income": 1,
        "EBIT": 1,
        "Net Income": 1
    },
    "2014-06-30": {
        "Diluted EPS": 0.12,
        "Total Revenue": 12,
        "Gross Profit": 12,
        "Operating Income": 1,
        "EBIT": 1,
        "Net Income": 3
    },
    "2014-03-31": {
        "Diluted EPS": -0.03,
        "Total Revenue": 10,
        "Gross Profit": 10,
        "Operating Income": 0,
        "EBIT": 1,
        "Net Income": -1
    },
    "2013-12-31": {
        "Diluted EPS": -1.26,
        "Total Revenue": 11,
        "Gross Profit": 11,
        "Operating Income": -9,
        "EBIT": -10,
        "Net Income": -19
    },
    "2013-09-30": {
        "Diluted EPS": -0.2,
        "Total Revenue": 11,
        "Gross Profit": 11,
        "Operating Income": 1,
        "EBIT": 1,
        "Net Income": -2
    },
    "2013-06-30": {
        "Diluted EPS": -0.04,
        "Total Revenue": 11,
        "Gross Profit": 11,
        "Operating Income": 1,
        "EBIT": 2,
        "Net Income": 0
    },
    "2013-03-31": {
        "Diluted EPS": 0.01,
        "Total Revenue": 11,
        "Gross Profit": 11,
        "Operating Income": 2,
        "EBIT": 2,
        "Net Income": 0
    },
    "2012-12-31": {
        "Diluted EPS": -0.18,
        "Total Revenue": NaN,
        "Gross Profit": NaN,
        "Operating Income": -57,
        "EBIT": -57,
        "Net Income": -2
    },
    "2012-09-30": {
        "Diluted EPS": -0.01,
        "Total Revenue": NaN,
        "Gross Profit": NaN,
        "Operating Income": 0,
        "EBIT": 0,
        "Net Income": 0
    },
    "2012-06-30": {
        "Diluted EPS": -0.01,
        "Total Revenue": NaN,
        "Gross Profit": NaN,
        "Operating Income": 0,
        "EBIT": 0,
        "Net Income": 0
    },
    "2012-03-31": {
        "Diluted EPS": -0.0,
        "Total Revenue": NaN,
        "Gross Profit": NaN,
        "Operating Income": 0,
        "EBIT": 0,
        "Net Income": 0
    },
    "2011-12-31": {
        "Diluted EPS": -0.04,
        "Total Revenue": NaN,
        "Gross Profit": NaN,
        "Operating Income": 0,
        "EBIT": 0,
        "Net Income": 0
    },
    "2011-09-30": {
        "Diluted EPS": 0.0,
        "Total Revenue": NaN,
        "Gross Profit": NaN,
        "Operating Income": 0,
        "EBIT": 0,
        "Net Income": 0
    },
    "2011-06-30": {
        "Diluted EPS": 0.0,
        "Total Revenue": NaN,
        "Gross Profit": NaN,
        "Operating Income": 0,
        "EBIT": 0,
        "Net Income": 0
    },
    "2011-03-31": {
        "Diluted EPS": -0.0,
        "Total Revenue": NaN,
        "Gross Profit": NaN,
        "Operating Income": 0,
        "EBIT": 0,
        "Net Income": 0
    },
    "2023-06-30": {
        "Tax Effect Of Unusual Items": 0.0,
        "Tax Rate For Calcs": 0.21,
        "Normalized EBITDA": 5551000.0,
        "Total Unusual Items": 0.0,
        "Total Unusual Items Excluding Goodwill": 0.0,
        "Net Income From Continuing Operation Net Minority Interest": 568000.0,
        "Reconciled Depreciation": 3506000.0,
        "Reconciled Cost Of Revenue": 67999000.0,
        "EBITDA": 5551000.0,
        "EBIT": 2045000.0,
        "Net Interest Income": -1642000.0,
        "Normalized Income": 568000.0,
        "Net Income From Continuing And Discontinued Operation": 568000.0,
        "Total Expenses": 81348000.0,
        "Total Operating Income As Reported": 2045000.0,
        "Diluted Average Shares": 32673457.0,
        "Basic Average Shares": 31782783.0,
        "Diluted EPS": 0.02,
        "Basic EPS": 0.02,
        "Diluted NI Availto Com Stockholders": 568000.0,
        "Net Income Common Stockholders": 568000.0,
        "Net Income": 568000.0,
        "Minority Interests": 152000.0,
        "Net Income Including Noncontrolling Interests": 416000.0,
        "Net Income Continuous Operations": 416000.0,
        "Tax Provision": -13000.0,
        "Pretax Income": 403000.0,
        "Other Income Expense": NaN,
        "Special Income Charges": 0.0,
        "Other Special Charges": NaN,
        "Restructuring And Mergern Acquisition": NaN,
        "Net Non Operating Interest Income Expense": -1642000.0,
        "Total Other Finance Cost": 1642000.0,
        "Operating Income": 2045000.0,
        "Operating Expense": 13349000.0,
        "Other Operating Expenses": 1804000.0,
        "Depreciation Amortization Depletion Income Statement": 3506000.0,
        "Depreciation And Amortization In Income Statement": 3506000.0,
        "Selling General And Administration": 8039000.0,
        "General And Administrative Expense": 8039000.0,
        "Other Gand A": 6805000.0,
        "Salaries And Wages": 1234000.0,
        "Gross Profit": 15394000.0,
        "Cost Of Revenue": 67999000.0,
        "Total Revenue": 83393000.0,
        "Operating Revenue": 83393000.0
    },
    "2023-09-30": {
        "Tax Effect Of Unusual Items": 0.0,
        "Tax Rate For Calcs": 0.103363,
        "Normalized EBITDA": 1777000.0,
        "Total Unusual Items": 0.0,
        "Total Unusual Items Excluding Goodwill": 0.0,
        "Net Income From Continuing Operation Net Minority Interest": -3098000.0,
        "Reconciled Depreciation": 3732000.0,
        "Reconciled Cost Of Revenue": 64602000.0,
        "EBITDA": 1777000.0,
        "EBIT": -1955000.0,
        "Net Interest Income": -1673000.0,
        "Normalized Income": -3098000.0,
        "Net Income From Continuing And Discontinued Operation": -3098000.0,
        "Total Expenses": 78839000.0,
        "Total Operating Income As Reported": -1955000.0,
        "Diluted Average Shares": 31515011.0,
        "Basic Average Shares": 31515011.0,
        "Diluted EPS": -0.1,
        "Basic EPS": -0.1,
        "Diluted NI Availto Com Stockholders": -3098000.0,
        "Net Income Common Stockholders": -3098000.0,
        "Net Income": -3098000.0,
        "Minority Interests": 155000.0,
        "Net Income Including Noncontrolling Interests": -3253000.0,
        "Net Income Continuous Operations": -3253000.0,
        "Tax Provision": -375000.0,
        "Pretax Income": -3628000.0,
        "Other Income Expense": NaN,
        "Special Income Charges": 0.0,
        "Other Special Charges": NaN,
        "Restructuring And Mergern Acquisition": NaN,
        "Net Non Operating Interest Income Expense": -1673000.0,
        "Total Other Finance Cost": 1673000.0,
        "Operating Income": -1955000.0,
        "Operating Expense": 14237000.0,
        "Other Operating Expenses": 3225000.0,
        "Depreciation Amortization Depletion Income Statement": 3732000.0,
        "Depreciation And Amortization In Income Statement": 3732000.0,
        "Selling General And Administration": 7280000.0,
        "General And Administrative Expense": 7280000.0,
        "Other Gand A": 6036000.0,
        "Salaries And Wages": 1244000.0,
        "Gross Profit": 12282000.0,
        "Cost Of Revenue": 64602000.0,
        "Total Revenue": 76884000.0,
        "Operating Revenue": 76884000.0
    },
    "2023-12-31": {
        "Tax Effect Of Unusual Items": -1903020.0,
        "Tax Rate For Calcs": 0.21,
        "Normalized EBITDA": 27820000.0,
        "Total Unusual Items": -9062000.0,
        "Total Unusual Items Excluding Goodwill": -9062000.0,
        "Net Income From Continuing Operation Net Minority Interest": 4642000.0,
        "Reconciled Depreciation": 4770000.0,
        "Reconciled Cost Of Revenue": 68694000.0,
        "EBITDA": 18758000.0,
        "EBIT": 13988000.0,
        "Net Interest Income": -1926000.0,
        "Normalized Income": 11800980.0,
        "Net Income From Continuing And Discontinued Operation": 4642000.0,
        "Total Expenses": 75948000.0,
        "Total Operating Income As Reported": 4926000.0,
        "Diluted Average Shares": NaN,
        "Basic Average Shares": NaN,
        "Diluted EPS": NaN,
        "Basic EPS": NaN,
        "Diluted NI Availto Com Stockholders": 4642000.0,
        "Net Income Common Stockholders": 4642000.0,
        "Net Income": 4642000.0,
        "Minority Interests": 109000.0,
        "Net Income Including Noncontrolling Interests": 4533000.0,
        "Net Income Continuous Operations": 4533000.0,
        "Tax Provision": -1533000.0,
        "Pretax Income": 3000000.0,
        "Other Income Expense": NaN,
        "Special Income Charges": -9062000.0,
        "Other Special Charges": NaN,
        "Restructuring And Mergern Acquisition": NaN,
        "Net Non Operating Interest Income Expense": -1926000.0,
        "Total Other Finance Cost": 1926000.0,
        "Operating Income": 13988000.0,
        "Operating Expense": 7254000.0,
        "Other Operating Expenses": -5464000.0,
        "Depreciation Amortization Depletion Income Statement": 4770000.0,
        "Depreciation And Amortization In Income Statement": 4770000.0,
        "Selling General And Administration": 7948000.0,
        "General And Administrative Expense": 7948000.0,
        "Other Gand A": 11746000.0,
        "Salaries And Wages": NaN,
        "Gross Profit": 21242000.0,
        "Cost Of Revenue": 68694000.0,
        "Total Revenue": 89936000.0,
        "Operating Revenue": 89936000.0
    },
    "2024-03-31": {
        "Tax Effect Of Unusual Items": -439263.0,
        "Tax Rate For Calcs": 0.099,
        "Normalized EBITDA": 13514000.0,
        "Total Unusual Items": -4437000.0,
        "Total Unusual Items Excluding Goodwill": -4437000.0,
        "Net Income From Continuing Operation Net Minority Interest": -2069000.0,
        "Reconciled Depreciation": 5260000.0,
        "Reconciled Cost Of Revenue": 68352000.0,
        "EBITDA": 9077000.0,
        "EBIT": 3817000.0,
        "Net Interest Income": -2078000.0,
        "Normalized Income": 1928737.0,
        "Net Income From Continuing And Discontinued Operation": -2069000.0,
        "Total Expenses": 81178000.0,
        "Total Operating Income As Reported": -620000.0,
        "Diluted Average Shares": 31306417.0,
        "Basic Average Shares": 31306417.0,
        "Diluted EPS": -0.07,
        "Basic EPS": -0.07,
        "Diluted NI Availto Com Stockholders": -2069000.0,
        "Net Income Common Stockholders": -2069000.0,
        "Net Income": -2069000.0,
        "Minority Interests": 361000.0,
        "Net Income Including Noncontrolling Interests": -2430000.0,
        "Net Income Continuous Operations": -2430000.0,
        "Tax Provision": -268000.0,
        "Pretax Income": -2698000.0,
        "Other Income Expense": -4437000.0,
        "Special Income Charges": -4437000.0,
        "Other Special Charges": 2914000.0,
        "Restructuring And Mergern Acquisition": 1523000.0,
        "Net Non Operating Interest Income Expense": -2078000.0,
        "Total Other Finance Cost": 2078000.0,
        "Operating Income": 3817000.0,
        "Operating Expense": 12826000.0,
        "Other Operating Expenses": 32000.0,
        "Depreciation Amortization Depletion Income Statement": 5260000.0,
        "Depreciation And Amortization In Income Statement": 5260000.0,
        "Selling General And Administration": 7534000.0,
        "General And Administrative Expense": 7534000.0,
        "Other Gand A": 6176000.0,
        "Salaries And Wages": 1358000.0,
        "Gross Profit": 16643000.0,
        "Cost Of Revenue": 68352000.0,
        "Total Revenue": 84995000.0,
        "Operating Revenue": 84995000.0
    }
}