{
    "2023-03-31": {
        "Tax Effect Of Unusual Items": 1465990.453461,
        "Tax Rate For Calcs": 0.225537,
        "Normalized EBITDA": 170700000.0,
        "Total Unusual Items": 6500000.0,
        "Total Unusual Items Excluding Goodwill": 6500000.0,
        "Net Income From Continuing Operation Net Minority Interest": 64900000.0,
        "Reconciled Depreciation": 72700000.0,
        "Reconciled Cost Of Revenue": 879200000.0,
        "EBITDA": 177200000.0,
        "EBIT": 104500000.0,
        "Net Interest Income": -21600000.0,
        "Interest Expense": 20700000.0,
        "Normalized Income": 59865990.453461,
        "Net Income From Continuing And Discontinued Operation": 64900000.0,
        "Total Expenses": 1440200000.0,
        "Diluted Average Shares": 110927669.0,
        "Basic Average Shares": 110890785.0,
        "Diluted EPS": 0.59,
        "Basic EPS": 0.59,
        "Diluted NI Availto Com Stockholders": 64900000.0,
        "Net Income Common Stockholders": 64900000.0,
        "Net Income": 64900000.0,
        "Net Income Including Noncontrolling Interests": 64900000.0,
        "Net Income Continuous Operations": 64900000.0,
        "Tax Provision": 18900000.0,
        "Pretax Income": 83800000.0,
        "Other Income Expense": 6400000.0,
        "Other Non Operating Income Expenses": -100000.0,
        "Special Income Charges": 2500000.0,
        "Impairment Of Capital Assets": -2500000.0,
        "Earnings From Equity Interest": NaN,
        "Gain On Sale Of Security": 4000000.0,
        "Net Non Operating Interest Income Expense": -21600000.0,
        "Total Other Finance Cost": 900000.0,
        "Interest Expense Non Operating": 20700000.0,
        "Operating Income": 99000000.0,
        "Operating Expense": 561000000.0,
        "Depreciation Amortization Depletion Income Statement": 72700000.0,
        "Depreciation And Amortization In Income Statement": 72700000.0,
        "Amortization": 26300000.0,
        "Amortization Of Intangibles Income Statement": 26300000.0,
        "Depreciation Income Statement": 46400000.0,
        "Selling General And Administration": 488300000.0,
        "Gross Profit": 660000000.0,
        "Cost Of Revenue": 879200000.0,
        "Total Revenue": 1539200000.0,
        "Operating Revenue": 1539200000.0
    },
    "2022-12-31": {
        "Tax Effect Of Unusual Items": 2360429.447853,
        "Tax Rate For Calcs": 0.248466,
        "Normalized EBITDA": 184600000.0,
        "Total Unusual Items": 9500000.0,
        "Total Unusual Items Excluding Goodwill": 9500000.0,
        "Net Income From Continuing Operation Net Minority Interest": 73500000.0,
        "Reconciled Depreciation": 73200000.0,
        "Reconciled Cost Of Revenue": 893000000.0,
        "EBITDA": 194100000.0,
        "EBIT": 120900000.0,
        "Net Interest Income": -20600000.0,
        "Interest Expense": 23100000.0,
        "Normalized Income": 66360429.447853,
        "Net Income From Continuing And Discontinued Operation": 73500000.0,
        "Total Expenses": 1405600000.0,
        "Diluted Average Shares": 110915844.0,
        "Basic Average Shares": 110809020.0,
        "Diluted EPS": 0.66,
        "Basic EPS": 0.663303,
        "Diluted NI Availto Com Stockholders": 73500000.0,
        "Net Income Common Stockholders": 73500000.0,
        "Net Income": 73500000.0,
        "Net Income Including Noncontrolling Interests": 73500000.0,
        "Net Income Continuous Operations": 73500000.0,
        "Tax Provision": 24300000.0,
        "Pretax Income": 97800000.0,
        "Other Income Expense": 10500000.0,
        "Other Non Operating Income Expenses": NaN,
        "Special Income Charges": 7400000.0,
        "Impairment Of Capital Assets": -1800000.0,
        "Gain On Sale Of Security": 2100000.0,
        "Net Non Operating Interest Income Expense": -20600000.0,
        "Total Other Finance Cost": 3100000.0,
        "Interest Expense Non Operating": 23100000.0,
        "Operating Income": 107900000.0,
        "Operating Expense": 512600000.0,
        "Depreciation Amortization Depletion Income Statement": 73200000.0,
        "Depreciation And Amortization In Income Statement": 73200000.0,
        "Amortization": 27500000.0,
        "Amortization Of Intangibles Income Statement": 27500000.0,
        "Depreciation Income Statement": 45700000.0,
        "Selling General And Administration": 439400000.0,
        "Gross Profit": 620500000.0,
        "Cost Of Revenue": 893000000.0,
        "Total Revenue": 1513500000.0,
        "Operating Revenue": 1513500000.0
    },
    "2022-09-30": {
        "Tax Effect Of Unusual Items": NaN,
        "Tax Rate For Calcs": NaN,
        "Normalized EBITDA": NaN,
        "Total Unusual Items": NaN,
        "Total Unusual Items Excluding Goodwill": NaN,
        "Net Income From Continuing Operation Net Minority Interest": NaN,
        "Reconciled Depreciation": NaN,
        "Reconciled Cost Of Revenue": NaN,
        "EBITDA": NaN,
        "EBIT": NaN,
        "Net Interest Income": NaN,
        "Interest Expense": NaN,
        "Normalized Income": NaN,
        "Net Income From Continuing And Discontinued Operation": NaN,
        "Total Expenses": NaN,
        "Diluted Average Shares": NaN,
        "Basic Average Shares": NaN,
        "Diluted EPS": NaN,
        "Basic EPS": NaN,
        "Diluted NI Availto Com Stockholders": NaN,
        "Net Income Common Stockholders": NaN,
        "Net Income": NaN,
        "Net Income Including Noncontrolling Interests": NaN,
        "Net Income Continuous Operations": NaN,
        "Tax Provision": NaN,
        "Pretax Income": NaN,
        "Other Income Expense": NaN,
        "Other Non Operating Income Expenses": NaN,
        "Special Income Charges": NaN,
        "Impairment Of Capital Assets": NaN,
        "Earnings From Equity Interest": 700000.0,
        "Gain On Sale Of Security": NaN,
        "Net Non Operating Interest Income Expense": NaN,
        "Total Other Finance Cost": NaN,
        "Interest Expense Non Operating": NaN,
        "Operating Income": NaN,
        "Operating Expense": NaN,
        "Depreciation Amortization Depletion Income Statement": NaN,
        "Depreciation And Amortization In Income Statement": NaN,
        "Amortization": NaN,
        "Amortization Of Intangibles Income Statement": NaN,
        "Depreciation Income Statement": NaN,
        "Selling General And Administration": NaN,
        "Gross Profit": NaN,
        "Cost Of Revenue": NaN,
        "Total Revenue": NaN,
        "Operating Revenue": NaN
    },
    "2022-06-30": {
        "Tax Effect Of Unusual Items": -965617.128463,
        "Tax Rate For Calcs": 0.235516,
        "Normalized EBITDA": 169400000.0,
        "Total Unusual Items": -4100000.0,
        "Total Unusual Items Excluding Goodwill": -4100000.0,
        "Net Income From Continuing Operation Net Minority Interest": 60700000.0,
        "Reconciled Depreciation": 70500000.0,
        "Reconciled Cost Of Revenue": 773900000.0,
        "EBITDA": 165300000.0,
        "EBIT": 94800000.0,
        "Net Interest Income": -16500000.0,
        "Interest Expense": 15400000.0,
        "Normalized Income": 63834382.871537,
        "Net Income From Continuing And Discontinued Operation": 60700000.0,
        "Total Expenses": 1276000000.0,
        "Diluted Average Shares": 111054142.0,
        "Basic Average Shares": 110897590.0,
        "Diluted EPS": 0.55,
        "Basic EPS": 0.55,
        "Diluted NI Availto Com Stockholders": 60700000.0,
        "Net Income Common Stockholders": 60700000.0,
        "Net Income": 60700000.0,
        "Net Income Including Noncontrolling Interests": 60700000.0,
        "Net Income Continuous Operations": 60700000.0,
        "Tax Provision": 18700000.0,
        "Pretax Income": 79400000.0,
        "Other Income Expense": -4700000.0,
        "Other Non Operating Income Expenses": -8400000.0,
        "Special Income Charges": 2600000.0,
        "Impairment Of Capital Assets": -2600000.0,
        "Earnings From Equity Interest": -600000.0,
        "Gain On Sale Of Security": -6700000.0,
        "Net Non Operating Interest Income Expense": -16500000.0,
        "Total Other Finance Cost": 1100000.0,
        "Interest Expense Non Operating": 15400000.0,
        "Operating Income": 100600000.0,
        "Operating Expense": 502100000.0,
        "Depreciation Amortization Depletion Income Statement": 70500000.0,
        "Depreciation And Amortization In Income Statement": 70500000.0,
        "Amortization": 26200000.0,
        "Amortization Of Intangibles Income Statement": 26200000.0,
        "Depreciation Income Statement": 44300000.0,
        "Selling General And Administration": 431600000.0,
        "Gross Profit": 602700000.0,
        "Cost Of Revenue": 773900000.0,
        "Total Revenue": 1376600000.0,
        "Operating Revenue": 1376600000.0
    },
    "2022-03-31": {
        "Diluted EPS": 0.32,
        "Total Revenue": NaN,
        "Gross Profit": 448,
        "Operating Income": 57,
        "EBIT": 111,
        "Net Income": 35
    },
    "2021-12-31": {
        "Diluted EPS": 0.11,
        "Total Revenue": 940,
        "Gross Profit": 402,
        "Operating Income": 47,
        "EBIT": 95,
        "Net Income": 13
    },
    "2021-09-30": {
        "Diluted EPS": 0.5,
        "Total Revenue": 928,
        "Gross Profit": 403,
        "Operating Income": 78,
        "EBIT": 120,
        "Net Income": 56
    },
    "2021-06-30": {
        "Diluted EPS": 0.46,
        "Total Revenue": 923,
        "Gross Profit": 394,
        "Operating Income": 72,
        "EBIT": 117,
        "Net Income": 51
    },
    "2021-03-31": {
        "Diluted EPS": 0.36,
        "Total Revenue": 860,
        "Gross Profit": 368,
        "Operating Income": 56,
        "EBIT": 99,
        "Net Income": 40
    },
    "2020-12-31": {
        "Diluted EPS": 0.13,
        "Total Revenue": NaN,
        "Gross Profit": 350,
        "Operating Income": 64,
        "EBIT": 64,
        "Net Income": 14
    },
    "2020-09-30": {
        "Diluted EPS": 0.41,
        "Total Revenue": 884,
        "Gross Profit": 360,
        "Operating Income": 73,
        "EBIT": 73,
        "Net Income": 47
    },
    "2020-06-30": {
        "Diluted EPS": 0.34,
        "Total Revenue": 870,
        "Gross Profit": 353,
        "Operating Income": 62,
        "EBIT": 62,
        "Net Income": 38
    },
    "2020-03-31": {
        "Diluted EPS": 0.26,
        "Total Revenue": 712,
        "Gross Profit": 378,
        "Operating Income": 60,
        "EBIT": 60,
        "Net Income": 30
    },
    "2019-12-31": {
        "Diluted EPS": 0.29,
        "Total Revenue": 916,
        "Gross Profit": 368,
        "Operating Income": 57,
        "EBIT": 57,
        "Net Income": 32
    },
    "2019-09-30": {
        "Diluted EPS": 0.39,
        "Total Revenue": 941,
        "Gross Profit": 391,
        "Operating Income": 75,
        "EBIT": 75,
        "Net Income": 44
    },
    "2019-06-30": {
        "Diluted EPS": 0.33,
        "Total Revenue": 915,
        "Gross Profit": 387,
        "Operating Income": 63,
        "EBIT": 63,
        "Net Income": 37
    },
    "2019-03-31": {
        "Diluted EPS": 0.3,
        "Total Revenue": 866,
        "Gross Profit": 367,
        "Operating Income": 56,
        "EBIT": 56,
        "Net Income": 34
    },
    "2018-12-31": {
        "Diluted EPS": -0.08,
        "Total Revenue": 194,
        "Gross Profit": 326,
        "Operating Income": 54,
        "EBIT": 54,
        "Net Income": -9
    },
    "2018-09-30": {
        "Diluted EPS": -0.12,
        "Total Revenue": NaN,
        "Gross Profit": 352,
        "Operating Income": 53,
        "EBIT": 75,
        "Net Income": -14
    },
    "2018-06-30": {
        "Diluted EPS": 0.27,
        "Total Revenue": NaN,
        "Gross Profit": 361,
        "Operating Income": 46,
        "EBIT": 69,
        "Net Income": 31
    },
    "2018-03-31": {
        "Diluted EPS": 0.25,
        "Total Revenue": NaN,
        "Gross Profit": 362,
        "Operating Income": 49,
        "EBIT": 76,
        "Net Income": 29
    },
    "2017-12-31": {
        "Diluted EPS": 0.09,
        "Total Revenue": 983,
        "Gross Profit": 331,
        "Operating Income": 26,
        "EBIT": 48,
        "Net Income": 9
    },
    "2017-09-30": {
        "Diluted EPS": 0.32,
        "Total Revenue": NaN,
        "Gross Profit": 365,
        "Operating Income": 58,
        "EBIT": 88,
        "Net Income": 37
    },
    "2017-06-30": {
        "Diluted EPS": 0.63,
        "Total Revenue": 981,
        "Gross Profit": 356,
        "Operating Income": 52,
        "EBIT": 75,
        "Net Income": 73
    },
    "2017-03-31": {
        "Diluted EPS": -0.39,
        "Total Revenue": 964,
        "Gross Profit": 357,
        "Operating Income": 41,
        "EBIT": 69,
        "Net Income": -44
    },
    "2016-12-31": {
        "Diluted EPS": 0.2,
        "Total Revenue": 920,
        "Gross Profit": 332,
        "Operating Income": 36,
        "EBIT": 62,
        "Net Income": 22
    },
    "2016-09-30": {
        "Diluted EPS": 0.33,
        "Total Revenue": 964,
        "Gross Profit": 363,
        "Operating Income": 59,
        "EBIT": 88,
        "Net Income": 38
    },
    "2016-06-30": {
        "Diluted EPS": 0.16,
        "Total Revenue": 812,
        "Gross Profit": 324,
        "Operating Income": 33,
        "EBIT": 59,
        "Net Income": 16
    },
    "2016-03-31": {
        "Diluted EPS": 0.23,
        "Total Revenue": 551,
        "Gross Profit": 247,
        "Operating Income": 34,
        "EBIT": 49,
        "Net Income": 22
    },
    "2015-12-31": {
        "Diluted EPS": 0.2,
        "Total Revenue": 532,
        "Gross Profit": -57,
        "Operating Income": -258,
        "EBIT": -240,
        "Net Income": 19
    },
    "2015-09-30": {
        "Diluted EPS": 0.41,
        "Total Revenue": 575,
        "Gross Profit": 359,
        "Operating Income": 155,
        "EBIT": 203,
        "Net Income": 38
    },
    "2015-06-30": {
        "Diluted EPS": 0.37,
        "Total Revenue": 578,
        "Gross Profit": 355,
        "Operating Income": 140,
        "EBIT": 140,
        "Net Income": 35
    },
    "2015-03-31": {
        "Diluted EPS": 0.33,
        "Total Revenue": 589,
        "Gross Profit": 374,
        "Operating Income": 154,
        "EBIT": 154,
        "Net Income": 32
    },
    "2014-12-31": {
        "Diluted EPS": 0.32,
        "Total Revenue": 520,
        "Gross Profit": 401,
        "Operating Income": 191,
        "EBIT": 248,
        "Net Income": 31
    },
    "2014-09-30": {
        "Diluted EPS": 0.95,
        "Total Revenue": 620,
        "Gross Profit": 394,
        "Operating Income": 183,
        "EBIT": 183,
        "Net Income": 45
    },
    "2014-06-30": {
        "Diluted EPS": 0.43,
        "Total Revenue": 579,
        "Gross Profit": 358,
        "Operating Income": 150,
        "EBIT": 150,
        "Net Income": 40
    },
    "2014-03-31": {
        "Diluted EPS": 0.33,
        "Total Revenue": 526,
        "Gross Profit": 243,
        "Operating Income": 49,
        "EBIT": 49,
        "Net Income": 31
    },
    "2013-12-31": {
        "Diluted EPS": 0.35,
        "Total Revenue": 518,
        "Gross Profit": 126,
        "Operating Income": -75,
        "EBIT": -23,
        "Net Income": 32
    },
    "2013-09-30": {
        "Diluted EPS": 0.47,
        "Total Revenue": 555,
        "Gross Profit": 249,
        "Operating Income": 58,
        "EBIT": 58,
        "Net Income": 44
    },
    "2013-06-30": {
        "Diluted EPS": 0.4,
        "Total Revenue": 582,
        "Gross Profit": 277,
        "Operating Income": 80,
        "EBIT": 80,
        "Net Income": 37
    },
    "2013-03-31": {
        "Diluted EPS": 0.31,
        "Total Revenue": 511,
        "Gross Profit": 316,
        "Operating Income": 129,
        "EBIT": 142,
        "Net Income": 28
    },
    "2012-12-31": {
        "Diluted EPS": 0.34,
        "Total Revenue": 477,
        "Gross Profit": 304,
        "Operating Income": 127,
        "EBIT": 127,
        "Net Income": 31
    },
    "2012-09-30": {
        "Diluted EPS": 0.37,
        "Total Revenue": 398,
        "Gross Profit": 218,
        "Operating Income": 47,
        "EBIT": 47,
        "Net Income": 34
    },
    "2012-06-30": {
        "Diluted EPS": 0.34,
        "Total Revenue": 473,
        "Gross Profit": 293,
        "Operating Income": 125,
        "EBIT": 136,
        "Net Income": 31
    },
    "2012-03-31": {
        "Diluted EPS": 0.28,
        "Total Revenue": 437,
        "Gross Profit": 268,
        "Operating Income": 104,
        "EBIT": 115,
        "Net Income": 25
    },
    "2011-12-31": {
        "Diluted EPS": -0.73,
        "Total Revenue": 349,
        "Gross Profit": 196,
        "Operating Income": 43,
        "EBIT": 55,
        "Net Income": -66
    },
    "2011-09-30": {
        "Diluted EPS": 0.32,
        "Total Revenue": 349,
        "Gross Profit": 189,
        "Operating Income": 34,
        "EBIT": 68,
        "Net Income": 29
    },
    "2011-06-30": {
        "Diluted EPS": 0.29,
        "Total Revenue": 352,
        "Gross Profit": 193,
        "Operating Income": 38,
        "EBIT": 38,
        "Net Income": 26
    },
    "2011-03-31": {
        "Diluted EPS": 0.27,
        "Total Revenue": 427,
        "Gross Profit": 276,
        "Operating Income": 121,
        "EBIT": 121,
        "Net Income": 25
    },
    "2010-12-31": {
        "Diluted EPS": 0.27,
        "Total Revenue": 302,
        "Gross Profit": 170,
        "Operating Income": 27,
        "EBIT": -1,
        "Net Income": 24
    },
    "2010-09-30": {
        "Diluted EPS": 0.35,
        "Total Revenue": 383,
        "Gross Profit": 251,
        "Operating Income": 117,
        "EBIT": 127,
        "Net Income": 32
    },
    "2010-06-30": {
        "Diluted EPS": 0.25,
        "Total Revenue": 371,
        "Gross Profit": 240,
        "Operating Income": 110,
        "EBIT": 129,
        "Net Income": 23
    },
    "2010-03-31": {
        "Diluted EPS": 0.15,
        "Total Revenue": 371,
        "Gross Profit": 245,
        "Operating Income": 114,
        "EBIT": 114,
        "Net Income": 14
    },
    "2009-12-31": {
        "Diluted EPS": 0.24,
        "Total Revenue": 325,
        "Gross Profit": 75,
        "Operating Income": -45,
        "EBIT": -6,
        "Net Income": 22
    },
    "2009-09-30": {
        "Diluted EPS": -0.1,
        "Total Revenue": 350,
        "Gross Profit": 228,
        "Operating Income": 104,
        "EBIT": 104,
        "Net Income": -9
    },
    "2009-06-30": {
        "Diluted EPS": 0.23,
        "Total Revenue": 296,
        "Gross Profit": 115,
        "Operating Income": -7,
        "EBIT": -7,
        "Net Income": 21
    },
    "2009-03-31": {
        "Diluted EPS": 0.18,
        "Total Revenue": 276,
        "Gross Profit": 106,
        "Operating Income": -23,
        "EBIT": -23,
        "Net Income": 17
    },
    "2023-06-30": {
        "Tax Effect Of Unusual Items": 247136.563877,
        "Tax Rate For Calcs": 0.22467,
        "Normalized EBITDA": 206000000.0,
        "Total Unusual Items": 1100000.0,
        "Total Unusual Items Excluding Goodwill": 1100000.0,
        "Net Income From Continuing Operation Net Minority Interest": 88000000.0,
        "Reconciled Depreciation": 71300000.0,
        "Reconciled Cost Of Revenue": 944200000.0,
        "EBITDA": 207100000.0,
        "EBIT": 135800000.0,
        "Net Interest Income": -22900000.0,
        "Interest Expense": 22300000.0,
        "Normalized Income": 87147136.563877,
        "Net Income From Continuing And Discontinued Operation": 88000000.0,
        "Total Expenses": 1502800000.0,
        "Diluted Average Shares": 111015228.0,
        "Basic Average Shares": 111015228.0,
        "Diluted EPS": 0.79,
        "Basic EPS": 0.79,
        "Diluted NI Availto Com Stockholders": 88000000.0,
        "Net Income Common Stockholders": 88000000.0,
        "Net Income": 88000000.0,
        "Net Income Including Noncontrolling Interests": 88000000.0,
        "Net Income Continuous Operations": 88000000.0,
        "Tax Provision": 25500000.0,
        "Pretax Income": 113500000.0,
        "Other Income Expense": 1000000.0,
        "Other Non Operating Income Expenses": -100000.0,
        "Special Income Charges": -400000.0,
        "Impairment Of Capital Assets": 400000.0,
        "Earnings From Equity Interest": NaN,
        "Gain On Sale Of Security": 1500000.0,
        "Net Non Operating Interest Income Expense": -22900000.0,
        "Total Other Finance Cost": 600000.0,
        "Interest Expense Non Operating": 22300000.0,
        "Operating Income": 135400000.0,
        "Operating Expense": 558600000.0,
        "Depreciation Amortization Depletion Income Statement": 71300000.0,
        "Depreciation And Amortization In Income Statement": 71300000.0,
        "Amortization": 26400000.0,
        "Amortization Of Intangibles Income Statement": 26400000.0,
        "Depreciation Income Statement": 44900000.0,
        "Selling General And Administration": 487300000.0,
        "Gross Profit": 694000000.0,
        "Cost Of Revenue": 944200000.0,
        "Total Revenue": 1638200000.0,
        "Operating Revenue": 1638200000.0
    },
    "2023-09-30": {
        "Tax Effect Of Unusual Items": -765697.240865,
        "Tax Rate For Calcs": 0.225205,
        "Normalized EBITDA": 233100000.0,
        "Total Unusual Items": -3400000.0,
        "Total Unusual Items Excluding Goodwill": -3400000.0,
        "Net Income From Continuing Operation Net Minority Interest": 103900000.0,
        "Reconciled Depreciation": 70500000.0,
        "Reconciled Cost Of Revenue": 972100000.0,
        "EBITDA": 229700000.0,
        "EBIT": 159200000.0,
        "Net Interest Income": -26200000.0,
        "Interest Expense": 25100000.0,
        "Normalized Income": 106534302.759135,
        "Net Income From Continuing And Discontinued Operation": 103900000.0,
        "Total Expenses": 1529700000.0,
        "Diluted Average Shares": 110958545.0,
        "Basic Average Shares": 110958545.0,
        "Diluted EPS": 0.94,
        "Basic EPS": 0.94,
        "Diluted NI Availto Com Stockholders": 103900000.0,
        "Net Income Common Stockholders": 103900000.0,
        "Net Income": 103900000.0,
        "Net Income Including Noncontrolling Interests": 103900000.0,
        "Net Income Continuous Operations": 103900000.0,
        "Tax Provision": 30200000.0,
        "Pretax Income": 134100000.0,
        "Other Income Expense": -3200000.0,
        "Other Non Operating Income Expenses": 200000.0,
        "Special Income Charges": 800000.0,
        "Impairment Of Capital Assets": -800000.0,
        "Earnings From Equity Interest": NaN,
        "Gain On Sale Of Security": -4200000.0,
        "Net Non Operating Interest Income Expense": -26200000.0,
        "Total Other Finance Cost": 1100000.0,
        "Interest Expense Non Operating": 25100000.0,
        "Operating Income": 163500000.0,
        "Operating Expense": 557600000.0,
        "Depreciation Amortization Depletion Income Statement": 70500000.0,
        "Depreciation And Amortization In Income Statement": 70500000.0,
        "Amortization": 25600000.0,
        "Amortization Of Intangibles Income Statement": 25600000.0,
        "Depreciation Income Statement": 44900000.0,
        "Selling General And Administration": 487100000.0,
        "Gross Profit": 721100000.0,
        "Cost Of Revenue": 972100000.0,
        "Total Revenue": 1693200000.0,
        "Operating Revenue": 1693200000.0
    },
    "2023-12-31": {
        "Tax Effect Of Unusual Items": 513778.705637,
        "Tax Rate For Calcs": 0.223382,
        "Normalized EBITDA": 197200000.0,
        "Total Unusual Items": 2300000.0,
        "Total Unusual Items Excluding Goodwill": 2300000.0,
        "Net Income From Continuing Operation Net Minority Interest": 74400000.0,
        "Reconciled Depreciation": 69100000.0,
        "Reconciled Cost Of Revenue": 939400000.0,
        "EBITDA": 199500000.0,
        "EBIT": 130400000.0,
        "Net Interest Income": -22300000.0,
        "Interest Expense": 34600000.0,
        "Normalized Income": 72613778.705637,
        "Net Income From Continuing And Discontinued Operation": 74400000.0,
        "Total Expenses": 1491600000.0,
        "Diluted Average Shares": 114066995.0,
        "Basic Average Shares": 114066995.0,
        "Diluted EPS": 0.652248,
        "Basic EPS": 0.652248,
        "Diluted NI Availto Com Stockholders": 74400000.0,
        "Net Income Common Stockholders": 74400000.0,
        "Net Income": 74400000.0,
        "Net Income Including Noncontrolling Interests": 74400000.0,
        "Net Income Continuous Operations": 74400000.0,
        "Tax Provision": 21400000.0,
        "Pretax Income": 95800000.0,
        "Other Income Expense": 700000.0,
        "Other Non Operating Income Expenses": -1600000.0,
        "Special Income Charges": -3200000.0,
        "Impairment Of Capital Assets": 3200000.0,
        "Earnings From Equity Interest": NaN,
        "Gain On Sale Of Security": 5500000.0,
        "Net Non Operating Interest Income Expense": -22300000.0,
        "Total Other Finance Cost": -600000.0,
        "Interest Expense Non Operating": 34600000.0,
        "Operating Income": 117400000.0,
        "Operating Expense": 552200000.0,
        "Depreciation Amortization Depletion Income Statement": 69100000.0,
        "Depreciation And Amortization In Income Statement": 69100000.0,
        "Amortization": 23700000.0,
        "Amortization Of Intangibles Income Statement": 23700000.0,
        "Depreciation Income Statement": 45400000.0,
        "Selling General And Administration": 483100000.0,
        "Gross Profit": 669600000.0,
        "Cost Of Revenue": 939400000.0,
        "Total Revenue": 1609000000.0,
        "Operating Revenue": 1609000000.0
    },
    "2024-03-31": {
        "Tax Effect Of Unusual Items": 1235351.5625,
        "Tax Rate For Calcs": 0.224609,
        "Normalized EBITDA": 199200000.0,
        "Total Unusual Items": 5500000.0,
        "Total Unusual Items Excluding Goodwill": 5500000.0,
        "Net Income From Continuing Operation Net Minority Interest": 79400000.0,
        "Reconciled Depreciation": 78300000.0,
        "Reconciled Cost Of Revenue": 978900000.0,
        "EBITDA": 204700000.0,
        "EBIT": 126400000.0,
        "Net Interest Income": -24200000.0,
        "Interest Expense": 24000000.0,
        "Normalized Income": 75135351.5625,
        "Net Income From Continuing And Discontinued Operation": 79400000.0,
        "Total Expenses": 1600100000.0,
        "Diluted Average Shares": 114066995.0,
        "Basic Average Shares": 114066995.0,
        "Diluted EPS": 0.7,
        "Basic EPS": 0.7,
        "Diluted NI Availto Com Stockholders": 79400000.0,
        "Net Income Common Stockholders": 79400000.0,
        "Net Income": 79400000.0,
        "Net Income Including Noncontrolling Interests": 79400000.0,
        "Net Income Continuous Operations": 79400000.0,
        "Tax Provision": 23000000.0,
        "Pretax Income": 102400000.0,
        "Other Income Expense": 5300000.0,
        "Other Non Operating Income Expenses": -200000.0,
        "Special Income Charges": -400000.0,
        "Impairment Of Capital Assets": 400000.0,
        "Earnings From Equity Interest": NaN,
        "Gain On Sale Of Security": 5900000.0,
        "Net Non Operating Interest Income Expense": -24200000.0,
        "Total Other Finance Cost": 200000.0,
        "Interest Expense Non Operating": 24000000.0,
        "Operating Income": 121300000.0,
        "Operating Expense": 621200000.0,
        "Depreciation Amortization Depletion Income Statement": 78300000.0,
        "Depreciation And Amortization In Income Statement": 78300000.0,
        "Amortization": 31000000.0,
        "Amortization Of Intangibles Income Statement": 31000000.0,
        "Depreciation Income Statement": 47300000.0,
        "Selling General And Administration": 542900000.0,
        "Gross Profit": 742500000.0,
        "Cost Of Revenue": 978900000.0,
        "Total Revenue": 1721400000.0,
        "Operating Revenue": 1721400000.0
    }
}