{
    "2023-03-31": {
        "Tax Effect Of Unusual Items": 7949240.0,
        "Tax Rate For Calcs": 0.26,
        "Normalized EBITDA": 675101000.0,
        "Total Unusual Items": 30574000.0,
        "Total Unusual Items Excluding Goodwill": 30574000.0,
        "Net Income From Continuing Operation Net Minority Interest": 226639000.0,
        "Reconciled Depreciation": 212494000.0,
        "Reconciled Cost Of Revenue": 721277000.0,
        "EBITDA": 705675000.0,
        "EBIT": 493181000.0,
        "Net Interest Income": -765212000.0,
        "Interest Expense": 186369000.0,
        "Interest Income": 158427000.0,
        "Normalized Income": 204014240.0,
        "Net Income From Continuing And Discontinued Operation": 226639000.0,
        "Total Expenses": 1409253000.0,
        "Diluted Average Shares": NaN,
        "Basic Average Shares": 312748594.0,
        "Diluted EPS": 0.7,
        "Basic EPS": NaN,
        "Diluted NI Availto Com Stockholders": 226639000.0,
        "Net Income Common Stockholders": 226639000.0,
        "Net Income": 226639000.0,
        "Minority Interests": 949000.0,
        "Net Income Including Noncontrolling Interests": 225690000.0,
        "Net Income Continuous Operations": 225690000.0,
        "Tax Provision": 81122000.0,
        "Pretax Income": 306812000.0,
        "Other Income Expense": -71952000.0,
        "Other Non Operating Income Expenses": -101504000.0,
        "Earnings From Equity Interest": -1022000.0,
        "Gain On Sale Of Security": 30574000.0,
        "Net Non Operating Interest Income Expense": -765212000.0,
        "Total Other Finance Cost": 737270000.0,
        "Interest Expense Non Operating": 186369000.0,
        "Interest Income Non Operating": 158427000.0,
        "Operating Income": 1143976000.0,
        "Operating Expense": 687976000.0,
        "Selling General And Administration": 687976000.0,
        "Selling And Marketing Expense": 389928000.0,
        "General And Administrative Expense": 298048000.0,
        "Other Gand A": 298048000.0,
        "Gross Profit": 1831952000.0,
        "Cost Of Revenue": 721277000.0,
        "Total Revenue": 2553229000.0,
        "Operating Revenue": 2553229000.0
    },
    "2022-12-31": {
        "Tax Effect Of Unusual Items": -38923880.0,
        "Tax Rate For Calcs": 0.34,
        "Normalized EBITDA": 1380200000.0,
        "Total Unusual Items": -114482000.0,
        "Total Unusual Items Excluding Goodwill": -114482000.0,
        "Net Income From Continuing Operation Net Minority Interest": 78847000.0,
        "Reconciled Depreciation": 214758000.0,
        "Reconciled Cost Of Revenue": 697956000.0,
        "EBITDA": 1265718000.0,
        "EBIT": 1050960000.0,
        "Net Interest Income": -779434000.0,
        "Interest Expense": 911513000.0,
        "Interest Income": 132079000.0,
        "Normalized Income": 154405120.0,
        "Net Income From Continuing And Discontinued Operation": 78847000.0,
        "Total Expenses": 1431262000.0,
        "Diluted Average Shares": 312639827.0,
        "Basic Average Shares": 312639827.0,
        "Diluted EPS": 0.252047,
        "Basic EPS": 0.252047,
        "Diluted NI Availto Com Stockholders": 78847000.0,
        "Net Income Common Stockholders": 78847000.0,
        "Net Income": 78847000.0,
        "Minority Interests": 12000.0,
        "Net Income Including Noncontrolling Interests": 78835000.0,
        "Net Income Continuous Operations": 78835000.0,
        "Tax Provision": 60612000.0,
        "Pretax Income": 139447000.0,
        "Other Income Expense": -223876000.0,
        "Other Non Operating Income Expenses": -109049000.0,
        "Earnings From Equity Interest": -345000.0,
        "Gain On Sale Of Security": -114482000.0,
        "Net Non Operating Interest Income Expense": -779434000.0,
        "Total Other Finance Cost": NaN,
        "Interest Expense Non Operating": 911513000.0,
        "Interest Income Non Operating": 132079000.0,
        "Operating Income": 1142757000.0,
        "Operating Expense": 733306000.0,
        "Selling General And Administration": 733306000.0,
        "Selling And Marketing Expense": 406147000.0,
        "General And Administrative Expense": 327159000.0,
        "Other Gand A": 327159000.0,
        "Gross Profit": 1876063000.0,
        "Cost Of Revenue": 697956000.0,
        "Total Revenue": 2574019000.0,
        "Operating Revenue": 2574019000.0
    },
    "2022-09-30": {
        "Tax Effect Of Unusual Items": 22345233.26572,
        "Tax Rate For Calcs": 0.200406,
        "Normalized EBITDA": 1279100000.0,
        "Total Unusual Items": 111500000.0,
        "Total Unusual Items Excluding Goodwill": 111500000.0,
        "Net Income From Continuing Operation Net Minority Interest": 197100000.0,
        "Reconciled Depreciation": 203800000.0,
        "Reconciled Cost Of Revenue": 671300000.0,
        "EBITDA": 1390600000.0,
        "EBIT": 1186800000.0,
        "Net Interest Income": -787600000.0,
        "Interest Expense": 940300000.0,
        "Interest Income": 152700000.0,
        "Normalized Income": 107945233.26572,
        "Net Income From Continuing And Discontinued Operation": 197100000.0,
        "Total Expenses": 1340600000.0,
        "Diluted Average Shares": 312396238.0,
        "Basic Average Shares": 312396238.0,
        "Diluted EPS": 0.62,
        "Basic EPS": 0.65,
        "Diluted NI Availto Com Stockholders": 197100000.0,
        "Net Income Common Stockholders": 197100000.0,
        "Net Income": 197100000.0,
        "Minority Interests": 5097000.0,
        "Net Income Including Noncontrolling Interests": 197100000.0,
        "Net Income Continuous Operations": 197100000.0,
        "Tax Provision": 49400000.0,
        "Pretax Income": 246500000.0,
        "Other Income Expense": 19000000.0,
        "Other Non Operating Income Expenses": -91300000.0,
        "Earnings From Equity Interest": -1200000.0,
        "Gain On Sale Of Security": 111500000.0,
        "Net Non Operating Interest Income Expense": -787600000.0,
        "Total Other Finance Cost": NaN,
        "Interest Expense Non Operating": 940300000.0,
        "Interest Income Non Operating": 152700000.0,
        "Operating Income": 1015200000.0,
        "Operating Expense": 669300000.0,
        "Selling General And Administration": 669300000.0,
        "Selling And Marketing Expense": 385400000.0,
        "General And Administrative Expense": 283900000.0,
        "Other Gand A": 283900000.0,
        "Gross Profit": 1684500000.0,
        "Cost Of Revenue": 671300000.0,
        "Total Revenue": 2355800000.0,
        "Operating Revenue": 2355800000.0
    },
    "2022-06-30": {
        "Tax Effect Of Unusual Items": -340031600.0,
        "Tax Rate For Calcs": 0.4,
        "Normalized EBITDA": 1936670000.0,
        "Total Unusual Items": -850079000.0,
        "Total Unusual Items Excluding Goodwill": -850079000.0,
        "Net Income From Continuing Operation Net Minority Interest": -800614000.0,
        "Reconciled Depreciation": 196881000.0,
        "Reconciled Cost Of Revenue": 1300538000.0,
        "EBITDA": 1086591000.0,
        "EBIT": 889710000.0,
        "Net Interest Income": -1375103000.0,
        "Interest Expense": 1662958000.0,
        "Interest Income": 287855000.0,
        "Normalized Income": -290566600.0,
        "Net Income From Continuing And Discontinued Operation": -800614000.0,
        "Total Expenses": 2530471000.0,
        "Diluted Average Shares": 312161248.0,
        "Basic Average Shares": 312161248.0,
        "Diluted EPS": -1.56,
        "Basic EPS": -1.56,
        "Diluted NI Availto Com Stockholders": -800614000.0,
        "Net Income Common Stockholders": -800614000.0,
        "Net Income": -800614000.0,
        "Minority Interests": 1684000.0,
        "Net Income Including Noncontrolling Interests": -802298000.0,
        "Net Income Continuous Operations": -802298000.0,
        "Tax Provision": 29050000.0,
        "Pretax Income": -773248000.0,
        "Other Income Expense": -954222000.0,
        "Other Non Operating Income Expenses": -102142000.0,
        "Earnings From Equity Interest": -2001000.0,
        "Gain On Sale Of Security": -850079000.0,
        "Net Non Operating Interest Income Expense": -1375103000.0,
        "Total Other Finance Cost": NaN,
        "Interest Expense Non Operating": 1662958000.0,
        "Interest Income Non Operating": 287855000.0,
        "Operating Income": 1556077000.0,
        "Operating Expense": 1229933000.0,
        "Selling General And Administration": 1229933000.0,
        "Selling And Marketing Expense": 719664000.0,
        "General And Administrative Expense": 510269000.0,
        "Other Gand A": 510269000.0,
        "Gross Profit": 2786010000.0,
        "Cost Of Revenue": 1300538000.0,
        "Total Revenue": 4086548000.0,
        "Operating Revenue": 4086548000.0
    },
    "2022-03-31": {
        "Diluted EPS": -0.19,
        "Total Revenue": 396,
        "Gross Profit": 267,
        "Operating Income": 142,
        "EBIT": 177,
        "Net Income": -60
    },
    "2021-12-31": {
        "Diluted EPS": -0.45,
        "Total Revenue": 338,
        "Gross Profit": 222,
        "Operating Income": 211,
        "EBIT": 229,
        "Net Income": -141
    },
    "2021-09-30": {
        "Diluted EPS": -0.78,
        "Total Revenue": 281,
        "Gross Profit": 181,
        "Operating Income": -204,
        "EBIT": -162,
        "Net Income": -240
    },
    "2021-06-30": {
        "Diluted EPS": 0.32,
        "Total Revenue": 116,
        "Gross Profit": 59,
        "Operating Income": 140,
        "EBIT": 159,
        "Net Income": 100
    },
    "2021-03-31": {
        "Diluted EPS": 0.09,
        "Total Revenue": 159,
        "Gross Profit": 115,
        "Operating Income": 56,
        "EBIT": 71,
        "Net Income": 29
    },
    "2020-12-31": {
        "Diluted EPS": 0.18,
        "Total Revenue": 184,
        "Gross Profit": 144,
        "Operating Income": 78,
        "EBIT": 93,
        "Net Income": 59
    },
    "2020-09-30": {
        "Diluted EPS": 0.16,
        "Total Revenue": 174,
        "Gross Profit": 135,
        "Operating Income": 81,
        "EBIT": 93,
        "Net Income": 47
    },
    "2020-06-30": {
        "Diluted EPS": 0.1,
        "Total Revenue": 124,
        "Gross Profit": 87,
        "Operating Income": 42,
        "EBIT": 51,
        "Net Income": 23
    },
    "2020-03-31": {
        "Diluted EPS": 0.13,
        "Total Revenue": 162,
        "Gross Profit": 128,
        "Operating Income": 85,
        "EBIT": 99,
        "Net Income": 36
    },
    "2019-12-31": {
        "Diluted EPS": 0.23,
        "Total Revenue": 192,
        "Gross Profit": 160,
        "Operating Income": 115,
        "EBIT": 130,
        "Net Income": 64
    },
    "2019-09-30": {
        "Diluted EPS": 0.17,
        "Total Revenue": 169,
        "Gross Profit": 141,
        "Operating Income": 94,
        "EBIT": 105,
        "Net Income": 48
    },
    "2019-06-30": {
        "Diluted EPS": 0.16,
        "Total Revenue": 150,
        "Gross Profit": 124,
        "Operating Income": 74,
        "EBIT": 82,
        "Net Income": 44
    },
    "2019-03-31": {
        "Diluted EPS": 0.17,
        "Total Revenue": 142,
        "Gross Profit": 120,
        "Operating Income": 83,
        "EBIT": 91,
        "Net Income": 47
    },
    "2018-12-31": {
        "Diluted EPS": 0.14,
        "Total Revenue": 139,
        "Gross Profit": 139,
        "Operating Income": 139,
        "EBIT": 139,
        "Net Income": 33
    },
    "2018-09-30": {
        "Diluted EPS": 0.1,
        "Total Revenue": 105,
        "Gross Profit": 105,
        "Operating Income": 105,
        "EBIT": 105,
        "Net Income": 23
    },
    "2023-06-30": {
        "Tax Effect Of Unusual Items": 973852.431958,
        "Tax Rate For Calcs": 0.272482,
        "Normalized EBITDA": 805211000.0,
        "Total Unusual Items": 3574000.0,
        "Total Unusual Items Excluding Goodwill": 3574000.0,
        "Net Income From Continuing Operation Net Minority Interest": 305369000.0,
        "Reconciled Depreciation": 221688000.0,
        "Reconciled Cost Of Revenue": 685302000.0,
        "EBITDA": 808785000.0,
        "EBIT": 587097000.0,
        "Net Interest Income": -882629000.0,
        "Interest Expense": 164824000.0,
        "Interest Income": 194789000.0,
        "Normalized Income": 302768852.431958,
        "Net Income From Continuing And Discontinued Operation": 305369000.0,
        "Total Expenses": 1401093000.0,
        "Diluted Average Shares": 340874065.0,
        "Basic Average Shares": 313074253.0,
        "Diluted EPS": 0.9,
        "Basic EPS": 0.98,
        "Diluted NI Availto Com Stockholders": 305369000.0,
        "Net Income Common Stockholders": 305369000.0,
        "Net Income": 305369000.0,
        "Minority Interests": -1842000.0,
        "Net Income Including Noncontrolling Interests": 307211000.0,
        "Net Income Continuous Operations": 307211000.0,
        "Tax Provision": 115062000.0,
        "Pretax Income": 422273000.0,
        "Other Income Expense": -53999000.0,
        "Other Non Operating Income Expenses": -56747000.0,
        "Earnings From Equity Interest": -826000.0,
        "Gain On Sale Of Security": 3574000.0,
        "Net Non Operating Interest Income Expense": -882629000.0,
        "Total Other Finance Cost": 912594000.0,
        "Interest Expense Non Operating": 164824000.0,
        "Interest Income Non Operating": 194789000.0,
        "Operating Income": 1358901000.0,
        "Operating Expense": 715791000.0,
        "Selling General And Administration": 715791000.0,
        "Selling And Marketing Expense": 411891000.0,
        "General And Administrative Expense": 303900000.0,
        "Other Gand A": 303900000.0,
        "Gross Profit": 2074692000.0,
        "Cost Of Revenue": 685302000.0,
        "Total Revenue": 2759994000.0,
        "Operating Revenue": 2759994000.0
    },
    "2023-09-30": {
        "Tax Effect Of Unusual Items": -5124.0,
        "Tax Rate For Calcs": 0.183,
        "Normalized EBITDA": 895304000.0,
        "Total Unusual Items": -28000.0,
        "Total Unusual Items Excluding Goodwill": -28000.0,
        "Net Income From Continuing Operation Net Minority Interest": 408754000.0,
        "Reconciled Depreciation": 222956000.0,
        "Reconciled Cost Of Revenue": 773485000.0,
        "EBITDA": 895276000.0,
        "EBIT": 672320000.0,
        "Net Interest Income": -871832000.0,
        "Interest Expense": 168787000.0,
        "Interest Income": 187022000.0,
        "Normalized Income": 408776876.0,
        "Net Income From Continuing And Discontinued Operation": 408754000.0,
        "Total Expenses": 1494256000.0,
        "Diluted Average Shares": 313806713.0,
        "Basic Average Shares": NaN,
        "Diluted EPS": 1.25,
        "Basic EPS": 1.3,
        "Diluted NI Availto Com Stockholders": 408754000.0,
        "Net Income Common Stockholders": 408754000.0,
        "Net Income": 408754000.0,
        "Minority Interests": -2582000.0,
        "Net Income Including Noncontrolling Interests": 411336000.0,
        "Net Income Continuous Operations": 411336000.0,
        "Tax Provision": 92197000.0,
        "Pretax Income": 503533000.0,
        "Other Income Expense": -83239000.0,
        "Other Non Operating Income Expenses": -82616000.0,
        "Earnings From Equity Interest": -595000.0,
        "Gain On Sale Of Security": -28000.0,
        "Net Non Operating Interest Income Expense": -871832000.0,
        "Total Other Finance Cost": 890067000.0,
        "Interest Expense Non Operating": 168787000.0,
        "Interest Income Non Operating": 187022000.0,
        "Operating Income": 1458604000.0,
        "Operating Expense": 720771000.0,
        "Selling General And Administration": 720771000.0,
        "Selling And Marketing Expense": 442433000.0,
        "General And Administrative Expense": 278338000.0,
        "Other Gand A": 278338000.0,
        "Gross Profit": 2179375000.0,
        "Cost Of Revenue": 773485000.0,
        "Total Revenue": 2952860000.0,
        "Operating Revenue": 2952860000.0
    }
}