{
    "2023-03-31": {
        "Tax Effect Of Unusual Items": 0.0,
        "Tax Rate For Calcs": 0.4,
        "Normalized EBITDA": 286750000.0,
        "Total Unusual Items": 0.0,
        "Total Unusual Items Excluding Goodwill": 0.0,
        "Net Income From Continuing Operation Net Minority Interest": 193237000.0,
        "Reconciled Depreciation": 49981000.0,
        "Reconciled Cost Of Revenue": 130924000.0,
        "EBITDA": 286750000.0,
        "EBIT": 236769000.0,
        "Net Interest Income": -39347000.0,
        "Interest Expense": 43532000.0,
        "Interest Income": 4185000.0,
        "Normalized Income": 193237000.0,
        "Net Income From Continuing And Discontinued Operation": 193237000.0,
        "Total Expenses": 153195000.0,
        "Total Operating Income As Reported": 231236000.0,
        "Diluted Average Shares": 59111952.0,
        "Basic Average Shares": 56834813.0,
        "Diluted EPS": 3.27,
        "Basic EPS": 3.4,
        "Diluted NI Availto Com Stockholders": 193237000.0,
        "Net Income Common Stockholders": 193237000.0,
        "Net Income": 193237000.0,
        "Net Income Including Noncontrolling Interests": 193237000.0,
        "Net Income Continuous Operations": 193237000.0,
        "Pretax Income": 193237000.0,
        "Other Income Expense": 1348000.0,
        "Other Non Operating Income Expenses": 1348000.0,
        "Special Income Charges": 0.0,
        "Gain On Sale Of Ppe": 0.0,
        "Write Off": NaN,
        "Net Non Operating Interest Income Expense": -39347000.0,
        "Interest Expense Non Operating": 43532000.0,
        "Interest Income Non Operating": 4185000.0,
        "Operating Income": 231236000.0,
        "Operating Expense": 22271000.0,
        "Selling General And Administration": 22271000.0,
        "General And Administrative Expense": 22271000.0,
        "Other Gand A": 22271000.0,
        "Gross Profit": 253507000.0,
        "Cost Of Revenue": 130924000.0,
        "Total Revenue": 384431000.0,
        "Operating Revenue": 384431000.0
    },
    "2022-12-31": {
        "Tax Effect Of Unusual Items": 3177000.0,
        "Tax Rate For Calcs": 0.25,
        "Normalized EBITDA": 300478000.0,
        "Total Unusual Items": 12708000.0,
        "Total Unusual Items Excluding Goodwill": 12708000.0,
        "Net Income From Continuing Operation Net Minority Interest": 264403000.0,
        "Reconciled Depreciation": 51199000.0,
        "Reconciled Cost Of Revenue": 170797000.0,
        "EBITDA": 313186000.0,
        "EBIT": 313186000.0,
        "Net Interest Income": -44625000.0,
        "Interest Expense": 48783000.0,
        "Interest Income": 4158000.0,
        "Normalized Income": 254872000.0,
        "Net Income From Continuing And Discontinued Operation": 264403000.0,
        "Total Expenses": 197181000.0,
        "Total Operating Income As Reported": 309244000.0,
        "Diluted Average Shares": 61096967.0,
        "Basic Average Shares": 55814716.0,
        "Diluted EPS": 4.37,
        "Basic EPS": 4.74,
        "Diluted NI Availto Com Stockholders": 264403000.0,
        "Net Income Common Stockholders": 264403000.0,
        "Net Income": 264403000.0,
        "Net Income Including Noncontrolling Interests": 264403000.0,
        "Net Income Continuous Operations": 264403000.0,
        "Pretax Income": 264403000.0,
        "Other Income Expense": 12492000.0,
        "Other Non Operating Income Expenses": -216000.0,
        "Special Income Charges": 12708000.0,
        "Gain On Sale Of Ppe": 0.0,
        "Write Off": -12708000.0,
        "Net Non Operating Interest Income Expense": -44625000.0,
        "Interest Expense Non Operating": 48783000.0,
        "Interest Income Non Operating": 4158000.0,
        "Operating Income": 296536000.0,
        "Operating Expense": 26384000.0,
        "Selling General And Administration": 26384000.0,
        "General And Administrative Expense": 26384000.0,
        "Other Gand A": 26384000.0,
        "Gross Profit": 322920000.0,
        "Cost Of Revenue": 170797000.0,
        "Total Revenue": 493717000.0,
        "Operating Revenue": 493717000.0
    },
    "2022-09-30": {
        "Tax Effect Of Unusual Items": 1092800.0,
        "Tax Rate For Calcs": 0.4,
        "Normalized EBITDA": 356724000.0,
        "Total Unusual Items": 2732000.0,
        "Total Unusual Items Excluding Goodwill": 2732000.0,
        "Net Income From Continuing Operation Net Minority Interest": 266165000.0,
        "Reconciled Depreciation": 50989000.0,
        "Reconciled Cost Of Revenue": 160511000.0,
        "EBITDA": 359456000.0,
        "EBIT": 308467000.0,
        "Net Interest Income": -40119000.0,
        "Interest Expense": 42302000.0,
        "Interest Income": 2183000.0,
        "Normalized Income": 264525800.0,
        "Net Income From Continuing And Discontinued Operation": 266165000.0,
        "Total Expenses": 187001000.0,
        "Total Operating Income As Reported": 305727000.0,
        "Diluted Average Shares": 62820207.0,
        "Basic Average Shares": 55003149.0,
        "Diluted EPS": 4.31,
        "Basic EPS": 4.84,
        "Diluted NI Availto Com Stockholders": 266165000.0,
        "Net Income Common Stockholders": 266165000.0,
        "Net Income": 266165000.0,
        "Net Income Including Noncontrolling Interests": 266165000.0,
        "Net Income Continuous Operations": 266165000.0,
        "Pretax Income": 266165000.0,
        "Other Income Expense": 3289000.0,
        "Other Non Operating Income Expenses": 557000.0,
        "Special Income Charges": 2732000.0,
        "Gain On Sale Of Ppe": 2732000.0,
        "Write Off": NaN,
        "Net Non Operating Interest Income Expense": -40119000.0,
        "Interest Expense Non Operating": 42302000.0,
        "Interest Income Non Operating": 2183000.0,
        "Operating Income": 302995000.0,
        "Operating Expense": 26490000.0,
        "Selling General And Administration": 26490000.0,
        "General And Administrative Expense": 26490000.0,
        "Other Gand A": 26490000.0,
        "Gross Profit": 329485000.0,
        "Cost Of Revenue": 160511000.0,
        "Total Revenue": 489996000.0,
        "Operating Revenue": 489996000.0
    },
    "2022-06-30": {
        "Tax Effect Of Unusual Items": -592000.0,
        "Tax Rate For Calcs": 0.4,
        "Normalized EBITDA": 274872000.0,
        "Total Unusual Items": -1480000.0,
        "Total Unusual Items Excluding Goodwill": -1480000.0,
        "Net Income From Continuing Operation Net Minority Interest": 191131000.0,
        "Reconciled Depreciation": 50819000.0,
        "Reconciled Cost Of Revenue": 151227000.0,
        "EBITDA": 273392000.0,
        "EBIT": 222573000.0,
        "Net Interest Income": -39873000.0,
        "Interest Expense": 31442000.0,
        "Interest Income": 836000.0,
        "Normalized Income": 192019000.0,
        "Net Income From Continuing And Discontinued Operation": 191131000.0,
        "Total Expenses": 174030000.0,
        "Total Operating Income As Reported": 229563000.0,
        "Diluted Average Shares": 64419318.0,
        "Basic Average Shares": 55594623.0,
        "Diluted EPS": 3.06,
        "Basic EPS": 3.44,
        "Diluted NI Availto Com Stockholders": 203163000.0,
        "Net Income Common Stockholders": 191131000.0,
        "Net Income": 191131000.0,
        "Net Income Including Noncontrolling Interests": 191131000.0,
        "Net Income Continuous Operations": 191131000.0,
        "Pretax Income": 191131000.0,
        "Other Income Expense": -39000.0,
        "Other Non Operating Income Expenses": 1441000.0,
        "Special Income Charges": -1480000.0,
        "Gain On Sale Of Ppe": -1480000.0,
        "Write Off": NaN,
        "Net Non Operating Interest Income Expense": -39873000.0,
        "Interest Expense Non Operating": 31442000.0,
        "Interest Income Non Operating": 836000.0,
        "Operating Income": 231043000.0,
        "Operating Expense": 22803000.0,
        "Selling General And Administration": 22803000.0,
        "General And Administrative Expense": 22803000.0,
        "Other Gand A": 22803000.0,
        "Gross Profit": 253846000.0,
        "Cost Of Revenue": 151227000.0,
        "Total Revenue": 405073000.0,
        "Operating Revenue": 405073000.0
    },
    "2023-06-30": {
        "Tax Effect Of Unusual Items": 0.0,
        "Tax Rate For Calcs": 0.4,
        "Normalized EBITDA": 226833000.0,
        "Total Unusual Items": 0.0,
        "Total Unusual Items Excluding Goodwill": 0.0,
        "Net Income From Continuing Operation Net Minority Interest": 132403000.0,
        "Reconciled Depreciation": 50710000.0,
        "Reconciled Cost Of Revenue": 131312000.0,
        "EBITDA": 226833000.0,
        "EBIT": 176123000.0,
        "Net Interest Income": -39361000.0,
        "Interest Expense": 43720000.0,
        "Interest Income": 4359000.0,
        "Normalized Income": 132403000.0,
        "Net Income From Continuing And Discontinued Operation": 132403000.0,
        "Total Expenses": 158521000.0,
        "Total Operating Income As Reported": 170778000.0,
        "Diluted Average Shares": 55228080.0,
        "Basic Average Shares": 53040031.0,
        "Diluted EPS": 2.4,
        "Basic EPS": 2.5,
        "Diluted NI Availto Com Stockholders": 132403000.0,
        "Net Income Common Stockholders": 132403000.0,
        "Net Income": 132403000.0,
        "Net Income Including Noncontrolling Interests": 132403000.0,
        "Net Income Continuous Operations": 132403000.0,
        "Pretax Income": 132403000.0,
        "Other Income Expense": 986000.0,
        "Other Non Operating Income Expenses": 986000.0,
        "Special Income Charges": 0.0,
        "Gain On Sale Of Ppe": 0.0,
        "Write Off": NaN,
        "Net Non Operating Interest Income Expense": -39361000.0,
        "Interest Expense Non Operating": 43720000.0,
        "Interest Income Non Operating": 4359000.0,
        "Operating Income": 170778000.0,
        "Operating Expense": 27209000.0,
        "Selling General And Administration": 27209000.0,
        "General And Administrative Expense": 27209000.0,
        "Other Gand A": 27209000.0,
        "Gross Profit": 197987000.0,
        "Cost Of Revenue": 131312000.0,
        "Total Revenue": 329299000.0,
        "Operating Revenue": 329299000.0
    },
    "2022-03-31": {
        "Diluted EPS": -1.52,
        "Total Revenue": 174,
        "Gross Profit": 87,
        "Operating Income": -47,
        "EBIT": 13,
        "Net Income": -84
    },
    "2021-12-31": {
        "Diluted EPS": -0.82,
        "Total Revenue": 148,
        "Gross Profit": 63,
        "Operating Income": -10,
        "EBIT": 57,
        "Net Income": -46
    },
    "2021-09-30": {
        "Diluted EPS": -1.34,
        "Total Revenue": 119,
        "Gross Profit": 33,
        "Operating Income": -40,
        "EBIT": 27,
        "Net Income": -73
    },
    "2021-06-30": {
        "Diluted EPS": -0.97,
        "Total Revenue": 139,
        "Gross Profit": 57,
        "Operating Income": -15,
        "EBIT": 52,
        "Net Income": -53
    },
    "2021-03-31": {
        "Diluted EPS": -1.15,
        "Total Revenue": 134,
        "Gross Profit": 49,
        "Operating Income": -25,
        "EBIT": 44,
        "Net Income": -62
    },
    "2020-12-31": {
        "Diluted EPS": -1.18,
        "Total Revenue": 138,
        "Gross Profit": 51,
        "Operating Income": -26,
        "EBIT": 45,
        "Net Income": -76
    },
    "2020-09-30": {
        "Diluted EPS": -0.37,
        "Total Revenue": 177,
        "Gross Profit": 91,
        "Operating Income": 14,
        "EBIT": 84,
        "Net Income": -20
    },
    "2020-06-30": {
        "Diluted EPS": 2.4,
        "Total Revenue": 346,
        "Gross Profit": 264,
        "Operating Income": 183,
        "EBIT": 254,
        "Net Income": 144
    },
    "2020-03-31": {
        "Diluted EPS": 0.82,
        "Total Revenue": 254,
        "Gross Profit": 168,
        "Operating Income": 91,
        "EBIT": 161,
        "Net Income": 47
    },
    "2019-12-31": {
        "Diluted EPS": 0.28,
        "Total Revenue": 222,
        "Gross Profit": 134,
        "Operating Income": 59,
        "EBIT": 126,
        "Net Income": 12
    },
    "2019-09-30": {
        "Diluted EPS": -0.93,
        "Total Revenue": 136,
        "Gross Profit": 63,
        "Operating Income": -4,
        "EBIT": 56,
        "Net Income": -45
    },
    "2019-06-30": {
        "Diluted EPS": -0.62,
        "Total Revenue": 151,
        "Gross Profit": 81,
        "Operating Income": 15,
        "EBIT": 74,
        "Net Income": -30
    },
    "2019-03-31": {
        "Diluted EPS": 0.3,
        "Total Revenue": 196,
        "Gross Profit": 126,
        "Operating Income": 60,
        "EBIT": 115,
        "Net Income": 14
    },
    "2018-12-31": {
        "Diluted EPS": 0.11,
        "Total Revenue": 168,
        "Gross Profit": 96,
        "Operating Income": 28,
        "EBIT": 81,
        "Net Income": -18
    },
    "2018-09-30": {
        "Diluted EPS": -2.31,
        "Total Revenue": 119,
        "Gross Profit": 49,
        "Operating Income": -21,
        "EBIT": 25,
        "Net Income": -72
    },
    "2018-06-30": {
        "Diluted EPS": -2.23,
        "Total Revenue": 142,
        "Gross Profit": 71,
        "Operating Income": -3,
        "EBIT": 57,
        "Net Income": -69
    },
    "2018-03-31": {
        "Diluted EPS": -1.03,
        "Total Revenue": 156,
        "Gross Profit": 83,
        "Operating Income": 7,
        "EBIT": 61,
        "Net Income": -32
    },
    "2017-12-31": {
        "Diluted EPS": -1.25,
        "Total Revenue": 148,
        "Gross Profit": 71,
        "Operating Income": -27,
        "EBIT": 24,
        "Net Income": -42
    },
    "2017-09-30": {
        "Diluted EPS": -1.6,
        "Total Revenue": 123,
        "Gross Profit": 63,
        "Operating Income": -7,
        "EBIT": 39,
        "Net Income": -37
    },
    "2017-06-30": {
        "Diluted EPS": -3.8,
        "Total Revenue": 118,
        "Gross Profit": 68,
        "Operating Income": -22,
        "EBIT": 18,
        "Net Income": -68
    },
    "2017-03-31": {
        "Diluted EPS": -0.7,
        "Total Revenue": 123,
        "Gross Profit": 72,
        "Operating Income": 10,
        "EBIT": 50,
        "Net Income": -12
    },
    "2016-12-31": {
        "Diluted EPS": -1.7,
        "Total Revenue": 106,
        "Gross Profit": 59,
        "Operating Income": -10,
        "EBIT": 31,
        "Net Income": -30
    },
    "2016-09-30": {
        "Diluted EPS": -1.7,
        "Total Revenue": 114,
        "Gross Profit": 68,
        "Operating Income": 4,
        "EBIT": 46,
        "Net Income": -27
    },
    "2016-06-30": {
        "Diluted EPS": 0.2,
        "Total Revenue": 137,
        "Gross Profit": 91,
        "Operating Income": 29,
        "EBIT": 70,
        "Net Income": 4
    },
    "2016-03-31": {
        "Diluted EPS": 1.7,
        "Total Revenue": 165,
        "Gross Profit": 117,
        "Operating Income": 54,
        "EBIT": 96,
        "Net Income": 28
    },
    "2015-12-31": {
        "Diluted EPS": 1.9,
        "Total Revenue": 178,
        "Gross Profit": 127,
        "Operating Income": 60,
        "EBIT": 102,
        "Net Income": 34
    },
    "2015-09-30": {
        "Diluted EPS": 4.4,
        "Total Revenue": 228,
        "Gross Profit": 182,
        "Operating Income": 109,
        "EBIT": 154,
        "Net Income": 85
    },
    "2015-06-30": {
        "Diluted EPS": 3.2,
        "Total Revenue": 188,
        "Gross Profit": 146,
        "Operating Income": 79,
        "EBIT": 116,
        "Net Income": 58
    },
    "2015-03-31": {
        "Diluted EPS": 2.5,
        "Total Revenue": 161,
        "Gross Profit": 121,
        "Operating Income": 59,
        "EBIT": 92,
        "Net Income": 41
    },
    "2014-12-31": {
        "Diluted EPS": 0.3,
        "Total Revenue": 126,
        "Gross Profit": 92,
        "Operating Income": 31,
        "EBIT": 59,
        "Net Income": 0
    },
    "2014-09-30": {
        "Diluted EPS": -0.1,
        "Total Revenue": 83,
        "Gross Profit": 61,
        "Operating Income": 5,
        "EBIT": 26,
        "Net Income": -1
    },
    "2014-06-30": {
        "Diluted EPS": 0.0,
        "Total Revenue": 57,
        "Gross Profit": 43,
        "Operating Income": -1,
        "EBIT": 14,
        "Net Income": -1
    },
    "2014-03-31": {
        "Diluted EPS": 2.8,
        "Total Revenue": 77,
        "Gross Profit": 60,
        "Operating Income": 54,
        "EBIT": 67,
        "Net Income": 53
    },
    "2013-12-31": {
        "Diluted EPS": 0.0,
        "Total Revenue": 53,
        "Gross Profit": 40,
        "Operating Income": 27,
        "EBIT": 40,
        "Net Income": 6
    },
    "2013-09-30": {
        "Diluted EPS": 0.0,
        "Total Revenue": 58,
        "Gross Profit": 45,
        "Operating Income": 1,
        "EBIT": 11,
        "Net Income": 1
    },
    "2013-06-30": {
        "Diluted EPS": 0.3,
        "Total Revenue": 52,
        "Gross Profit": 42,
        "Operating Income": 4,
        "EBIT": 12,
        "Net Income": 4
    },
    "2013-03-31": {
        "Diluted EPS": 0.8,
        "Total Revenue": 45,
        "Gross Profit": 36,
        "Operating Income": 8,
        "EBIT": 13,
        "Net Income": 7
    },
    "2012-12-31": {
        "Diluted EPS": -1.0,
        "Total Revenue": 30,
        "Gross Profit": 20,
        "Operating Income": 4,
        "EBIT": 10,
        "Net Income": -5
    },
    "2012-09-30": {
        "Diluted EPS": -3.0,
        "Total Revenue": 29,
        "Gross Profit": 16,
        "Operating Income": -9,
        "EBIT": -1,
        "Net Income": -13
    },
    "2012-06-30": {
        "Diluted EPS": -1.0,
        "Total Revenue": 27,
        "Gross Profit": 13,
        "Operating Income": -3,
        "EBIT": 1,
        "Net Income": -4
    },
    "2012-03-31": {
        "Diluted EPS": -1.4,
        "Total Revenue": 29,
        "Gross Profit": 14,
        "Operating Income": 1,
        "EBIT": 6,
        "Net Income": -5
    },
    "2011-12-31": {
        "Diluted EPS": -25.0,
        "Total Revenue": 23,
        "Gross Profit": 12,
        "Operating Income": -3,
        "EBIT": 3,
        "Net Income": -72
    },
    "2011-09-30": {
        "Diluted EPS": -2.2,
        "Total Revenue": 21,
        "Gross Profit": 11,
        "Operating Income": -5,
        "EBIT": 1,
        "Net Income": -7
    },
    "2011-06-30": {
        "Diluted EPS": -1.0,
        "Total Revenue": 21,
        "Gross Profit": 12,
        "Operating Income": -1,
        "EBIT": 5,
        "Net Income": -3
    },
    "2011-03-31": {
        "Diluted EPS": -0.6,
        "Total Revenue": 17,
        "Gross Profit": 10,
        "Operating Income": 0,
        "EBIT": 5,
        "Net Income": -1
    },
    "2010-12-31": {
        "Diluted EPS": -3.2,
        "Total Revenue": 12,
        "Gross Profit": 5,
        "Operating Income": -1,
        "EBIT": 3,
        "Net Income": -3
    },
    "2010-09-30": {
        "Diluted EPS": -0.9,
        "Total Revenue": 13,
        "Gross Profit": 5,
        "Operating Income": 0,
        "EBIT": 5,
        "Net Income": -2
    },
    "2010-06-30": {
        "Diluted EPS": 0.2,
        "Total Revenue": 7,
        "Gross Profit": 4,
        "Operating Income": 1,
        "EBIT": 3,
        "Net Income": 0
    },
    "2010-03-31": {
        "Diluted EPS": 2.1,
        "Total Revenue": 6,
        "Gross Profit": 4,
        "Operating Income": 2,
        "EBIT": 4,
        "Net Income": 1
    },
    "2009-12-31": {
        "Diluted EPS": 3.0,
        "Total Revenue": 6,
        "Gross Profit": 4,
        "Operating Income": 2,
        "EBIT": 4,
        "Net Income": 2
    },
    "2009-09-30": {
        "Diluted EPS": -5.6,
        "Total Revenue": 6,
        "Gross Profit": 4,
        "Operating Income": 2,
        "EBIT": 4,
        "Net Income": -3
    },
    "2009-06-30": {
        "Diluted EPS": 3.7,
        "Total Revenue": 7,
        "Gross Profit": 5,
        "Operating Income": 2,
        "EBIT": 4,
        "Net Income": 2
    },
    "2009-03-31": {
        "Diluted EPS": 5.0,
        "Total Revenue": 10,
        "Gross Profit": 7,
        "Operating Income": 3,
        "EBIT": 5,
        "Net Income": 3
    },
    "2023-09-30": {
        "Tax Effect Of Unusual Items": 2850800.0,
        "Tax Rate For Calcs": 0.4,
        "Normalized EBITDA": 194091000.0,
        "Total Unusual Items": 7127000.0,
        "Total Unusual Items Excluding Goodwill": 7127000.0,
        "Net Income From Continuing Operation Net Minority Interest": 100368000.0,
        "Reconciled Depreciation": 51152000.0,
        "Reconciled Cost Of Revenue": 132250000.0,
        "EBITDA": 201218000.0,
        "EBIT": 150066000.0,
        "Net Interest Income": -43627000.0,
        "Interest Expense": 49698000.0,
        "Interest Income": 6071000.0,
        "Normalized Income": 96091800.0,
        "Net Income From Continuing And Discontinued Operation": 100368000.0,
        "Total Expenses": 156897000.0,
        "Total Operating Income As Reported": 141409000.0,
        "Diluted Average Shares": 51943617.0,
        "Basic Average Shares": 49906783.0,
        "Diluted EPS": 1.93,
        "Basic EPS": 2.01,
        "Diluted NI Availto Com Stockholders": 100368000.0,
        "Net Income Common Stockholders": 100368000.0,
        "Net Income": 100368000.0,
        "Net Income Including Noncontrolling Interests": 100368000.0,
        "Net Income Continuous Operations": 100368000.0,
        "Pretax Income": 100368000.0,
        "Other Income Expense": 9713000.0,
        "Other Non Operating Income Expenses": 2586000.0,
        "Special Income Charges": 7127000.0,
        "Gain On Sale Of Ppe": 7127000.0,
        "Write Off": NaN,
        "Net Non Operating Interest Income Expense": -43627000.0,
        "Interest Expense Non Operating": 49698000.0,
        "Interest Income Non Operating": 6071000.0,
        "Operating Income": 134282000.0,
        "Operating Expense": 24647000.0,
        "Selling General And Administration": 24647000.0,
        "General And Administrative Expense": 24647000.0,
        "Other Gand A": 24647000.0,
        "Gross Profit": 158929000.0,
        "Cost Of Revenue": 132250000.0,
        "Total Revenue": 291179000.0,
        "Operating Revenue": 291179000.0
    }
}