{
    "2023-03-31": {
        "Tax Effect Of Unusual Items": NaN,
        "Tax Rate For Calcs": NaN,
        "Normalized EBITDA": NaN,
        "Net Income From Continuing Operation Net Minority Interest": NaN,
        "Reconciled Depreciation": NaN,
        "EBITDA": NaN,
        "EBIT": NaN,
        "Net Interest Income": NaN,
        "Normalized Income": NaN,
        "Net Income From Continuing And Discontinued Operation": NaN,
        "Total Expenses": NaN,
        "Total Operating Income As Reported": NaN,
        "Diluted Average Shares": 42536474.0,
        "Basic Average Shares": 42536474.0,
        "Diluted EPS": -0.53,
        "Basic EPS": -0.53,
        "Diluted NI Availto Com Stockholders": NaN,
        "Net Income Common Stockholders": NaN,
        "Net Income": NaN,
        "Net Income Including Noncontrolling Interests": NaN,
        "Net Income Continuous Operations": NaN,
        "Pretax Income": NaN,
        "Other Income Expense": NaN,
        "Other Non Operating Income Expenses": NaN,
        "Net Non Operating Interest Income Expense": NaN,
        "Total Other Finance Cost": NaN,
        "Operating Income": NaN,
        "Operating Expense": NaN,
        "Research And Development": NaN,
        "Selling General And Administration": NaN,
        "General And Administrative Expense": NaN,
        "Other Gand A": NaN,
        "Total Revenue": NaN,
        "Operating Revenue": NaN
    },
    "2022-12-31": {
        "Tax Effect Of Unusual Items": NaN,
        "Tax Rate For Calcs": NaN,
        "Normalized EBITDA": NaN,
        "Net Income From Continuing Operation Net Minority Interest": NaN,
        "Reconciled Depreciation": NaN,
        "EBITDA": NaN,
        "EBIT": NaN,
        "Net Interest Income": NaN,
        "Normalized Income": NaN,
        "Net Income From Continuing And Discontinued Operation": NaN,
        "Total Expenses": NaN,
        "Total Operating Income As Reported": NaN,
        "Diluted Average Shares": 39434027.0,
        "Basic Average Shares": 39434027.0,
        "Diluted EPS": -0.65,
        "Basic EPS": -0.65,
        "Diluted NI Availto Com Stockholders": NaN,
        "Net Income Common Stockholders": NaN,
        "Net Income": NaN,
        "Net Income Including Noncontrolling Interests": NaN,
        "Net Income Continuous Operations": NaN,
        "Pretax Income": NaN,
        "Other Income Expense": NaN,
        "Other Non Operating Income Expenses": NaN,
        "Net Non Operating Interest Income Expense": NaN,
        "Total Other Finance Cost": NaN,
        "Operating Income": NaN,
        "Operating Expense": NaN,
        "Research And Development": NaN,
        "Selling General And Administration": NaN,
        "General And Administrative Expense": NaN,
        "Other Gand A": NaN,
        "Total Revenue": NaN,
        "Operating Revenue": NaN
    },
    "2022-09-30": {
        "Tax Effect Of Unusual Items": 0.0,
        "Tax Rate For Calcs": 0.0,
        "Normalized EBITDA": -26760000.0,
        "Net Income From Continuing Operation Net Minority Interest": -26111000.0,
        "Reconciled Depreciation": 388000.0,
        "EBITDA": -26760000.0,
        "EBIT": -27148000.0,
        "Net Interest Income": 995000.0,
        "Normalized Income": -26111000.0,
        "Net Income From Continuing And Discontinued Operation": -26111000.0,
        "Total Expenses": 30053000.0,
        "Total Operating Income As Reported": -27148000.0,
        "Diluted Average Shares": 39420310.0,
        "Basic Average Shares": 39420310.0,
        "Diluted EPS": -0.66,
        "Basic EPS": -0.66,
        "Diluted NI Availto Com Stockholders": -26111000.0,
        "Net Income Common Stockholders": -26111000.0,
        "Net Income": -26111000.0,
        "Net Income Including Noncontrolling Interests": -26111000.0,
        "Net Income Continuous Operations": -26111000.0,
        "Pretax Income": -26111000.0,
        "Other Income Expense": 42000.0,
        "Other Non Operating Income Expenses": 42000.0,
        "Net Non Operating Interest Income Expense": 995000.0,
        "Total Other Finance Cost": -995000.0,
        "Operating Income": -27148000.0,
        "Operating Expense": 30053000.0,
        "Research And Development": 20109000.0,
        "Selling General And Administration": 9944000.0,
        "General And Administrative Expense": 9944000.0,
        "Other Gand A": 9944000.0,
        "Total Revenue": 2905000.0,
        "Operating Revenue": 2905000.0
    },
    "2022-06-30": {
        "Tax Effect Of Unusual Items": 0.0,
        "Tax Rate For Calcs": 0.0,
        "Normalized EBITDA": -25238000.0,
        "Net Income From Continuing Operation Net Minority Interest": -24652000.0,
        "Reconciled Depreciation": 302000.0,
        "EBITDA": -25238000.0,
        "EBIT": -25238000.0,
        "Net Interest Income": 544000.0,
        "Interest Income": 544000.0,
        "Normalized Income": -24652000.0,
        "Net Income From Continuing And Discontinued Operation": -24652000.0,
        "Total Expenses": 28469000.0,
        "Total Operating Income As Reported": -25238000.0,
        "Diluted Average Shares": 39258358.0,
        "Basic Average Shares": 39258358.0,
        "Diluted EPS": -0.63,
        "Basic EPS": -0.63,
        "Diluted NI Availto Com Stockholders": -24652000.0,
        "Net Income Common Stockholders": -24652000.0,
        "Net Income": -24652000.0,
        "Net Income Including Noncontrolling Interests": -24652000.0,
        "Net Income Continuous Operations": -24652000.0,
        "Pretax Income": -24652000.0,
        "Other Income Expense": 42000.0,
        "Other Non Operating Income Expenses": 42000.0,
        "Net Non Operating Interest Income Expense": 544000.0,
        "Total Other Finance Cost": -544000.0,
        "Interest Income Non Operating": 544000.0,
        "Operating Income": -25238000.0,
        "Operating Expense": 28469000.0,
        "Research And Development": 18358000.0,
        "Selling General And Administration": 10111000.0,
        "General And Administrative Expense": 10111000.0,
        "Other Gand A": 10111000.0,
        "Total Revenue": 3231000.0,
        "Operating Revenue": 3231000.0
    },
    "2023-06-30": {
        "Tax Effect Of Unusual Items": 0.0,
        "Tax Rate For Calcs": 0.0,
        "Normalized EBITDA": -32651000.0,
        "Net Income From Continuing Operation Net Minority Interest": -30654000.0,
        "Reconciled Depreciation": 611000.0,
        "EBITDA": -32651000.0,
        "EBIT": -33262000.0,
        "Net Interest Income": 2567000.0,
        "Normalized Income": -30654000.0,
        "Net Income From Continuing And Discontinued Operation": -30654000.0,
        "Total Expenses": 30781000.0,
        "Total Operating Income As Reported": -33262000.0,
        "Diluted Average Shares": 44188464.0,
        "Basic Average Shares": 44188464.0,
        "Diluted EPS": -0.69,
        "Basic EPS": -0.69,
        "Diluted NI Availto Com Stockholders": -30654000.0,
        "Net Income Common Stockholders": -30654000.0,
        "Net Income": -30654000.0,
        "Net Income Including Noncontrolling Interests": -30654000.0,
        "Net Income Continuous Operations": -30654000.0,
        "Pretax Income": -30654000.0,
        "Other Income Expense": 41000.0,
        "Other Non Operating Income Expenses": 41000.0,
        "Net Non Operating Interest Income Expense": 2567000.0,
        "Total Other Finance Cost": -2567000.0,
        "Operating Income": -33262000.0,
        "Operating Expense": 30781000.0,
        "Research And Development": 20551000.0,
        "Selling General And Administration": 10230000.0,
        "General And Administrative Expense": 10230000.0,
        "Other Gand A": 10230000.0,
        "Total Revenue": -2481000.0,
        "Operating Revenue": -2481000.0
    },
    "2023-09-30": {
        "Tax Effect Of Unusual Items": 0.0,
        "Tax Rate For Calcs": 0.0,
        "Normalized EBITDA": -26597000.0,
        "Net Income From Continuing Operation Net Minority Interest": -24542000.0,
        "Reconciled Depreciation": 637000.0,
        "EBITDA": -26597000.0,
        "EBIT": -27234000.0,
        "Net Interest Income": 2651000.0,
        "Normalized Income": -24542000.0,
        "Net Income From Continuing And Discontinued Operation": -24542000.0,
        "Total Expenses": 30542000.0,
        "Total Operating Income As Reported": -27234000.0,
        "Diluted Average Shares": 44266017.0,
        "Basic Average Shares": 44266017.0,
        "Diluted EPS": -0.55,
        "Basic EPS": -0.55,
        "Diluted NI Availto Com Stockholders": -24542000.0,
        "Net Income Common Stockholders": -24542000.0,
        "Net Income": -24542000.0,
        "Net Income Including Noncontrolling Interests": -24542000.0,
        "Net Income Continuous Operations": -24542000.0,
        "Pretax Income": -24542000.0,
        "Other Income Expense": 41000.0,
        "Other Non Operating Income Expenses": 41000.0,
        "Net Non Operating Interest Income Expense": 2651000.0,
        "Total Other Finance Cost": -2651000.0,
        "Operating Income": -27234000.0,
        "Operating Expense": 30542000.0,
        "Research And Development": 20271000.0,
        "Selling General And Administration": 10271000.0,
        "General And Administrative Expense": 10271000.0,
        "Other Gand A": 10271000.0,
        "Total Revenue": 3308000.0,
        "Operating Revenue": 3308000.0
    },
    "2023-12-31": {
        "Tax Effect Of Unusual Items": 0.0,
        "Tax Rate For Calcs": 0.0,
        "Normalized EBITDA": -28962000.0,
        "Net Income From Continuing Operation Net Minority Interest": -26958000.0,
        "Reconciled Depreciation": 624000.0,
        "EBITDA": -28962000.0,
        "EBIT": -29586000.0,
        "Net Interest Income": 2587000.0,
        "Normalized Income": -26958000.0,
        "Net Income From Continuing And Discontinued Operation": -26958000.0,
        "Total Expenses": 32388000.0,
        "Total Operating Income As Reported": -29586000.0,
        "Diluted Average Shares": NaN,
        "Basic Average Shares": NaN,
        "Diluted EPS": NaN,
        "Basic EPS": NaN,
        "Diluted NI Availto Com Stockholders": -26958000.0,
        "Net Income Common Stockholders": -26958000.0,
        "Net Income": -26958000.0,
        "Net Income Including Noncontrolling Interests": -26958000.0,
        "Net Income Continuous Operations": -26958000.0,
        "Pretax Income": -26958000.0,
        "Other Income Expense": 41000.0,
        "Other Non Operating Income Expenses": 41000.0,
        "Net Non Operating Interest Income Expense": 2587000.0,
        "Total Other Finance Cost": -2587000.0,
        "Operating Income": -29586000.0,
        "Operating Expense": 32388000.0,
        "Research And Development": 21778000.0,
        "Selling General And Administration": 10610000.0,
        "General And Administrative Expense": 10610000.0,
        "Other Gand A": 10610000.0,
        "Total Revenue": 2802000.0,
        "Operating Revenue": 2802000.0
    },
    "2024-03-31": {
        "Tax Effect Of Unusual Items": 0.0,
        "Tax Rate For Calcs": 0.0,
        "Normalized EBITDA": -27809000.0,
        "Net Income From Continuing Operation Net Minority Interest": -26374000.0,
        "Reconciled Depreciation": 563000.0,
        "EBITDA": -27809000.0,
        "EBIT": -28372000.0,
        "Net Interest Income": 2426000.0,
        "Normalized Income": -26374000.0,
        "Net Income From Continuing And Discontinued Operation": -26374000.0,
        "Total Expenses": 32588000.0,
        "Total Operating Income As Reported": -28372000.0,
        "Diluted Average Shares": 46246889.0,
        "Basic Average Shares": 46246889.0,
        "Diluted EPS": -0.57,
        "Basic EPS": -0.57,
        "Diluted NI Availto Com Stockholders": -26374000.0,
        "Net Income Common Stockholders": -26374000.0,
        "Net Income": -26374000.0,
        "Net Income Including Noncontrolling Interests": -26374000.0,
        "Net Income Continuous Operations": -26374000.0,
        "Pretax Income": -26374000.0,
        "Other Income Expense": -428000.0,
        "Other Non Operating Income Expenses": -428000.0,
        "Net Non Operating Interest Income Expense": 2426000.0,
        "Total Other Finance Cost": -2426000.0,
        "Operating Income": -28372000.0,
        "Operating Expense": 32588000.0,
        "Research And Development": 22368000.0,
        "Selling General And Administration": 10220000.0,
        "General And Administrative Expense": 10220000.0,
        "Other Gand A": 10220000.0,
        "Total Revenue": 4216000.0,
        "Operating Revenue": 4216000.0
    },
    "2024-06-30": {
        "Tax Effect Of Unusual Items": 0.0,
        "Tax Rate For Calcs": 0.0,
        "Normalized EBITDA": -28794000.0,
        "Net Income From Continuing Operation Net Minority Interest": -25695000.0,
        "Reconciled Depreciation": 548000.0,
        "EBITDA": -28794000.0,
        "EBIT": -29342000.0,
        "Net Interest Income": 3695000.0,
        "Normalized Income": -25695000.0,
        "Net Income From Continuing And Discontinued Operation": -25695000.0,
        "Total Expenses": 34173000.0,
        "Total Operating Income As Reported": -29342000.0,
        "Diluted Average Shares": 55765948.0,
        "Basic Average Shares": 55765948.0,
        "Diluted EPS": -0.46,
        "Basic EPS": -0.46,
        "Diluted NI Availto Com Stockholders": -25695000.0,
        "Net Income Common Stockholders": -25695000.0,
        "Net Income": -25695000.0,
        "Net Income Including Noncontrolling Interests": -25695000.0,
        "Net Income Continuous Operations": -25695000.0,
        "Pretax Income": -25695000.0,
        "Other Income Expense": -48000.0,
        "Other Non Operating Income Expenses": -48000.0,
        "Net Non Operating Interest Income Expense": 3695000.0,
        "Total Other Finance Cost": -3695000.0,
        "Operating Income": -29342000.0,
        "Operating Expense": 34173000.0,
        "Research And Development": 21136000.0,
        "Selling General And Administration": 13037000.0,
        "General And Administrative Expense": 13037000.0,
        "Other Gand A": 13037000.0,
        "Total Revenue": 4831000.0,
        "Operating Revenue": 4831000.0
    }
}