{
    "2023-03-31": {
        "Tax Effect Of Unusual Items": NaN,
        "Tax Rate For Calcs": NaN,
        "Normalized EBITDA": NaN,
        "Total Unusual Items": NaN,
        "Total Unusual Items Excluding Goodwill": NaN,
        "Net Income From Continuing Operation Net Minority Interest": NaN,
        "Reconciled Depreciation": NaN,
        "Reconciled Cost Of Revenue": NaN,
        "EBITDA": NaN,
        "EBIT": NaN,
        "Net Interest Income": NaN,
        "Interest Expense": NaN,
        "Normalized Income": NaN,
        "Net Income From Continuing And Discontinued Operation": NaN,
        "Total Expenses": NaN,
        "Total Operating Income As Reported": NaN,
        "Diluted Average Shares": NaN,
        "Basic Average Shares": NaN,
        "Diluted EPS": NaN,
        "Basic EPS": NaN,
        "Diluted NI Availto Com Stockholders": NaN,
        "Average Dilution Earnings": 25066000.0,
        "Net Income Common Stockholders": NaN,
        "Otherunder Preferred Stock Dividend": 400000.0,
        "Net Income": NaN,
        "Minority Interests": NaN,
        "Net Income Including Noncontrolling Interests": NaN,
        "Net Income Continuous Operations": NaN,
        "Tax Provision": NaN,
        "Pretax Income": NaN,
        "Other Income Expense": NaN,
        "Special Income Charges": NaN,
        "Other Special Charges": 783000.0,
        "Impairment Of Capital Assets": NaN,
        "Restructuring And Mergern Acquisition": NaN,
        "Gain On Sale Of Security": NaN,
        "Net Non Operating Interest Income Expense": NaN,
        "Interest Expense Non Operating": NaN,
        "Operating Income": NaN,
        "Operating Expense": NaN,
        "Selling General And Administration": NaN,
        "General And Administrative Expense": NaN,
        "Other Gand A": NaN,
        "Gross Profit": NaN,
        "Cost Of Revenue": NaN,
        "Total Revenue": NaN,
        "Operating Revenue": NaN
    },
    "2022-12-31": {
        "Tax Effect Of Unusual Items": NaN,
        "Tax Rate For Calcs": NaN,
        "Normalized EBITDA": NaN,
        "Total Unusual Items": NaN,
        "Total Unusual Items Excluding Goodwill": NaN,
        "Net Income From Continuing Operation Net Minority Interest": NaN,
        "Reconciled Depreciation": NaN,
        "Reconciled Cost Of Revenue": NaN,
        "EBITDA": NaN,
        "EBIT": NaN,
        "Net Interest Income": NaN,
        "Interest Expense": NaN,
        "Normalized Income": NaN,
        "Net Income From Continuing And Discontinued Operation": NaN,
        "Total Expenses": NaN,
        "Total Operating Income As Reported": NaN,
        "Diluted Average Shares": NaN,
        "Basic Average Shares": NaN,
        "Diluted EPS": NaN,
        "Basic EPS": NaN,
        "Diluted NI Availto Com Stockholders": NaN,
        "Average Dilution Earnings": NaN,
        "Net Income Common Stockholders": NaN,
        "Otherunder Preferred Stock Dividend": NaN,
        "Net Income": NaN,
        "Minority Interests": NaN,
        "Net Income Including Noncontrolling Interests": NaN,
        "Net Income Continuous Operations": NaN,
        "Tax Provision": NaN,
        "Pretax Income": NaN,
        "Other Income Expense": NaN,
        "Special Income Charges": NaN,
        "Other Special Charges": 0.0,
        "Impairment Of Capital Assets": NaN,
        "Restructuring And Mergern Acquisition": NaN,
        "Gain On Sale Of Security": NaN,
        "Net Non Operating Interest Income Expense": NaN,
        "Interest Expense Non Operating": NaN,
        "Operating Income": NaN,
        "Operating Expense": NaN,
        "Other Operating Expenses": 0.0,
        "Selling General And Administration": NaN,
        "General And Administrative Expense": NaN,
        "Other Gand A": NaN,
        "Gross Profit": NaN,
        "Cost Of Revenue": NaN,
        "Total Revenue": NaN,
        "Operating Revenue": NaN
    },
    "2022-09-30": {
        "Tax Effect Of Unusual Items": NaN,
        "Tax Rate For Calcs": NaN,
        "Normalized EBITDA": NaN,
        "Total Unusual Items": NaN,
        "Total Unusual Items Excluding Goodwill": NaN,
        "Net Income From Continuing Operation Net Minority Interest": NaN,
        "Reconciled Depreciation": NaN,
        "Reconciled Cost Of Revenue": NaN,
        "EBITDA": NaN,
        "EBIT": NaN,
        "Net Interest Income": NaN,
        "Interest Expense": NaN,
        "Normalized Income": NaN,
        "Net Income From Continuing And Discontinued Operation": NaN,
        "Total Expenses": NaN,
        "Total Operating Income As Reported": NaN,
        "Diluted Average Shares": NaN,
        "Basic Average Shares": NaN,
        "Diluted EPS": NaN,
        "Basic EPS": NaN,
        "Diluted NI Availto Com Stockholders": NaN,
        "Average Dilution Earnings": NaN,
        "Net Income Common Stockholders": NaN,
        "Otherunder Preferred Stock Dividend": NaN,
        "Net Income": NaN,
        "Minority Interests": NaN,
        "Net Income Including Noncontrolling Interests": NaN,
        "Net Income Continuous Operations": NaN,
        "Tax Provision": NaN,
        "Pretax Income": NaN,
        "Other Income Expense": NaN,
        "Special Income Charges": NaN,
        "Other Special Charges": 11487000.0,
        "Impairment Of Capital Assets": 0.0,
        "Restructuring And Mergern Acquisition": NaN,
        "Gain On Sale Of Security": NaN,
        "Net Non Operating Interest Income Expense": NaN,
        "Interest Expense Non Operating": NaN,
        "Operating Income": NaN,
        "Operating Expense": NaN,
        "Other Operating Expenses": NaN,
        "Depreciation Amortization Depletion Income Statement": 32005000.0,
        "Selling General And Administration": NaN,
        "General And Administrative Expense": NaN,
        "Other Gand A": NaN,
        "Gross Profit": NaN,
        "Cost Of Revenue": NaN,
        "Total Revenue": NaN,
        "Operating Revenue": NaN
    },
    "2022-06-30": {
        "Tax Effect Of Unusual Items": 497348.350613,
        "Tax Rate For Calcs": 0.030389,
        "Normalized EBITDA": 79758000.0,
        "Total Unusual Items": 16366000.0,
        "Total Unusual Items Excluding Goodwill": 16366000.0,
        "Net Income From Continuing Operation Net Minority Interest": 72013000.0,
        "Reconciled Depreciation": 19912000.0,
        "Reconciled Cost Of Revenue": 19912000.0,
        "EBITDA": 96124000.0,
        "EBIT": 76212000.0,
        "Net Interest Income": -1942000.0,
        "Interest Expense": 1942000.0,
        "Normalized Income": 56144348.350613,
        "Net Income From Continuing And Discontinued Operation": 72013000.0,
        "Total Expenses": 27958000.0,
        "Total Operating Income As Reported": 52896000.0,
        "Diluted Average Shares": 83841000.0,
        "Basic Average Shares": 12522000.0,
        "Diluted EPS": 0.39,
        "Basic EPS": 0.49,
        "Diluted NI Availto Com Stockholders": 6160000.0,
        "Net Income Common Stockholders": 6160000.0,
        "Otherunder Preferred Stock Dividend": 65853000.0,
        "Net Income": 72013000.0,
        "Minority Interests": NaN,
        "Net Income Including Noncontrolling Interests": 72013000.0,
        "Net Income Continuous Operations": 72013000.0,
        "Tax Provision": 2257000.0,
        "Pretax Income": 74270000.0,
        "Other Income Expense": 16366000.0,
        "Special Income Charges": -6950000.0,
        "Other Special Charges": NaN,
        "Write Off": NaN,
        "Impairment Of Capital Assets": NaN,
        "Restructuring And Mergern Acquisition": 6950000.0,
        "Gain On Sale Of Security": 23316000.0,
        "Net Non Operating Interest Income Expense": -1942000.0,
        "Interest Expense Non Operating": 1942000.0,
        "Operating Income": 59846000.0,
        "Operating Expense": 27958000.0,
        "Other Operating Expenses": 1371000.0,
        "Depreciation Amortization Depletion Income Statement": 19912000.0,
        "Selling General And Administration": 8046000.0,
        "General And Administrative Expense": 8046000.0,
        "Other Gand A": 8046000.0,
        "Gross Profit": 67892000.0,
        "Cost Of Revenue": 19912000.0,
        "Total Revenue": 87804000.0,
        "Operating Revenue": 87804000.0
    },
    "2022-03-31": {
        "Diluted EPS": 0.0,
        "Total Revenue": 66,
        "Gross Profit": 66,
        "Operating Income": 41,
        "EBIT": 57,
        "Net Income": NaN
    },
    "2021-12-31": {
        "Diluted EPS": 0.0,
        "Total Revenue": 55,
        "Gross Profit": 55,
        "Operating Income": 26,
        "EBIT": 38,
        "Net Income": NaN
    },
    "2021-09-30": {
        "Diluted EPS": 0.0,
        "Total Revenue": 34,
        "Gross Profit": 34,
        "Operating Income": 14,
        "EBIT": 27,
        "Net Income": 14
    },
    "2021-06-30": {
        "Diluted EPS": 0.0,
        "Total Revenue": 20,
        "Gross Profit": 20,
        "Operating Income": 5,
        "EBIT": 18,
        "Net Income": NaN
    },
    "2021-03-31": {
        "Diluted EPS": -0.12,
        "Total Revenue": 13,
        "Gross Profit": 12,
        "Operating Income": 5,
        "EBIT": 8,
        "Net Income": -1
    },
    "2020-12-31": {
        "Diluted EPS": 0.0,
        "Total Revenue": 16,
        "Gross Profit": 16,
        "Operating Income": -16,
        "EBIT": 5,
        "Net Income": NaN
    },
    "2020-09-30": {
        "Diluted EPS": 0.08,
        "Total Revenue": 10,
        "Gross Profit": 9,
        "Operating Income": 2,
        "EBIT": 6,
        "Net Income": 2
    },
    "2020-06-30": {
        "Diluted EPS": -0.04,
        "Total Revenue": 6,
        "Gross Profit": 6,
        "Operating Income": -1,
        "EBIT": 2,
        "Net Income": 0
    },
    "2020-03-31": {
        "Diluted EPS": 0.44,
        "Total Revenue": 14,
        "Gross Profit": 13,
        "Operating Income": 6,
        "EBIT": 10,
        "Net Income": 8
    },
    "2019-12-31": {
        "Diluted EPS": 0.52,
        "Total Revenue": 13,
        "Gross Profit": 12,
        "Operating Income": 5,
        "EBIT": 8,
        "Net Income": 21
    },
    "2019-09-30": {
        "Diluted EPS": 0.24,
        "Total Revenue": 16,
        "Gross Profit": 15,
        "Operating Income": 8,
        "EBIT": 11,
        "Net Income": 3
    },
    "2019-06-30": {
        "Diluted EPS": 0.32,
        "Total Revenue": 18,
        "Gross Profit": 17,
        "Operating Income": 11,
        "EBIT": 14,
        "Net Income": 4
    },
    "2019-03-31": {
        "Diluted EPS": 0.48,
        "Total Revenue": 21,
        "Gross Profit": 20,
        "Operating Income": 13,
        "EBIT": 17,
        "Net Income": 5
    },
    "2018-12-31": {
        "Diluted EPS": 1.88,
        "Total Revenue": 26,
        "Gross Profit": 25,
        "Operating Income": 18,
        "EBIT": 22,
        "Net Income": 34
    },
    "2018-09-30": {
        "Diluted EPS": 0.24,
        "Total Revenue": 24,
        "Gross Profit": 23,
        "Operating Income": 17,
        "EBIT": 22,
        "Net Income": 13
    },
    "2018-06-30": {
        "Diluted EPS": 0.0,
        "Total Revenue": 26,
        "Gross Profit": 25,
        "Operating Income": 16,
        "EBIT": 22,
        "Net Income": 17
    },
    "2018-03-31": {
        "Diluted EPS": 0.0,
        "Total Revenue": 20,
        "Gross Profit": 19,
        "Operating Income": 12,
        "EBIT": 17,
        "Net Income": 54
    },
    "2017-12-31": {
        "Diluted EPS": 0.0,
        "Total Revenue": 79,
        "Gross Profit": 75,
        "Operating Income": 36,
        "EBIT": 43,
        "Net Income": 68
    },
    "2017-09-30": {
        "Diluted EPS": 0.0,
        "Total Revenue": 19,
        "Gross Profit": 18,
        "Operating Income": 8,
        "EBIT": 8,
        "Net Income": 8
    },
    "2017-06-30": {
        "Diluted EPS": 0.0,
        "Total Revenue": NaN,
        "Gross Profit": NaN,
        "Operating Income": 0,
        "EBIT": 0,
        "Net Income": 0
    },
    "2017-03-31": {
        "Diluted EPS": 0.0,
        "Total Revenue": NaN,
        "Gross Profit": NaN,
        "Operating Income": 0,
        "EBIT": 0,
        "Net Income": 0
    },
    "2016-12-31": {
        "Diluted EPS": 0.0,
        "Total Revenue": NaN,
        "Gross Profit": NaN,
        "Operating Income": NaN,
        "EBIT": NaN,
        "Net Income": NaN
    },
    "2023-06-30": {
        "Tax Effect Of Unusual Items": NaN,
        "Tax Rate For Calcs": NaN,
        "Normalized EBITDA": NaN,
        "Total Unusual Items": NaN,
        "Total Unusual Items Excluding Goodwill": NaN,
        "Net Income From Continuing Operation Net Minority Interest": NaN,
        "Reconciled Depreciation": NaN,
        "Reconciled Cost Of Revenue": NaN,
        "EBITDA": NaN,
        "EBIT": NaN,
        "Net Interest Income": NaN,
        "Interest Expense": NaN,
        "Normalized Income": NaN,
        "Net Income From Continuing And Discontinued Operation": NaN,
        "Total Expenses": NaN,
        "Total Operating Income As Reported": NaN,
        "Diluted Average Shares": 81044000.0,
        "Basic Average Shares": 81044000.0,
        "Diluted EPS": -0.01,
        "Basic EPS": -0.01,
        "Diluted NI Availto Com Stockholders": NaN,
        "Average Dilution Earnings": -383000.0,
        "Net Income Common Stockholders": NaN,
        "Otherunder Preferred Stock Dividend": 0.0,
        "Net Income": NaN,
        "Minority Interests": NaN,
        "Net Income Including Noncontrolling Interests": NaN,
        "Net Income Continuous Operations": NaN,
        "Tax Provision": NaN,
        "Pretax Income": NaN,
        "Other Income Expense": NaN,
        "Special Income Charges": NaN,
        "Other Special Charges": NaN,
        "Impairment Of Capital Assets": 25617000.0,
        "Restructuring And Mergern Acquisition": NaN,
        "Gain On Sale Of Security": NaN,
        "Net Non Operating Interest Income Expense": NaN,
        "Interest Expense Non Operating": NaN,
        "Operating Income": NaN,
        "Operating Expense": NaN,
        "Selling General And Administration": NaN,
        "General And Administrative Expense": NaN,
        "Other Gand A": NaN,
        "Gross Profit": NaN,
        "Cost Of Revenue": NaN,
        "Total Revenue": NaN,
        "Operating Revenue": NaN
    },
    "2023-09-30": {
        "Tax Effect Of Unusual Items": -7752990.0,
        "Tax Rate For Calcs": 0.21,
        "Normalized EBITDA": 144666000.0,
        "Total Unusual Items": -36919000.0,
        "Total Unusual Items Excluding Goodwill": -36919000.0,
        "Net Income From Continuing Operation Net Minority Interest": 287000.0,
        "Reconciled Depreciation": 80716000.0,
        "Reconciled Cost Of Revenue": 80716000.0,
        "EBITDA": 107747000.0,
        "EBIT": 27031000.0,
        "Net Interest Income": -26373000.0,
        "Interest Expense": 26373000.0,
        "Normalized Income": 29453010.0,
        "Net Income From Continuing And Discontinued Operation": 287000.0,
        "Total Expenses": 92760000.0,
        "Total Operating Income As Reported": 51826000.0,
        "Diluted Average Shares": 157260000.0,
        "Basic Average Shares": 81712000.0,
        "Diluted EPS": 0.001825,
        "Basic EPS": 0.003512,
        "Diluted NI Availto Com Stockholders": 287000.0,
        "Average Dilution Earnings": NaN,
        "Net Income Common Stockholders": 287000.0,
        "Otherunder Preferred Stock Dividend": 0.0,
        "Net Income": 287000.0,
        "Minority Interests": 12000.0,
        "Net Income Including Noncontrolling Interests": 275000.0,
        "Net Income Continuous Operations": 275000.0,
        "Tax Provision": 383000.0,
        "Pretax Income": 658000.0,
        "Other Income Expense": -36919000.0,
        "Special Income Charges": -12811000.0,
        "Other Special Charges": 687000.0,
        "Impairment Of Capital Assets": 0.0,
        "Restructuring And Mergern Acquisition": 12124000.0,
        "Gain On Sale Of Security": -24108000.0,
        "Net Non Operating Interest Income Expense": -26373000.0,
        "Interest Expense Non Operating": 26373000.0,
        "Operating Income": 63950000.0,
        "Operating Expense": 12044000.0,
        "Selling General And Administration": 12044000.0,
        "General And Administrative Expense": 12044000.0,
        "Other Gand A": 12044000.0,
        "Gross Profit": 75994000.0,
        "Cost Of Revenue": 80716000.0,
        "Total Revenue": 156710000.0,
        "Operating Revenue": 156710000.0
    },
    "2023-12-31": {
        "Tax Effect Of Unusual Items": -30026441.586053,
        "Tax Rate For Calcs": 0.18752,
        "Normalized EBITDA": 137520000.0,
        "Total Unusual Items": -160124000.0,
        "Total Unusual Items Excluding Goodwill": -160124000.0,
        "Net Income From Continuing Operation Net Minority Interest": -37680000.0,
        "Reconciled Depreciation": 68602000.0,
        "Reconciled Cost Of Revenue": 68602000.0,
        "EBITDA": -22604000.0,
        "EBIT": -91206000.0,
        "Net Interest Income": -21678000.0,
        "Interest Expense": 21678000.0,
        "Normalized Income": 92417558.413947,
        "Net Income From Continuing And Discontinued Operation": -37680000.0,
        "Total Expenses": 80436000.0,
        "Total Operating Income As Reported": -89565000.0,
        "Diluted Average Shares": NaN,
        "Basic Average Shares": NaN,
        "Diluted EPS": NaN,
        "Basic EPS": NaN,
        "Diluted NI Availto Com Stockholders": -69888000.0,
        "Average Dilution Earnings": NaN,
        "Net Income Common Stockholders": -38729000.0,
        "Otherunder Preferred Stock Dividend": 1049000.0,
        "Net Income": -37680000.0,
        "Minority Interests": 54036000.0,
        "Net Income Including Noncontrolling Interests": -91716000.0,
        "Net Income Continuous Operations": -91716000.0,
        "Tax Provision": -21168000.0,
        "Pretax Income": -112884000.0,
        "Other Income Expense": -160124000.0,
        "Special Income Charges": -178579000.0,
        "Other Special Charges": 20096000.0,
        "Impairment Of Capital Assets": 0.0,
        "Restructuring And Mergern Acquisition": 14012000.0,
        "Gain On Sale Of Security": 18455000.0,
        "Net Non Operating Interest Income Expense": -21678000.0,
        "Interest Expense Non Operating": 21678000.0,
        "Operating Income": 68918000.0,
        "Operating Expense": 11834000.0,
        "Selling General And Administration": 11834000.0,
        "General And Administrative Expense": 11834000.0,
        "Other Gand A": 11834000.0,
        "Gross Profit": 80752000.0,
        "Cost Of Revenue": 68602000.0,
        "Total Revenue": 149354000.0,
        "Operating Revenue": 149354000.0
    },
    "2024-03-31": {
        "Tax Effect Of Unusual Items": -2869880.0,
        "Tax Rate For Calcs": 0.13,
        "Normalized EBITDA": 138380000.0,
        "Total Unusual Items": -22076000.0,
        "Total Unusual Items Excluding Goodwill": -22076000.0,
        "Net Income From Continuing Operation Net Minority Interest": 8468000.0,
        "Reconciled Depreciation": 76318000.0,
        "Reconciled Cost Of Revenue": 76318000.0,
        "EBITDA": 116304000.0,
        "EBIT": 39986000.0,
        "Net Interest Income": -18510000.0,
        "Interest Expense": 18510000.0,
        "Normalized Income": 27674120.0,
        "Net Income From Continuing And Discontinued Operation": 8468000.0,
        "Total Expenses": 89329000.0,
        "Total Operating Income As Reported": 50036000.0,
        "Diluted Average Shares": 82404000.0,
        "Basic Average Shares": 82404000.0,
        "Diluted EPS": 0.1,
        "Basic EPS": 0.1,
        "Diluted NI Availto Com Stockholders": 18316000.0,
        "Average Dilution Earnings": 10224000.0,
        "Net Income Common Stockholders": 8092000.0,
        "Otherunder Preferred Stock Dividend": 376000.0,
        "Net Income": 8468000.0,
        "Minority Interests": -10224000.0,
        "Net Income Including Noncontrolling Interests": 18692000.0,
        "Net Income Continuous Operations": 18692000.0,
        "Tax Provision": 2784000.0,
        "Pretax Income": 21476000.0,
        "Other Income Expense": -22076000.0,
        "Special Income Charges": -12026000.0,
        "Other Special Charges": NaN,
        "Impairment Of Capital Assets": NaN,
        "Restructuring And Mergern Acquisition": 12026000.0,
        "Gain On Sale Of Security": -10050000.0,
        "Net Non Operating Interest Income Expense": -18510000.0,
        "Interest Expense Non Operating": 18510000.0,
        "Operating Income": 62062000.0,
        "Operating Expense": 13011000.0,
        "Selling General And Administration": 13011000.0,
        "General And Administrative Expense": 13011000.0,
        "Other Gand A": 13011000.0,
        "Gross Profit": 75073000.0,
        "Cost Of Revenue": 76318000.0,
        "Total Revenue": 151391000.0,
        "Operating Revenue": 151391000.0
    },
    "2024-06-30": {
        "Tax Effect Of Unusual Items": -1864720.0,
        "Tax Rate For Calcs": 0.143,
        "Normalized EBITDA": 155092000.0,
        "Total Unusual Items": -13040000.0,
        "Total Unusual Items Excluding Goodwill": -13040000.0,
        "Net Income From Continuing Operation Net Minority Interest": 12854000.0,
        "Reconciled Depreciation": 85485000.0,
        "Reconciled Cost Of Revenue": 85485000.0,
        "EBITDA": 142052000.0,
        "EBIT": 56567000.0,
        "Net Interest Income": -22688000.0,
        "Interest Expense": 22688000.0,
        "Normalized Income": 24029280.0,
        "Net Income From Continuing And Discontinued Operation": 12854000.0,
        "Total Expenses": 98941000.0,
        "Total Operating Income As Reported": 57174000.0,
        "Diluted Average Shares": 80879000.0,
        "Basic Average Shares": 80751000.0,
        "Diluted EPS": 0.15,
        "Basic EPS": 0.16,
        "Diluted NI Availto Com Stockholders": 12523000.0,
        "Average Dilution Earnings": -331000.0,
        "Net Income Common Stockholders": 12854000.0,
        "Otherunder Preferred Stock Dividend": NaN,
        "Net Income": 12854000.0,
        "Minority Interests": -16187000.0,
        "Net Income Including Noncontrolling Interests": 29041000.0,
        "Net Income Continuous Operations": 29041000.0,
        "Tax Provision": 4838000.0,
        "Pretax Income": 33879000.0,
        "Other Income Expense": -13040000.0,
        "Special Income Charges": -12433000.0,
        "Other Special Charges": NaN,
        "Impairment Of Capital Assets": 0.0,
        "Restructuring And Mergern Acquisition": 12433000.0,
        "Gain On Sale Of Security": -607000.0,
        "Net Non Operating Interest Income Expense": -22688000.0,
        "Interest Expense Non Operating": 22688000.0,
        "Operating Income": 69607000.0,
        "Operating Expense": 13456000.0,
        "Selling General And Administration": 13456000.0,
        "General And Administrative Expense": 13456000.0,
        "Other Gand A": 13456000.0,
        "Gross Profit": 83063000.0,
        "Cost Of Revenue": 85485000.0,
        "Total Revenue": 168548000.0,
        "Operating Revenue": 168548000.0
    },
    "2024-09-30": {
        "Tax Effect Of Unusual Items": -309951.247733,
        "Tax Rate For Calcs": 0.128557,
        "Normalized EBITDA": 134993000.0,
        "Total Unusual Items": -2411000.0,
        "Total Unusual Items Excluding Goodwill": -2411000.0,
        "Net Income From Continuing Operation Net Minority Interest": 12563000.0,
        "Reconciled Depreciation": 78093000.0,
        "Reconciled Cost Of Revenue": 78093000.0,
        "EBITDA": 132582000.0,
        "EBIT": 54489000.0,
        "Net Interest Income": -22511000.0,
        "Interest Expense": 22511000.0,
        "Normalized Income": 14664048.752267,
        "Net Income From Continuing And Discontinued Operation": 12563000.0,
        "Total Expenses": 92475000.0,
        "Total Operating Income As Reported": 46704000.0,
        "Diluted Average Shares": 80278000.0,
        "Basic Average Shares": 80142000.0,
        "Diluted EPS": 0.15,
        "Basic EPS": 0.15,
        "Diluted NI Availto Com Stockholders": 12563000.0,
        "Average Dilution Earnings": NaN,
        "Net Income Common Stockholders": 12563000.0,
        "Otherunder Preferred Stock Dividend": NaN,
        "Net Income": 12563000.0,
        "Minority Interests": -15304000.0,
        "Net Income Including Noncontrolling Interests": 27867000.0,
        "Net Income Continuous Operations": 27867000.0,
        "Tax Provision": 4111000.0,
        "Pretax Income": 31978000.0,
        "Other Income Expense": -2411000.0,
        "Special Income Charges": -10196000.0,
        "Other Special Charges": NaN,
        "Impairment Of Capital Assets": 0.0,
        "Restructuring And Mergern Acquisition": 10196000.0,
        "Gain On Sale Of Security": 7785000.0,
        "Net Non Operating Interest Income Expense": -22511000.0,
        "Interest Expense Non Operating": 22511000.0,
        "Operating Income": 56900000.0,
        "Operating Expense": 14382000.0,
        "Selling General And Administration": 14382000.0,
        "General And Administrative Expense": 14382000.0,
        "Other Gand A": 14382000.0,
        "Gross Profit": 71282000.0,
        "Cost Of Revenue": 78093000.0,
        "Total Revenue": 149375000.0,
        "Operating Revenue": 149375000.0
    }
}