{
    "2023-03-31": {
        "Tax Effect Of Unusual Items": -49358.031988,
        "Tax Rate For Calcs": 0.259779,
        "Normalized EBITDA": 48483000.0,
        "Total Unusual Items": -190000.0,
        "Total Unusual Items Excluding Goodwill": -190000.0,
        "Net Income From Continuing Operation Net Minority Interest": 19649000.0,
        "Reconciled Depreciation": 13692000.0,
        "Reconciled Cost Of Revenue": 331881000.0,
        "EBITDA": 48293000.0,
        "EBIT": 34601000.0,
        "Net Interest Income": -5554000.0,
        "Interest Expense": 7528000.0,
        "Interest Income": 1974000.0,
        "Normalized Income": 19789641.968012,
        "Net Income From Continuing And Discontinued Operation": 19649000.0,
        "Total Expenses": 370762000.0,
        "Total Operating Income As Reported": 32627000.0,
        "Diluted Average Shares": 30789000.0,
        "Basic Average Shares": 30618000.0,
        "Diluted EPS": 0.64,
        "Basic EPS": 0.64,
        "Diluted NI Availto Com Stockholders": 19649000.0,
        "Net Income Common Stockholders": 19649000.0,
        "Net Income": 19649000.0,
        "Minority Interests": -391000.0,
        "Net Income Including Noncontrolling Interests": 20040000.0,
        "Net Income Discontinuous Operations": NaN,
        "Net Income Continuous Operations": 20040000.0,
        "Tax Provision": 7033000.0,
        "Pretax Income": 27073000.0,
        "Other Income Expense": -190000.0,
        "Special Income Charges": -190000.0,
        "Restructuring And Mergern Acquisition": 190000.0,
        "Net Non Operating Interest Income Expense": -5554000.0,
        "Interest Expense Non Operating": 7528000.0,
        "Interest Income Non Operating": 1974000.0,
        "Operating Income": 32817000.0,
        "Operating Expense": 28925000.0,
        "Other Operating Expenses": 1868000.0,
        "Depreciation Amortization Depletion Income Statement": 3736000.0,
        "Depreciation And Amortization In Income Statement": 3736000.0,
        "Amortization": 3736000.0,
        "Amortization Of Intangibles Income Statement": 3736000.0,
        "Selling General And Administration": 23321000.0,
        "General And Administrative Expense": 23321000.0,
        "Other Gand A": 23321000.0,
        "Gross Profit": 61742000.0,
        "Cost Of Revenue": 341837000.0,
        "Total Revenue": 403579000.0,
        "Operating Revenue": 403579000.0
    },
    "2022-12-31": {
        "Tax Effect Of Unusual Items": -882630.53193,
        "Tax Rate For Calcs": 0.354044,
        "Normalized EBITDA": 57084000.0,
        "Total Unusual Items": -2493000.0,
        "Total Unusual Items Excluding Goodwill": -2493000.0,
        "Net Income From Continuing Operation Net Minority Interest": 21981000.0,
        "Reconciled Depreciation": 13516000.0,
        "Reconciled Cost Of Revenue": 213578000.0,
        "EBITDA": 54591000.0,
        "EBIT": 41075000.0,
        "Net Interest Income": -5712000.0,
        "Interest Expense": 6390000.0,
        "Interest Income": 678000.0,
        "Normalized Income": 23591369.46807,
        "Net Income From Continuing And Discontinued Operation": 31725000.0,
        "Total Expenses": 248716000.0,
        "Total Operating Income As Reported": 42825000.0,
        "Diluted Average Shares": 30739000.0,
        "Basic Average Shares": 30324000.0,
        "Diluted EPS": 1.03,
        "Basic EPS": 1.05,
        "Diluted NI Availto Com Stockholders": 31725000.0,
        "Net Income Common Stockholders": 31725000.0,
        "Net Income": 31725000.0,
        "Minority Interests": -424000.0,
        "Net Income Including Noncontrolling Interests": 32149000.0,
        "Net Income Discontinuous Operations": NaN,
        "Net Income Continuous Operations": 22405000.0,
        "Tax Provision": 12280000.0,
        "Pretax Income": 34685000.0,
        "Other Income Expense": -2493000.0,
        "Special Income Charges": -2493000.0,
        "Restructuring And Mergern Acquisition": 65000.0,
        "Net Non Operating Interest Income Expense": -5712000.0,
        "Interest Expense Non Operating": 6390000.0,
        "Interest Income Non Operating": 678000.0,
        "Operating Income": 42890000.0,
        "Operating Expense": 25131000.0,
        "Other Operating Expenses": 8104000.0,
        "Depreciation Amortization Depletion Income Statement": 3509000.0,
        "Depreciation And Amortization In Income Statement": 3509000.0,
        "Amortization": 3509000.0,
        "Amortization Of Intangibles Income Statement": 3509000.0,
        "Selling General And Administration": 13518000.0,
        "General And Administrative Expense": 13518000.0,
        "Other Gand A": 13518000.0,
        "Gross Profit": 68021000.0,
        "Cost Of Revenue": 223585000.0,
        "Total Revenue": 291606000.0,
        "Operating Revenue": 291606000.0
    },
    "2022-09-30": {
        "Tax Effect Of Unusual Items": -81438.0,
        "Tax Rate For Calcs": 0.294,
        "Normalized EBITDA": 61268000.0,
        "Total Unusual Items": -277000.0,
        "Total Unusual Items Excluding Goodwill": -277000.0,
        "Net Income From Continuing Operation Net Minority Interest": 29523000.0,
        "Reconciled Depreciation": 13138000.0,
        "Reconciled Cost Of Revenue": 465290000.0,
        "EBITDA": 60991000.0,
        "EBIT": 47853000.0,
        "Net Interest Income": -4967000.0,
        "Interest Expense": 5134000.0,
        "Interest Income": 167000.0,
        "Normalized Income": 29718562.0,
        "Net Income From Continuing And Discontinued Operation": 29523000.0,
        "Total Expenses": 508979000.0,
        "Total Operating Income As Reported": 47686000.0,
        "Diluted Average Shares": 30540000.0,
        "Basic Average Shares": 30278000.0,
        "Diluted EPS": 0.97,
        "Basic EPS": 0.98,
        "Diluted NI Availto Com Stockholders": 29523000.0,
        "Net Income Common Stockholders": 29523000.0,
        "Net Income": 29523000.0,
        "Minority Interests": -634000.0,
        "Net Income Including Noncontrolling Interests": 30157000.0,
        "Net Income Discontinuous Operations": NaN,
        "Net Income Continuous Operations": 30157000.0,
        "Tax Provision": 12562000.0,
        "Pretax Income": 42719000.0,
        "Other Income Expense": -277000.0,
        "Special Income Charges": -277000.0,
        "Restructuring And Mergern Acquisition": 277000.0,
        "Net Non Operating Interest Income Expense": -4967000.0,
        "Interest Expense Non Operating": 5134000.0,
        "Interest Income Non Operating": 167000.0,
        "Operating Income": 47963000.0,
        "Operating Expense": 34060000.0,
        "Other Operating Expenses": 4085000.0,
        "Depreciation Amortization Depletion Income Statement": 3509000.0,
        "Depreciation And Amortization In Income Statement": 3509000.0,
        "Amortization": 3509000.0,
        "Amortization Of Intangibles Income Statement": 3509000.0,
        "Selling General And Administration": 26466000.0,
        "General And Administrative Expense": 26466000.0,
        "Other Gand A": 26466000.0,
        "Gross Profit": 82023000.0,
        "Cost Of Revenue": 474919000.0,
        "Total Revenue": 556942000.0,
        "Operating Revenue": 556942000.0
    },
    "2022-06-30": {
        "Tax Effect Of Unusual Items": -64455.240175,
        "Tax Rate For Calcs": 0.28024,
        "Normalized EBITDA": 44864000.0,
        "Total Unusual Items": -230000.0,
        "Total Unusual Items Excluding Goodwill": -230000.0,
        "Net Income From Continuing Operation Net Minority Interest": 25961000.0,
        "Reconciled Depreciation": 3514000.0,
        "Reconciled Cost Of Revenue": 442184000.0,
        "EBITDA": 44634000.0,
        "EBIT": 41120000.0,
        "Net Interest Income": -4450000.0,
        "Interest Expense": 4480000.0,
        "Interest Income": 30000.0,
        "Normalized Income": 26126544.759825,
        "Net Income From Continuing And Discontinued Operation": 25961000.0,
        "Total Expenses": 469248000.0,
        "Total Operating Income As Reported": 41090000.0,
        "Diluted Average Shares": 30362000.0,
        "Basic Average Shares": 30225000.0,
        "Diluted EPS": 0.86,
        "Basic EPS": 0.86,
        "Diluted NI Availto Com Stockholders": 25961000.0,
        "Net Income Common Stockholders": 25961000.0,
        "Net Income": 25961000.0,
        "Minority Interests": -411000.0,
        "Net Income Including Noncontrolling Interests": 26372000.0,
        "Net Income Discontinuous Operations": NaN,
        "Net Income Continuous Operations": 26372000.0,
        "Tax Provision": 10268000.0,
        "Pretax Income": 36640000.0,
        "Other Income Expense": -230000.0,
        "Special Income Charges": -230000.0,
        "Restructuring And Mergern Acquisition": 230000.0,
        "Net Non Operating Interest Income Expense": -4450000.0,
        "Interest Expense Non Operating": 4480000.0,
        "Interest Income Non Operating": 30000.0,
        "Operating Income": 41320000.0,
        "Operating Expense": 27064000.0,
        "Other Operating Expenses": 126000.0,
        "Depreciation Amortization Depletion Income Statement": 3514000.0,
        "Depreciation And Amortization In Income Statement": 3514000.0,
        "Amortization": 3514000.0,
        "Amortization Of Intangibles Income Statement": 3514000.0,
        "Selling General And Administration": 23424000.0,
        "General And Administrative Expense": 23424000.0,
        "Other Gand A": 23424000.0,
        "Gross Profit": 68384000.0,
        "Cost Of Revenue": 442184000.0,
        "Total Revenue": 510568000.0,
        "Operating Revenue": 510568000.0
    },
    "2022-03-31": {
        "Diluted EPS": 0.64,
        "Total Revenue": 366,
        "Gross Profit": 55,
        "Operating Income": 29,
        "EBIT": 42,
        "Net Income": 18
    },
    "2021-12-31": {
        "Diluted EPS": 0.37,
        "Total Revenue": 234,
        "Gross Profit": 44,
        "Operating Income": 20,
        "EBIT": 29,
        "Net Income": 11
    },
    "2021-09-30": {
        "Diluted EPS": 0.72,
        "Total Revenue": 463,
        "Gross Profit": 58,
        "Operating Income": 32,
        "EBIT": 41,
        "Net Income": 21
    },
    "2021-06-30": {
        "Diluted EPS": 0.69,
        "Total Revenue": 402,
        "Gross Profit": 56,
        "Operating Income": 33,
        "EBIT": 42,
        "Net Income": 20
    },
    "2021-03-31": {
        "Diluted EPS": 0.37,
        "Total Revenue": 315,
        "Gross Profit": 45,
        "Operating Income": 23,
        "EBIT": 32,
        "Net Income": 11
    },
    "2020-12-31": {
        "Diluted EPS": 0.2,
        "Total Revenue": 147,
        "Gross Profit": 35,
        "Operating Income": 19,
        "EBIT": 27,
        "Net Income": 6
    },
    "2020-09-30": {
        "Diluted EPS": 0.54,
        "Total Revenue": 383,
        "Gross Profit": 50,
        "Operating Income": 29,
        "EBIT": 38,
        "Net Income": 15
    },
    "2020-06-30": {
        "Diluted EPS": 0.65,
        "Total Revenue": 400,
        "Gross Profit": 60,
        "Operating Income": 33,
        "EBIT": 42,
        "Net Income": 18
    },
    "2020-03-31": {
        "Diluted EPS": 0.11,
        "Total Revenue": 297,
        "Gross Profit": 35,
        "Operating Income": 12,
        "EBIT": 21,
        "Net Income": 3
    },
    "2019-12-31": {
        "Diluted EPS": 0.81,
        "Total Revenue": 347,
        "Gross Profit": 34,
        "Operating Income": 10,
        "EBIT": 19,
        "Net Income": 22
    },
    "2019-09-30": {
        "Diluted EPS": 0.3,
        "Total Revenue": 292,
        "Gross Profit": 29,
        "Operating Income": 12,
        "EBIT": 17,
        "Net Income": 8
    },
    "2019-06-30": {
        "Diluted EPS": 0.29,
        "Total Revenue": 264,
        "Gross Profit": 25,
        "Operating Income": 11,
        "EBIT": 16,
        "Net Income": 8
    },
    "2019-03-31": {
        "Diluted EPS": 0.07,
        "Total Revenue": 224,
        "Gross Profit": 20,
        "Operating Income": 5,
        "EBIT": 10,
        "Net Income": 2
    },
    "2018-12-31": {
        "Diluted EPS": 0.21,
        "Total Revenue": 255,
        "Gross Profit": 28,
        "Operating Income": 9,
        "EBIT": 14,
        "Net Income": 6
    },
    "2018-09-30": {
        "Diluted EPS": 0.33,
        "Total Revenue": 291,
        "Gross Profit": 31,
        "Operating Income": 14,
        "EBIT": 19,
        "Net Income": 9
    },
    "2018-06-30": {
        "Diluted EPS": 0.3,
        "Total Revenue": 269,
        "Gross Profit": 31,
        "Operating Income": 12,
        "EBIT": 17,
        "Net Income": 8
    },
    "2018-03-31": {
        "Diluted EPS": 0.09,
        "Total Revenue": 222,
        "Gross Profit": 20,
        "Operating Income": 7,
        "EBIT": 12,
        "Net Income": 2
    },
    "2017-12-31": {
        "Diluted EPS": 0.13,
        "Total Revenue": 254,
        "Gross Profit": 24,
        "Operating Income": 7,
        "EBIT": 13,
        "Net Income": 3
    },
    "2017-09-30": {
        "Diluted EPS": 0.26,
        "Total Revenue": 304,
        "Gross Profit": 31,
        "Operating Income": 13,
        "EBIT": 17,
        "Net Income": 7
    },
    "2017-06-30": {
        "Diluted EPS": 0.13,
        "Total Revenue": 246,
        "Gross Profit": 25,
        "Operating Income": 8,
        "EBIT": 13,
        "Net Income": 4
    },
    "2017-03-31": {
        "Diluted EPS": -0.09,
        "Total Revenue": 153,
        "Gross Profit": 9,
        "Operating Income": -2,
        "EBIT": 2,
        "Net Income": -2
    },
    "2016-12-31": {
        "Diluted EPS": -0.22,
        "Total Revenue": 168,
        "Gross Profit": 6,
        "Operating Income": -5,
        "EBIT": -1,
        "Net Income": -6
    },
    "2016-09-30": {
        "Diluted EPS": 0.1,
        "Total Revenue": 206,
        "Gross Profit": 17,
        "Operating Income": 4,
        "EBIT": 8,
        "Net Income": 2
    },
    "2016-06-30": {
        "Diluted EPS": 0.09,
        "Total Revenue": 190,
        "Gross Profit": 16,
        "Operating Income": 3,
        "EBIT": 7,
        "Net Income": 2
    },
    "2016-03-31": {
        "Diluted EPS": -0.37,
        "Total Revenue": 127,
        "Gross Profit": 4,
        "Operating Income": -6,
        "EBIT": -2,
        "Net Income": -7
    },
    "2015-12-31": {
        "Diluted EPS": -1.0,
        "Total Revenue": 152,
        "Gross Profit": 11,
        "Operating Income": 0,
        "EBIT": 4,
        "Net Income": -20
    },
    "2015-09-30": {
        "Diluted EPS": 0.01,
        "Total Revenue": 176,
        "Gross Profit": 14,
        "Operating Income": 2,
        "EBIT": 6,
        "Net Income": 0
    },
    "2015-06-30": {
        "Diluted EPS": -0.13,
        "Total Revenue": 177,
        "Gross Profit": 9,
        "Operating Income": 0,
        "EBIT": 4,
        "Net Income": -3
    },
    "2015-03-31": {
        "Diluted EPS": -0.9,
        "Total Revenue": 118,
        "Gross Profit": -7,
        "Operating Income": -17,
        "EBIT": -12,
        "Net Income": -17
    },
    "2014-12-31": {
        "Diluted EPS": -0.41,
        "Total Revenue": 154,
        "Gross Profit": 4,
        "Operating Income": -6,
        "EBIT": -1,
        "Net Income": -7
    },
    "2014-09-30": {
        "Diluted EPS": -0.21,
        "Total Revenue": 189,
        "Gross Profit": 8,
        "Operating Income": -2,
        "EBIT": 3,
        "Net Income": -4
    },
    "2014-06-30": {
        "Diluted EPS": 0.07,
        "Total Revenue": 195,
        "Gross Profit": 12,
        "Operating Income": 3,
        "EBIT": 7,
        "Net Income": 1
    },
    "2014-03-31": {
        "Diluted EPS": 0.01,
        "Total Revenue": 135,
        "Gross Profit": 8,
        "Operating Income": 0,
        "EBIT": 5,
        "Net Income": 0
    },
    "2013-12-31": {
        "Diluted EPS": -3.53,
        "Total Revenue": 126,
        "Gross Profit": -23,
        "Operating Income": -37,
        "EBIT": -32,
        "Net Income": -58
    },
    "2013-09-30": {
        "Diluted EPS": -0.06,
        "Total Revenue": 186,
        "Gross Profit": 8,
        "Operating Income": 2,
        "EBIT": 6,
        "Net Income": 0
    },
    "2013-06-30": {
        "Diluted EPS": -0.93,
        "Total Revenue": 133,
        "Gross Profit": -17,
        "Operating Income": -26,
        "EBIT": -21,
        "Net Income": -17
    },
    "2013-03-31": {
        "Diluted EPS": -0.39,
        "Total Revenue": 111,
        "Gross Profit": 1,
        "Operating Income": -8,
        "EBIT": -3,
        "Net Income": -6
    },
    "2012-12-31": {
        "Diluted EPS": 0.02,
        "Total Revenue": 158,
        "Gross Profit": 16,
        "Operating Income": 8,
        "EBIT": 13,
        "Net Income": -1
    },
    "2012-09-30": {
        "Diluted EPS": 0.01,
        "Total Revenue": 205,
        "Gross Profit": 14,
        "Operating Income": 4,
        "EBIT": 9,
        "Net Income": 1
    },
    "2012-06-30": {
        "Diluted EPS": 0.15,
        "Total Revenue": 169,
        "Gross Profit": 15,
        "Operating Income": 8,
        "EBIT": 13,
        "Net Income": 3
    },
    "2012-03-31": {
        "Diluted EPS": -0.44,
        "Total Revenue": 98,
        "Gross Profit": 2,
        "Operating Income": -5,
        "EBIT": 0,
        "Net Income": -7
    },
    "2011-12-31": {
        "Diluted EPS": -2.7,
        "Total Revenue": 114,
        "Gross Profit": 4,
        "Operating Income": -69,
        "EBIT": 3,
        "Net Income": -44
    },
    "2011-09-30": {
        "Diluted EPS": 0.21,
        "Total Revenue": 159,
        "Gross Profit": 15,
        "Operating Income": 8,
        "EBIT": 12,
        "Net Income": 3
    },
    "2011-06-30": {
        "Diluted EPS": 0.25,
        "Total Revenue": 128,
        "Gross Profit": 14,
        "Operating Income": 7,
        "EBIT": 12,
        "Net Income": 4
    },
    "2011-03-31": {
        "Diluted EPS": 0.0,
        "Total Revenue": 99,
        "Gross Profit": 8,
        "Operating Income": 2,
        "EBIT": 6,
        "Net Income": 0
    },
    "2010-12-31": {
        "Diluted EPS": 0.55,
        "Total Revenue": 138,
        "Gross Profit": 29,
        "Operating Income": 20,
        "EBIT": 23,
        "Net Income": 9
    },
    "2010-09-30": {
        "Diluted EPS": 0.21,
        "Total Revenue": 119,
        "Gross Profit": 13,
        "Operating Income": 6,
        "EBIT": 10,
        "Net Income": 3
    },
    "2010-06-30": {
        "Diluted EPS": 0.28,
        "Total Revenue": 117,
        "Gross Profit": 13,
        "Operating Income": 7,
        "EBIT": 12,
        "Net Income": 5
    },
    "2010-03-31": {
        "Diluted EPS": 0.09,
        "Total Revenue": 86,
        "Gross Profit": 8,
        "Operating Income": 3,
        "EBIT": 7,
        "Net Income": 2
    },
    "2009-12-31": {
        "Diluted EPS": 0.03,
        "Total Revenue": 72,
        "Gross Profit": 7,
        "Operating Income": 1,
        "EBIT": 4,
        "Net Income": 1
    },
    "2009-09-30": {
        "Diluted EPS": 0.59,
        "Total Revenue": 104,
        "Gross Profit": 17,
        "Operating Income": 13,
        "EBIT": 16,
        "Net Income": 8
    },
    "2009-06-30": {
        "Diluted EPS": 0.68,
        "Total Revenue": 120,
        "Gross Profit": 19,
        "Operating Income": 15,
        "EBIT": 18,
        "Net Income": 9
    },
    "2009-03-31": {
        "Diluted EPS": 0.41,
        "Total Revenue": 95,
        "Gross Profit": 12,
        "Operating Income": 9,
        "EBIT": 12,
        "Net Income": 6
    },
    "2023-06-30": {
        "Tax Effect Of Unusual Items": -15635.0,
        "Tax Rate For Calcs": 0.265,
        "Normalized EBITDA": 76505000.0,
        "Total Unusual Items": -59000.0,
        "Total Unusual Items Excluding Goodwill": -59000.0,
        "Net Income From Continuing Operation Net Minority Interest": 39480000.0,
        "Reconciled Depreciation": 13980000.0,
        "Reconciled Cost Of Revenue": 419808000.0,
        "EBITDA": 76446000.0,
        "EBIT": 62466000.0,
        "Net Interest Income": -5528000.0,
        "Interest Expense": 7731000.0,
        "Interest Income": 2203000.0,
        "Normalized Income": 39523365.0,
        "Net Income From Continuing And Discontinued Operation": 39480000.0,
        "Total Expenses": 462003000.0,
        "Total Operating Income As Reported": 60263000.0,
        "Diluted Average Shares": 31000000.0,
        "Basic Average Shares": 30780000.0,
        "Diluted EPS": 1.27,
        "Basic EPS": 1.28,
        "Diluted NI Availto Com Stockholders": 39480000.0,
        "Net Income Common Stockholders": 39480000.0,
        "Net Income": 39480000.0,
        "Minority Interests": -750000.0,
        "Net Income Including Noncontrolling Interests": 40230000.0,
        "Net Income Discontinuous Operations": 0.0,
        "Net Income Continuous Operations": 40230000.0,
        "Tax Provision": 14505000.0,
        "Pretax Income": 54735000.0,
        "Other Income Expense": -59000.0,
        "Special Income Charges": -59000.0,
        "Restructuring And Mergern Acquisition": 59000.0,
        "Net Non Operating Interest Income Expense": -5528000.0,
        "Interest Expense Non Operating": 7731000.0,
        "Interest Income Non Operating": 2203000.0,
        "Operating Income": 60322000.0,
        "Operating Expense": 31952000.0,
        "Other Operating Expenses": 4181000.0,
        "Depreciation Amortization Depletion Income Statement": 3737000.0,
        "Depreciation And Amortization In Income Statement": 3737000.0,
        "Amortization": 3737000.0,
        "Amortization Of Intangibles Income Statement": 3737000.0,
        "Selling General And Administration": 24034000.0,
        "General And Administrative Expense": 24034000.0,
        "Other Gand A": 24034000.0,
        "Gross Profit": 92274000.0,
        "Cost Of Revenue": 430051000.0,
        "Total Revenue": 522325000.0,
        "Operating Revenue": 522325000.0
    },
    "2023-09-30": {
        "Tax Effect Of Unusual Items": -26471.0,
        "Tax Rate For Calcs": 0.257,
        "Normalized EBITDA": 76247000.0,
        "Total Unusual Items": -103000.0,
        "Total Unusual Items Excluding Goodwill": -103000.0,
        "Net Income From Continuing Operation Net Minority Interest": 39353000.0,
        "Reconciled Depreciation": 14857000.0,
        "Reconciled Cost Of Revenue": 457359000.0,
        "EBITDA": 76144000.0,
        "EBIT": 61287000.0,
        "Net Interest Income": -3107000.0,
        "Interest Expense": 7257000.0,
        "Interest Income": 4150000.0,
        "Normalized Income": 39429529.0,
        "Net Income From Continuing And Discontinued Operation": 39353000.0,
        "Total Expenses": 503107000.0,
        "Total Operating Income As Reported": 57137000.0,
        "Diluted Average Shares": 31217000.0,
        "Basic Average Shares": 30800000.0,
        "Diluted EPS": 1.26,
        "Basic EPS": 1.28,
        "Diluted NI Availto Com Stockholders": 39353000.0,
        "Net Income Common Stockholders": 39353000.0,
        "Net Income": 39353000.0,
        "Minority Interests": -786000.0,
        "Net Income Including Noncontrolling Interests": 40139000.0,
        "Net Income Discontinuous Operations": 0.0,
        "Net Income Continuous Operations": 40139000.0,
        "Tax Provision": 13891000.0,
        "Pretax Income": 54030000.0,
        "Other Income Expense": -103000.0,
        "Special Income Charges": -103000.0,
        "Restructuring And Mergern Acquisition": 103000.0,
        "Net Non Operating Interest Income Expense": -3107000.0,
        "Interest Expense Non Operating": 7257000.0,
        "Interest Income Non Operating": 4150000.0,
        "Operating Income": 57240000.0,
        "Operating Expense": 34627000.0,
        "Other Operating Expenses": 5654000.0,
        "Depreciation Amortization Depletion Income Statement": 3736000.0,
        "Depreciation And Amortization In Income Statement": 3736000.0,
        "Amortization": 3736000.0,
        "Amortization Of Intangibles Income Statement": 3736000.0,
        "Selling General And Administration": 25237000.0,
        "General And Administrative Expense": 25237000.0,
        "Other Gand A": 25237000.0,
        "Gross Profit": 91867000.0,
        "Cost Of Revenue": 468480000.0,
        "Total Revenue": 560347000.0,
        "Operating Revenue": 560347000.0
    },
    "2023-12-31": {
        "Tax Effect Of Unusual Items": -117378.845136,
        "Tax Rate For Calcs": 0.225295,
        "Normalized EBITDA": 76976000.0,
        "Total Unusual Items": -521000.0,
        "Total Unusual Items Excluding Goodwill": -521000.0,
        "Net Income From Continuing Operation Net Minority Interest": 40173000.0,
        "Reconciled Depreciation": 14874000.0,
        "Reconciled Cost Of Revenue": 383366000.0,
        "EBITDA": 76455000.0,
        "EBIT": 61581000.0,
        "Net Interest Income": -991000.0,
        "Interest Expense": 6804000.0,
        "Interest Income": 5813000.0,
        "Normalized Income": 40576621.154864,
        "Net Income From Continuing And Discontinued Operation": 40173000.0,
        "Total Expenses": 429689000.0,
        "Total Operating Income As Reported": 55768000.0,
        "Diluted Average Shares": 31334000.0,
        "Basic Average Shares": 30819000.0,
        "Diluted EPS": 1.28,
        "Basic EPS": 1.3,
        "Diluted NI Availto Com Stockholders": 40173000.0,
        "Net Income Common Stockholders": 40173000.0,
        "Net Income": 40173000.0,
        "Minority Interests": -2263000.0,
        "Net Income Including Noncontrolling Interests": 42436000.0,
        "Net Income Discontinuous Operations": 0.0,
        "Net Income Continuous Operations": 42436000.0,
        "Tax Provision": 12341000.0,
        "Pretax Income": 54777000.0,
        "Other Income Expense": -521000.0,
        "Special Income Charges": -521000.0,
        "Restructuring And Mergern Acquisition": 521000.0,
        "Net Non Operating Interest Income Expense": -991000.0,
        "Interest Expense Non Operating": 6804000.0,
        "Interest Income Non Operating": 5813000.0,
        "Operating Income": 56289000.0,
        "Operating Expense": 35466000.0,
        "Other Operating Expenses": 5338000.0,
        "Depreciation Amortization Depletion Income Statement": 4017000.0,
        "Depreciation And Amortization In Income Statement": 4017000.0,
        "Amortization": 4017000.0,
        "Amortization Of Intangibles Income Statement": 4017000.0,
        "Selling General And Administration": 26111000.0,
        "General And Administrative Expense": 26111000.0,
        "Other Gand A": 26111000.0,
        "Gross Profit": 91755000.0,
        "Cost Of Revenue": 394223000.0,
        "Total Revenue": 485978000.0,
        "Operating Revenue": 485978000.0
    },
    "2024-03-31": {
        "Tax Effect Of Unusual Items": -6624.0,
        "Tax Rate For Calcs": 0.184,
        "Normalized EBITDA": 64321000.0,
        "Total Unusual Items": -36000.0,
        "Total Unusual Items Excluding Goodwill": -36000.0,
        "Net Income From Continuing Operation Net Minority Interest": 31048000.0,
        "Reconciled Depreciation": 16258000.0,
        "Reconciled Cost Of Revenue": 351495000.0,
        "EBITDA": 64285000.0,
        "EBIT": 48027000.0,
        "Net Interest Income": -762000.0,
        "Interest Expense": 6664000.0,
        "Interest Income": 5902000.0,
        "Normalized Income": 31077376.0,
        "Net Income From Continuing And Discontinued Operation": 31048000.0,
        "Total Expenses": 398199000.0,
        "Total Operating Income As Reported": 42125000.0,
        "Diluted Average Shares": 31186000.0,
        "Basic Average Shares": 30977000.0,
        "Diluted EPS": 1.0,
        "Basic EPS": 1.0,
        "Diluted NI Availto Com Stockholders": 31048000.0,
        "Net Income Common Stockholders": 31048000.0,
        "Net Income": 31048000.0,
        "Minority Interests": -2711000.0,
        "Net Income Including Noncontrolling Interests": 33759000.0,
        "Net Income Discontinuous Operations": NaN,
        "Net Income Continuous Operations": 33759000.0,
        "Tax Provision": 7604000.0,
        "Pretax Income": 41363000.0,
        "Other Income Expense": -36000.0,
        "Special Income Charges": -36000.0,
        "Restructuring And Mergern Acquisition": 36000.0,
        "Net Non Operating Interest Income Expense": -762000.0,
        "Interest Expense Non Operating": 6664000.0,
        "Interest Income Non Operating": 5902000.0,
        "Operating Income": 42161000.0,
        "Operating Expense": 34743000.0,
        "Other Operating Expenses": 3148000.0,
        "Depreciation Amortization Depletion Income Statement": 4297000.0,
        "Depreciation And Amortization In Income Statement": 4297000.0,
        "Amortization": 4297000.0,
        "Amortization Of Intangibles Income Statement": 4297000.0,
        "Selling General And Administration": 27298000.0,
        "General And Administrative Expense": 27298000.0,
        "Other Gand A": 27298000.0,
        "Gross Profit": 76904000.0,
        "Cost Of Revenue": 363456000.0,
        "Total Revenue": 440360000.0,
        "Operating Revenue": 440360000.0
    }
}