{
    "2023-03-31": {
        "Tax Effect Of Unusual Items": NaN,
        "Tax Rate For Calcs": NaN,
        "Normalized EBITDA": NaN,
        "Total Unusual Items": NaN,
        "Total Unusual Items Excluding Goodwill": NaN,
        "Net Income From Continuing Operation Net Minority Interest": NaN,
        "Reconciled Depreciation": NaN,
        "Reconciled Cost Of Revenue": NaN,
        "EBITDA": NaN,
        "EBIT": NaN,
        "Net Interest Income": 0.0,
        "Interest Expense": 0.0,
        "Normalized Income": NaN,
        "Net Income From Continuing And Discontinued Operation": NaN,
        "Total Expenses": NaN,
        "Rent Expense Supplemental": NaN,
        "Total Operating Income As Reported": NaN,
        "Diluted Average Shares": NaN,
        "Basic Average Shares": NaN,
        "Diluted EPS": NaN,
        "Basic EPS": NaN,
        "Diluted NI Availto Com Stockholders": NaN,
        "Net Income Common Stockholders": NaN,
        "Net Income": NaN,
        "Minority Interests": NaN,
        "Net Income Including Noncontrolling Interests": NaN,
        "Net Income Discontinuous Operations": 0.0,
        "Net Income Continuous Operations": NaN,
        "Earnings From Equity Interest Net Of Tax": NaN,
        "Tax Provision": NaN,
        "Pretax Income": NaN,
        "Other Income Expense": NaN,
        "Other Non Operating Income Expenses": NaN,
        "Special Income Charges": NaN,
        "Gain On Sale Of Ppe": 0.0,
        "Other Special Charges": NaN,
        "Impairment Of Capital Assets": NaN,
        "Net Non Operating Interest Income Expense": 0.0,
        "Interest Expense Non Operating": 0.0,
        "Operating Income": NaN,
        "Operating Expense": NaN,
        "Selling General And Administration": NaN,
        "General And Administrative Expense": NaN,
        "Other Gand A": NaN,
        "Gross Profit": NaN,
        "Cost Of Revenue": NaN,
        "Total Revenue": NaN,
        "Operating Revenue": NaN
    },
    "2022-12-31": {
        "Tax Effect Of Unusual Items": NaN,
        "Tax Rate For Calcs": NaN,
        "Normalized EBITDA": NaN,
        "Total Unusual Items": NaN,
        "Total Unusual Items Excluding Goodwill": NaN,
        "Net Income From Continuing Operation Net Minority Interest": NaN,
        "Reconciled Depreciation": NaN,
        "Reconciled Cost Of Revenue": NaN,
        "EBITDA": NaN,
        "EBIT": NaN,
        "Net Interest Income": 0.0,
        "Interest Expense": 0.0,
        "Normalized Income": NaN,
        "Net Income From Continuing And Discontinued Operation": NaN,
        "Total Expenses": NaN,
        "Rent Expense Supplemental": NaN,
        "Total Operating Income As Reported": NaN,
        "Diluted Average Shares": NaN,
        "Basic Average Shares": NaN,
        "Diluted EPS": NaN,
        "Basic EPS": NaN,
        "Diluted NI Availto Com Stockholders": NaN,
        "Net Income Common Stockholders": NaN,
        "Net Income": NaN,
        "Minority Interests": NaN,
        "Net Income Including Noncontrolling Interests": NaN,
        "Net Income Discontinuous Operations": 520000.0,
        "Net Income Continuous Operations": NaN,
        "Earnings From Equity Interest Net Of Tax": NaN,
        "Tax Provision": NaN,
        "Pretax Income": NaN,
        "Other Income Expense": NaN,
        "Other Non Operating Income Expenses": NaN,
        "Special Income Charges": NaN,
        "Gain On Sale Of Ppe": 0.0,
        "Other Special Charges": NaN,
        "Impairment Of Capital Assets": 0.0,
        "Net Non Operating Interest Income Expense": 0.0,
        "Interest Expense Non Operating": 0.0,
        "Operating Income": NaN,
        "Operating Expense": NaN,
        "Selling General And Administration": NaN,
        "General And Administrative Expense": NaN,
        "Other Gand A": NaN,
        "Gross Profit": NaN,
        "Cost Of Revenue": NaN,
        "Total Revenue": NaN,
        "Operating Revenue": NaN
    },
    "2022-09-30": {
        "Tax Effect Of Unusual Items": NaN,
        "Tax Rate For Calcs": NaN,
        "Normalized EBITDA": NaN,
        "Total Unusual Items": NaN,
        "Total Unusual Items Excluding Goodwill": NaN,
        "Net Income From Continuing Operation Net Minority Interest": NaN,
        "Reconciled Depreciation": NaN,
        "Reconciled Cost Of Revenue": NaN,
        "EBITDA": NaN,
        "EBIT": NaN,
        "Net Interest Income": NaN,
        "Interest Expense": NaN,
        "Normalized Income": NaN,
        "Net Income From Continuing And Discontinued Operation": NaN,
        "Total Expenses": NaN,
        "Total Operating Income As Reported": NaN,
        "Diluted Average Shares": 8275000.0,
        "Basic Average Shares": 8275000.0,
        "Diluted EPS": -0.29,
        "Basic EPS": -0.29,
        "Diluted NI Availto Com Stockholders": NaN,
        "Net Income Common Stockholders": NaN,
        "Net Income": NaN,
        "Minority Interests": NaN,
        "Net Income Including Noncontrolling Interests": NaN,
        "Net Income Discontinuous Operations": NaN,
        "Net Income Continuous Operations": NaN,
        "Earnings From Equity Interest Net Of Tax": NaN,
        "Tax Provision": NaN,
        "Pretax Income": NaN,
        "Other Income Expense": NaN,
        "Other Non Operating Income Expenses": NaN,
        "Special Income Charges": NaN,
        "Gain On Sale Of Ppe": NaN,
        "Other Special Charges": NaN,
        "Impairment Of Capital Assets": 720000.0,
        "Earnings From Equity Interest": -4000.0,
        "Net Non Operating Interest Income Expense": NaN,
        "Interest Expense Non Operating": NaN,
        "Operating Income": NaN,
        "Operating Expense": NaN,
        "Selling General And Administration": NaN,
        "General And Administrative Expense": NaN,
        "Other Gand A": NaN,
        "Gross Profit": NaN,
        "Cost Of Revenue": NaN,
        "Total Revenue": NaN,
        "Operating Revenue": NaN
    },
    "2022-06-30": {
        "Tax Effect Of Unusual Items": 0.0,
        "Tax Rate For Calcs": 0.071553,
        "Normalized EBITDA": 1457000.0,
        "Total Unusual Items": 0.0,
        "Total Unusual Items Excluding Goodwill": 0.0,
        "Net Income From Continuing Operation Net Minority Interest": 696000.0,
        "Reconciled Depreciation": 884000.0,
        "Reconciled Cost Of Revenue": 7186000.0,
        "EBITDA": 1457000.0,
        "EBIT": 573000.0,
        "Net Interest Income": 0.0,
        "Interest Expense": 0.0,
        "Normalized Income": 696000.0,
        "Net Income From Continuing And Discontinued Operation": 96621000.0,
        "Total Expenses": 10630000.0,
        "Total Operating Income As Reported": 495000.0,
        "Diluted Average Shares": 8383000.0,
        "Basic Average Shares": 8273000.0,
        "Diluted EPS": 11.53,
        "Basic EPS": 11.68,
        "Diluted NI Availto Com Stockholders": 96621000.0,
        "Net Income Common Stockholders": 96621000.0,
        "Net Income": 96621000.0,
        "Minority Interests": 164000.0,
        "Net Income Including Noncontrolling Interests": 96457000.0,
        "Net Income Discontinuous Operations": 95925000.0,
        "Net Income Continuous Operations": 532000.0,
        "Earnings From Equity Interest Net Of Tax": NaN,
        "Tax Provision": 41000.0,
        "Pretax Income": 573000.0,
        "Other Income Expense": 78000.0,
        "Other Non Operating Income Expenses": 80000.0,
        "Special Income Charges": 0.0,
        "Gain On Sale Of Ppe": 0.0,
        "Impairment Of Capital Assets": NaN,
        "Earnings From Equity Interest": -2000.0,
        "Net Non Operating Interest Income Expense": 0.0,
        "Interest Expense Non Operating": 0.0,
        "Operating Income": 495000.0,
        "Operating Expense": 3444000.0,
        "Selling General And Administration": 3444000.0,
        "General And Administrative Expense": 3444000.0,
        "Other Gand A": 3444000.0,
        "Gross Profit": 3939000.0,
        "Cost Of Revenue": 7186000.0,
        "Total Revenue": 11125000.0,
        "Operating Revenue": 11125000.0
    },
    "2022-03-31": {
        "Diluted EPS": 0.27,
        "Total Revenue": 3,
        "Gross Profit": 0,
        "Operating Income": 2,
        "EBIT": 3,
        "Net Income": 2
    },
    "2021-12-31": {
        "Diluted EPS": 7.51,
        "Total Revenue": 5,
        "Gross Profit": 0,
        "Operating Income": 73,
        "EBIT": 75,
        "Net Income": 62
    },
    "2021-09-30": {
        "Diluted EPS": -0.46,
        "Total Revenue": 6,
        "Gross Profit": 0,
        "Operating Income": -5,
        "EBIT": -2,
        "Net Income": -4
    },
    "2021-06-30": {
        "Diluted EPS": -1.23,
        "Total Revenue": 6,
        "Gross Profit": 0,
        "Operating Income": -6,
        "EBIT": -3,
        "Net Income": -10
    },
    "2021-03-31": {
        "Diluted EPS": 1.08,
        "Total Revenue": 11,
        "Gross Profit": 3,
        "Operating Income": 22,
        "EBIT": 26,
        "Net Income": 9
    },
    "2020-12-31": {
        "Diluted EPS": -1.31,
        "Total Revenue": -6,
        "Gross Profit": 10,
        "Operating Income": -10,
        "EBIT": -6,
        "Net Income": -11
    },
    "2020-09-30": {
        "Diluted EPS": -1.84,
        "Total Revenue": 13,
        "Gross Profit": -1,
        "Operating Income": -4,
        "EBIT": 1,
        "Net Income": -15
    },
    "2020-06-30": {
        "Diluted EPS": 0.5,
        "Total Revenue": 9,
        "Gross Profit": -3,
        "Operating Income": 8,
        "EBIT": 11,
        "Net Income": 4
    },
    "2020-03-31": {
        "Diluted EPS": -0.13,
        "Total Revenue": 28,
        "Gross Profit": 2,
        "Operating Income": -1,
        "EBIT": 4,
        "Net Income": -1
    },
    "2019-12-31": {
        "Diluted EPS": 0.25,
        "Total Revenue": 27,
        "Gross Profit": 6,
        "Operating Income": 6,
        "EBIT": 9,
        "Net Income": 2
    },
    "2019-09-30": {
        "Diluted EPS": -0.36,
        "Total Revenue": 22,
        "Gross Profit": 3,
        "Operating Income": 0,
        "EBIT": 4,
        "Net Income": -3
    },
    "2019-06-30": {
        "Diluted EPS": -0.29,
        "Total Revenue": 24,
        "Gross Profit": 4,
        "Operating Income": 0,
        "EBIT": 3,
        "Net Income": -2
    },
    "2019-03-31": {
        "Diluted EPS": 0.1,
        "Total Revenue": 20,
        "Gross Profit": 5,
        "Operating Income": 4,
        "EBIT": 7,
        "Net Income": 1
    },
    "2018-12-31": {
        "Diluted EPS": 0.14,
        "Total Revenue": -34,
        "Gross Profit": -4,
        "Operating Income": -6,
        "EBIT": -2,
        "Net Income": 1
    },
    "2018-09-30": {
        "Diluted EPS": -0.29,
        "Total Revenue": 18,
        "Gross Profit": 2,
        "Operating Income": -1,
        "EBIT": 1,
        "Net Income": -2
    },
    "2018-06-30": {
        "Diluted EPS": -0.11,
        "Total Revenue": 23,
        "Gross Profit": 4,
        "Operating Income": 1,
        "EBIT": 2,
        "Net Income": -1
    },
    "2018-03-31": {
        "Diluted EPS": -0.23,
        "Total Revenue": 18,
        "Gross Profit": 2,
        "Operating Income": -1,
        "EBIT": 1,
        "Net Income": -2
    },
    "2017-12-31": {
        "Diluted EPS": -0.84,
        "Total Revenue": 21,
        "Gross Profit": 4,
        "Operating Income": 1,
        "EBIT": 4,
        "Net Income": -7
    },
    "2017-09-30": {
        "Diluted EPS": 1.75,
        "Total Revenue": 17,
        "Gross Profit": 2,
        "Operating Income": 24,
        "EBIT": 26,
        "Net Income": 14
    },
    "2017-06-30": {
        "Diluted EPS": -0.11,
        "Total Revenue": 21,
        "Gross Profit": 3,
        "Operating Income": 0,
        "EBIT": 2,
        "Net Income": -1
    },
    "2017-03-31": {
        "Diluted EPS": -0.33,
        "Total Revenue": 21,
        "Gross Profit": 3,
        "Operating Income": -1,
        "EBIT": 1,
        "Net Income": -3
    },
    "2016-12-31": {
        "Diluted EPS": -0.02,
        "Total Revenue": 21,
        "Gross Profit": 4,
        "Operating Income": 2,
        "EBIT": 6,
        "Net Income": 0
    },
    "2016-09-30": {
        "Diluted EPS": -0.2,
        "Total Revenue": 21,
        "Gross Profit": 3,
        "Operating Income": 0,
        "EBIT": 3,
        "Net Income": -2
    },
    "2016-06-30": {
        "Diluted EPS": -0.31,
        "Total Revenue": 19,
        "Gross Profit": 3,
        "Operating Income": -1,
        "EBIT": 0,
        "Net Income": -2
    },
    "2016-03-31": {
        "Diluted EPS": -0.21,
        "Total Revenue": 19,
        "Gross Profit": 4,
        "Operating Income": 0,
        "EBIT": 3,
        "Net Income": -2
    },
    "2015-12-31": {
        "Diluted EPS": 0.04,
        "Total Revenue": 21,
        "Gross Profit": 4,
        "Operating Income": 3,
        "EBIT": 6,
        "Net Income": 0
    },
    "2015-09-30": {
        "Diluted EPS": 1.27,
        "Total Revenue": 20,
        "Gross Profit": 2,
        "Operating Income": 21,
        "EBIT": 23,
        "Net Income": 10
    },
    "2015-06-30": {
        "Diluted EPS": -0.14,
        "Total Revenue": 20,
        "Gross Profit": 3,
        "Operating Income": 1,
        "EBIT": 3,
        "Net Income": -1
    },
    "2015-03-31": {
        "Diluted EPS": 0.34,
        "Total Revenue": 20,
        "Gross Profit": 4,
        "Operating Income": 2,
        "EBIT": 4,
        "Net Income": 3
    },
    "2014-12-31": {
        "Diluted EPS": 1.42,
        "Total Revenue": 27,
        "Gross Profit": 4,
        "Operating Income": 2,
        "EBIT": 6,
        "Net Income": 11
    },
    "2014-09-30": {
        "Diluted EPS": 0.07,
        "Total Revenue": 22,
        "Gross Profit": 2,
        "Operating Income": 2,
        "EBIT": 4,
        "Net Income": 1
    },
    "2014-06-30": {
        "Diluted EPS": 0.03,
        "Total Revenue": 23,
        "Gross Profit": 5,
        "Operating Income": 3,
        "EBIT": 5,
        "Net Income": 0
    },
    "2014-03-31": {
        "Diluted EPS": 0.14,
        "Total Revenue": 23,
        "Gross Profit": 5,
        "Operating Income": 3,
        "EBIT": 6,
        "Net Income": 1
    },
    "2013-12-31": {
        "Diluted EPS": 0.11,
        "Total Revenue": 28,
        "Gross Profit": 5,
        "Operating Income": 4,
        "EBIT": 6,
        "Net Income": 1
    },
    "2013-09-30": {
        "Diluted EPS": -0.01,
        "Total Revenue": 24,
        "Gross Profit": 4,
        "Operating Income": 3,
        "EBIT": 5,
        "Net Income": 0
    },
    "2013-06-30": {
        "Diluted EPS": 0.08,
        "Total Revenue": 43,
        "Gross Profit": 5,
        "Operating Income": 5,
        "EBIT": 7,
        "Net Income": 1
    },
    "2013-03-31": {
        "Diluted EPS": 0.14,
        "Total Revenue": 33,
        "Gross Profit": 5,
        "Operating Income": 3,
        "EBIT": 5,
        "Net Income": 1
    },
    "2012-12-31": {
        "Diluted EPS": -0.02,
        "Total Revenue": 29,
        "Gross Profit": 4,
        "Operating Income": 2,
        "EBIT": 4,
        "Net Income": 0
    },
    "2012-09-30": {
        "Diluted EPS": 0.04,
        "Total Revenue": 40,
        "Gross Profit": 3,
        "Operating Income": 2,
        "EBIT": 4,
        "Net Income": 0
    },
    "2012-06-30": {
        "Diluted EPS": -0.44,
        "Total Revenue": 19,
        "Gross Profit": 0,
        "Operating Income": -2,
        "EBIT": 1,
        "Net Income": -4
    },
    "2012-03-31": {
        "Diluted EPS": 0.22,
        "Total Revenue": 28,
        "Gross Profit": 2,
        "Operating Income": 1,
        "EBIT": 3,
        "Net Income": 2
    },
    "2011-12-31": {
        "Diluted EPS": -0.57,
        "Total Revenue": 29,
        "Gross Profit": -2,
        "Operating Income": -4,
        "EBIT": -1,
        "Net Income": -4
    },
    "2011-09-30": {
        "Diluted EPS": -0.48,
        "Total Revenue": 24,
        "Gross Profit": 0,
        "Operating Income": -1,
        "EBIT": 1,
        "Net Income": -4
    },
    "2011-06-30": {
        "Diluted EPS": -0.22,
        "Total Revenue": 43,
        "Gross Profit": 5,
        "Operating Income": 3,
        "EBIT": 5,
        "Net Income": -2
    },
    "2011-03-31": {
        "Diluted EPS": -0.12,
        "Total Revenue": 41,
        "Gross Profit": 6,
        "Operating Income": 4,
        "EBIT": 5,
        "Net Income": -1
    },
    "2010-12-31": {
        "Diluted EPS": 0.06,
        "Total Revenue": 2,
        "Gross Profit": 0,
        "Operating Income": -1,
        "EBIT": -1,
        "Net Income": 0
    },
    "2010-09-30": {
        "Diluted EPS": -0.34,
        "Total Revenue": 2,
        "Gross Profit": -1,
        "Operating Income": -3,
        "EBIT": -3,
        "Net Income": -3
    },
    "2010-06-30": {
        "Diluted EPS": -1.55,
        "Total Revenue": 2,
        "Gross Profit": -1,
        "Operating Income": -3,
        "EBIT": -2,
        "Net Income": -12
    },
    "2010-03-31": {
        "Diluted EPS": -0.23,
        "Total Revenue": 2,
        "Gross Profit": -1,
        "Operating Income": -3,
        "EBIT": -2,
        "Net Income": -2
    },
    "2009-12-31": {
        "Diluted EPS": -0.16,
        "Total Revenue": 2,
        "Gross Profit": 0,
        "Operating Income": -2,
        "EBIT": -2,
        "Net Income": -1
    },
    "2009-09-30": {
        "Diluted EPS": -0.21,
        "Total Revenue": 3,
        "Gross Profit": -1,
        "Operating Income": -2,
        "EBIT": -2,
        "Net Income": -2
    },
    "2009-06-30": {
        "Diluted EPS": -0.19,
        "Total Revenue": 3,
        "Gross Profit": -1,
        "Operating Income": -3,
        "EBIT": -2,
        "Net Income": -1
    },
    "2009-03-31": {
        "Diluted EPS": -0.23,
        "Total Revenue": 2,
        "Gross Profit": -1,
        "Operating Income": -3,
        "EBIT": -2,
        "Net Income": -2
    },
    "2023-06-30": {
        "Tax Effect Of Unusual Items": NaN,
        "Tax Rate For Calcs": NaN,
        "Normalized EBITDA": NaN,
        "Total Unusual Items": NaN,
        "Total Unusual Items Excluding Goodwill": NaN,
        "Net Income From Continuing Operation Net Minority Interest": NaN,
        "Reconciled Depreciation": NaN,
        "Reconciled Cost Of Revenue": NaN,
        "EBITDA": NaN,
        "EBIT": NaN,
        "Net Interest Income": 0.0,
        "Interest Expense": 0.0,
        "Normalized Income": NaN,
        "Net Income From Continuing And Discontinued Operation": NaN,
        "Total Expenses": NaN,
        "Rent Expense Supplemental": NaN,
        "Total Operating Income As Reported": NaN,
        "Diluted Average Shares": 7990000.0,
        "Basic Average Shares": 7990000.0,
        "Diluted EPS": -0.66,
        "Basic EPS": -0.66,
        "Diluted NI Availto Com Stockholders": NaN,
        "Net Income Common Stockholders": NaN,
        "Net Income": NaN,
        "Minority Interests": NaN,
        "Net Income Including Noncontrolling Interests": NaN,
        "Net Income Discontinuous Operations": 0.0,
        "Net Income Continuous Operations": NaN,
        "Earnings From Equity Interest Net Of Tax": NaN,
        "Tax Provision": NaN,
        "Pretax Income": NaN,
        "Other Income Expense": NaN,
        "Other Non Operating Income Expenses": NaN,
        "Special Income Charges": NaN,
        "Gain On Sale Of Ppe": 0.0,
        "Other Special Charges": NaN,
        "Impairment Of Capital Assets": NaN,
        "Net Non Operating Interest Income Expense": 0.0,
        "Interest Expense Non Operating": 0.0,
        "Operating Income": NaN,
        "Operating Expense": NaN,
        "Selling General And Administration": NaN,
        "General And Administrative Expense": NaN,
        "Other Gand A": NaN,
        "Gross Profit": NaN,
        "Cost Of Revenue": NaN,
        "Total Revenue": NaN,
        "Operating Revenue": NaN
    },
    "2023-09-30": {
        "Tax Effect Of Unusual Items": 0.0,
        "Tax Rate For Calcs": 0.21,
        "Normalized EBITDA": -2362000.0,
        "Total Unusual Items": 0.0,
        "Total Unusual Items Excluding Goodwill": 0.0,
        "Net Income From Continuing Operation Net Minority Interest": -2844000.0,
        "Reconciled Depreciation": 967000.0,
        "Reconciled Cost Of Revenue": 3815000.0,
        "EBITDA": -2362000.0,
        "EBIT": -3329000.0,
        "Net Interest Income": 0.0,
        "Interest Expense": 0.0,
        "Normalized Income": -2844000.0,
        "Net Income From Continuing And Discontinued Operation": -2844000.0,
        "Total Expenses": 6998000.0,
        "Rent Expense Supplemental": 1381000.0,
        "Total Operating Income As Reported": -3329000.0,
        "Diluted Average Shares": 8003000.0,
        "Basic Average Shares": 8003000.0,
        "Diluted EPS": -0.36,
        "Basic EPS": -0.36,
        "Diluted NI Availto Com Stockholders": -2844000.0,
        "Net Income Common Stockholders": -2844000.0,
        "Net Income": -2844000.0,
        "Minority Interests": 373000.0,
        "Net Income Including Noncontrolling Interests": -3217000.0,
        "Net Income Discontinuous Operations": 0.0,
        "Net Income Continuous Operations": -3217000.0,
        "Earnings From Equity Interest Net Of Tax": -4000.0,
        "Tax Provision": 356000.0,
        "Pretax Income": -2857000.0,
        "Other Income Expense": 472000.0,
        "Other Non Operating Income Expenses": 472000.0,
        "Special Income Charges": 0.0,
        "Gain On Sale Of Ppe": 0.0,
        "Other Special Charges": NaN,
        "Impairment Of Capital Assets": 0.0,
        "Net Non Operating Interest Income Expense": 0.0,
        "Interest Expense Non Operating": 0.0,
        "Operating Income": -3329000.0,
        "Operating Expense": 3183000.0,
        "Selling General And Administration": 3183000.0,
        "General And Administrative Expense": 3183000.0,
        "Other Gand A": 3183000.0,
        "Gross Profit": -146000.0,
        "Cost Of Revenue": 3815000.0,
        "Total Revenue": 3669000.0,
        "Operating Revenue": 3669000.0
    },
    "2023-12-31": {
        "Tax Effect Of Unusual Items": 0.0,
        "Tax Rate For Calcs": 0.217603,
        "Normalized EBITDA": -869000.0,
        "Total Unusual Items": 0.0,
        "Total Unusual Items Excluding Goodwill": 0.0,
        "Net Income From Continuing Operation Net Minority Interest": -861000.0,
        "Reconciled Depreciation": 1392000.0,
        "Reconciled Cost Of Revenue": 3747000.0,
        "EBITDA": -869000.0,
        "EBIT": -2261000.0,
        "Net Interest Income": 0.0,
        "Interest Expense": 0.0,
        "Normalized Income": -861000.0,
        "Net Income From Continuing And Discontinued Operation": -861000.0,
        "Total Expenses": 6941000.0,
        "Rent Expense Supplemental": 1391000.0,
        "Total Operating Income As Reported": -2672000.0,
        "Diluted Average Shares": NaN,
        "Basic Average Shares": NaN,
        "Diluted EPS": NaN,
        "Basic EPS": NaN,
        "Diluted NI Availto Com Stockholders": -861000.0,
        "Net Income Common Stockholders": -861000.0,
        "Net Income": -861000.0,
        "Minority Interests": 833000.0,
        "Net Income Including Noncontrolling Interests": -1694000.0,
        "Net Income Discontinuous Operations": 0.0,
        "Net Income Continuous Operations": -1694000.0,
        "Earnings From Equity Interest Net Of Tax": 75000.0,
        "Tax Provision": -492000.0,
        "Pretax Income": -2261000.0,
        "Other Income Expense": 411000.0,
        "Other Non Operating Income Expenses": 411000.0,
        "Special Income Charges": 0.0,
        "Gain On Sale Of Ppe": 0.0,
        "Other Special Charges": NaN,
        "Impairment Of Capital Assets": 0.0,
        "Net Non Operating Interest Income Expense": 0.0,
        "Interest Expense Non Operating": 0.0,
        "Operating Income": -2672000.0,
        "Operating Expense": 3194000.0,
        "Selling General And Administration": 3194000.0,
        "General And Administrative Expense": 3194000.0,
        "Other Gand A": 3194000.0,
        "Gross Profit": 522000.0,
        "Cost Of Revenue": 3747000.0,
        "Total Revenue": 4269000.0,
        "Operating Revenue": 4269000.0
    },
    "2024-03-31": {
        "Tax Effect Of Unusual Items": -1770.0,
        "Tax Rate For Calcs": 0.03,
        "Normalized EBITDA": 5145000.0,
        "Total Unusual Items": -59000.0,
        "Total Unusual Items Excluding Goodwill": -59000.0,
        "Net Income From Continuing Operation Net Minority Interest": 4552000.0,
        "Reconciled Depreciation": 1401000.0,
        "Reconciled Cost Of Revenue": 18357000.0,
        "EBITDA": 5086000.0,
        "EBIT": 3685000.0,
        "Net Interest Income": NaN,
        "Interest Expense": NaN,
        "Normalized Income": 4609230.0,
        "Net Income From Continuing And Discontinued Operation": 4552000.0,
        "Total Expenses": 22822000.0,
        "Rent Expense Supplemental": 1678000.0,
        "Total Operating Income As Reported": 3685000.0,
        "Diluted Average Shares": 8151000.0,
        "Basic Average Shares": 8026000.0,
        "Diluted EPS": 0.56,
        "Basic EPS": 0.57,
        "Diluted NI Availto Com Stockholders": 4552000.0,
        "Net Income Common Stockholders": 4552000.0,
        "Net Income": 4552000.0,
        "Minority Interests": 855000.0,
        "Net Income Including Noncontrolling Interests": 3697000.0,
        "Net Income Discontinuous Operations": NaN,
        "Net Income Continuous Operations": 3697000.0,
        "Earnings From Equity Interest Net Of Tax": 0.0,
        "Tax Provision": 102000.0,
        "Pretax Income": 3799000.0,
        "Other Income Expense": 114000.0,
        "Other Non Operating Income Expenses": 173000.0,
        "Special Income Charges": -59000.0,
        "Gain On Sale Of Ppe": NaN,
        "Other Special Charges": 59000.0,
        "Impairment Of Capital Assets": NaN,
        "Net Non Operating Interest Income Expense": NaN,
        "Interest Expense Non Operating": NaN,
        "Operating Income": 3685000.0,
        "Operating Expense": 4465000.0,
        "Selling General And Administration": 4465000.0,
        "General And Administrative Expense": 4465000.0,
        "Other Gand A": 4465000.0,
        "Gross Profit": 8150000.0,
        "Cost Of Revenue": 18357000.0,
        "Total Revenue": 26507000.0,
        "Operating Revenue": 26507000.0
    },
    "2024-06-30": {
        "Tax Effect Of Unusual Items": 0.0,
        "Tax Rate For Calcs": 0.21,
        "Normalized EBITDA": -1518000.0,
        "Total Unusual Items": 0.0,
        "Total Unusual Items Excluding Goodwill": 0.0,
        "Net Income From Continuing Operation Net Minority Interest": -1725000.0,
        "Reconciled Depreciation": 1402000.0,
        "Reconciled Cost Of Revenue": 7568000.0,
        "EBITDA": -1518000.0,
        "EBIT": -2920000.0,
        "Net Interest Income": NaN,
        "Interest Expense": NaN,
        "Normalized Income": -1725000.0,
        "Net Income From Continuing And Discontinued Operation": -1725000.0,
        "Total Expenses": 11410000.0,
        "Rent Expense Supplemental": 1742000.0,
        "Total Operating Income As Reported": -2920000.0,
        "Diluted Average Shares": 8072000.0,
        "Basic Average Shares": 8072000.0,
        "Diluted EPS": -0.21,
        "Basic EPS": -0.21,
        "Diluted NI Availto Com Stockholders": -1725000.0,
        "Net Income Common Stockholders": -1725000.0,
        "Net Income": -1725000.0,
        "Minority Interests": 1053000.0,
        "Net Income Including Noncontrolling Interests": -2778000.0,
        "Net Income Discontinuous Operations": NaN,
        "Net Income Continuous Operations": -2778000.0,
        "Earnings From Equity Interest Net Of Tax": 0.0,
        "Tax Provision": 44000.0,
        "Pretax Income": -2734000.0,
        "Other Income Expense": 186000.0,
        "Other Non Operating Income Expenses": 186000.0,
        "Special Income Charges": 0.0,
        "Gain On Sale Of Ppe": NaN,
        "Other Special Charges": NaN,
        "Impairment Of Capital Assets": NaN,
        "Net Non Operating Interest Income Expense": NaN,
        "Interest Expense Non Operating": NaN,
        "Operating Income": -2920000.0,
        "Operating Expense": 3842000.0,
        "Selling General And Administration": 3842000.0,
        "General And Administrative Expense": 3842000.0,
        "Other Gand A": 3842000.0,
        "Gross Profit": 922000.0,
        "Cost Of Revenue": 7568000.0,
        "Total Revenue": 8490000.0,
        "Operating Revenue": 8490000.0
    },
    "2024-09-30": {
        "Tax Effect Of Unusual Items": 341460.0,
        "Tax Rate For Calcs": 0.21,
        "Normalized EBITDA": -3406000.0,
        "Total Unusual Items": 1626000.0,
        "Total Unusual Items Excluding Goodwill": 1626000.0,
        "Net Income From Continuing Operation Net Minority Interest": -364000.0,
        "Reconciled Depreciation": 1365000.0,
        "Reconciled Cost Of Revenue": 8673000.0,
        "EBITDA": -1780000.0,
        "EBIT": -3145000.0,
        "Net Interest Income": NaN,
        "Interest Expense": NaN,
        "Normalized Income": -1648540.0,
        "Net Income From Continuing And Discontinued Operation": -364000.0,
        "Total Expenses": 12036000.0,
        "Rent Expense Supplemental": 1964000.0,
        "Total Operating Income As Reported": -1519000.0,
        "Diluted Average Shares": 8080000.0,
        "Basic Average Shares": 8080000.0,
        "Diluted EPS": -0.05,
        "Basic EPS": -0.05,
        "Diluted NI Availto Com Stockholders": -364000.0,
        "Net Income Common Stockholders": -364000.0,
        "Net Income": -364000.0,
        "Minority Interests": 1050000.0,
        "Net Income Including Noncontrolling Interests": -1414000.0,
        "Net Income Discontinuous Operations": NaN,
        "Net Income Continuous Operations": -1414000.0,
        "Earnings From Equity Interest Net Of Tax": 0.0,
        "Tax Provision": 58000.0,
        "Pretax Income": -1356000.0,
        "Other Income Expense": 1789000.0,
        "Other Non Operating Income Expenses": 163000.0,
        "Special Income Charges": 1626000.0,
        "Gain On Sale Of Ppe": 1626000.0,
        "Other Special Charges": NaN,
        "Impairment Of Capital Assets": NaN,
        "Net Non Operating Interest Income Expense": NaN,
        "Interest Expense Non Operating": NaN,
        "Operating Income": -3145000.0,
        "Operating Expense": 3363000.0,
        "Selling General And Administration": 3363000.0,
        "General And Administrative Expense": 3363000.0,
        "Other Gand A": 3363000.0,
        "Gross Profit": 218000.0,
        "Cost Of Revenue": 8673000.0,
        "Total Revenue": 8891000.0,
        "Operating Revenue": 8891000.0
    }
}