{
    "2023-03-31": {
        "Tax Effect Of Unusual Items": NaN,
        "Tax Rate For Calcs": NaN,
        "Normalized EBITDA": NaN,
        "Total Unusual Items": NaN,
        "Total Unusual Items Excluding Goodwill": NaN,
        "Net Income From Continuing Operation Net Minority Interest": NaN,
        "Reconciled Depreciation": NaN,
        "Reconciled Cost Of Revenue": NaN,
        "EBITDA": NaN,
        "EBIT": NaN,
        "Net Interest Income": NaN,
        "Interest Expense": NaN,
        "Interest Income": 0.0,
        "Normalized Income": NaN,
        "Net Income From Continuing And Discontinued Operation": NaN,
        "Total Expenses": NaN,
        "Total Operating Income As Reported": NaN,
        "Diluted Average Shares": NaN,
        "Basic Average Shares": NaN,
        "Diluted EPS": NaN,
        "Basic EPS": NaN,
        "Diluted NI Availto Com Stockholders": NaN,
        "Average Dilution Earnings": NaN,
        "Net Income Common Stockholders": NaN,
        "Net Income": NaN,
        "Minority Interests": NaN,
        "Net Income Including Noncontrolling Interests": NaN,
        "Net Income Continuous Operations": NaN,
        "Tax Provision": NaN,
        "Pretax Income": NaN,
        "Other Income Expense": NaN,
        "Other Non Operating Income Expenses": NaN,
        "Earnings From Equity Interest": NaN,
        "Gain On Sale Of Security": NaN,
        "Net Non Operating Interest Income Expense": NaN,
        "Interest Expense Non Operating": NaN,
        "Interest Income Non Operating": 0.0,
        "Operating Income": NaN,
        "Operating Expense": NaN,
        "Selling General And Administration": NaN,
        "General And Administrative Expense": 12829000.0,
        "Other Gand A": 12485000.0,
        "Salaries And Wages": 344000.0,
        "Gross Profit": NaN,
        "Cost Of Revenue": NaN,
        "Total Revenue": NaN,
        "Operating Revenue": NaN
    },
    "2022-12-31": {
        "Tax Effect Of Unusual Items": NaN,
        "Tax Rate For Calcs": NaN,
        "Normalized EBITDA": NaN,
        "Total Unusual Items": NaN,
        "Total Unusual Items Excluding Goodwill": NaN,
        "Net Income From Continuing Operation Net Minority Interest": NaN,
        "Reconciled Depreciation": NaN,
        "Reconciled Cost Of Revenue": NaN,
        "EBITDA": NaN,
        "EBIT": NaN,
        "Net Interest Income": NaN,
        "Interest Expense": NaN,
        "Interest Income": 0.0,
        "Normalized Income": NaN,
        "Net Income From Continuing And Discontinued Operation": NaN,
        "Total Expenses": NaN,
        "Total Operating Income As Reported": NaN,
        "Diluted Average Shares": NaN,
        "Basic Average Shares": NaN,
        "Diluted EPS": NaN,
        "Basic EPS": NaN,
        "Diluted NI Availto Com Stockholders": NaN,
        "Average Dilution Earnings": NaN,
        "Net Income Common Stockholders": NaN,
        "Net Income": NaN,
        "Minority Interests": NaN,
        "Net Income Including Noncontrolling Interests": NaN,
        "Net Income Continuous Operations": NaN,
        "Tax Provision": NaN,
        "Pretax Income": NaN,
        "Other Income Expense": NaN,
        "Other Non Operating Income Expenses": NaN,
        "Earnings From Equity Interest": NaN,
        "Gain On Sale Of Security": NaN,
        "Net Non Operating Interest Income Expense": NaN,
        "Interest Expense Non Operating": NaN,
        "Interest Income Non Operating": 0.0,
        "Operating Income": NaN,
        "Operating Expense": NaN,
        "Selling General And Administration": NaN,
        "General And Administrative Expense": 12212000.0,
        "Other Gand A": 12081000.0,
        "Salaries And Wages": 131000.0,
        "Gross Profit": NaN,
        "Cost Of Revenue": NaN,
        "Total Revenue": NaN,
        "Operating Revenue": NaN
    },
    "2022-09-30": {
        "Tax Effect Of Unusual Items": NaN,
        "Tax Rate For Calcs": NaN,
        "Normalized EBITDA": NaN,
        "Total Unusual Items": NaN,
        "Total Unusual Items Excluding Goodwill": NaN,
        "Net Income From Continuing Operation Net Minority Interest": NaN,
        "Reconciled Depreciation": NaN,
        "Reconciled Cost Of Revenue": NaN,
        "EBITDA": NaN,
        "EBIT": NaN,
        "Net Interest Income": NaN,
        "Interest Expense": NaN,
        "Interest Income": NaN,
        "Normalized Income": NaN,
        "Net Income From Continuing And Discontinued Operation": NaN,
        "Total Expenses": NaN,
        "Total Operating Income As Reported": NaN,
        "Diluted Average Shares": NaN,
        "Basic Average Shares": NaN,
        "Diluted EPS": NaN,
        "Basic EPS": NaN,
        "Diluted NI Availto Com Stockholders": NaN,
        "Average Dilution Earnings": 0.0,
        "Net Income Common Stockholders": NaN,
        "Net Income": NaN,
        "Minority Interests": NaN,
        "Net Income Including Noncontrolling Interests": NaN,
        "Net Income Continuous Operations": NaN,
        "Tax Provision": NaN,
        "Pretax Income": NaN,
        "Other Income Expense": NaN,
        "Other Non Operating Income Expenses": NaN,
        "Earnings From Equity Interest": NaN,
        "Gain On Sale Of Security": NaN,
        "Net Non Operating Interest Income Expense": NaN,
        "Interest Expense Non Operating": NaN,
        "Interest Income Non Operating": NaN,
        "Operating Income": NaN,
        "Operating Expense": NaN,
        "Selling General And Administration": NaN,
        "General And Administrative Expense": NaN,
        "Other Gand A": NaN,
        "Salaries And Wages": NaN,
        "Gross Profit": NaN,
        "Cost Of Revenue": NaN,
        "Total Revenue": NaN,
        "Operating Revenue": NaN
    },
    "2022-06-30": {
        "Tax Effect Of Unusual Items": 37684.210526,
        "Tax Rate For Calcs": 0.105263,
        "Normalized EBITDA": 5100000.0,
        "Total Unusual Items": 358000.0,
        "Total Unusual Items Excluding Goodwill": 358000.0,
        "Net Income From Continuing Operation Net Minority Interest": 391000.0,
        "Reconciled Depreciation": 4655000.0,
        "Reconciled Cost Of Revenue": 109177000.0,
        "EBITDA": 5458000.0,
        "EBIT": 803000.0,
        "Net Interest Income": -62000.0,
        "Interest Expense": 62000.0,
        "Normalized Income": 70684.210526,
        "Net Income From Continuing And Discontinued Operation": 391000.0,
        "Total Expenses": 121613000.0,
        "Total Operating Income As Reported": 1460000.0,
        "Diluted Average Shares": 3922000.0,
        "Basic Average Shares": 3876000.0,
        "Diluted EPS": 0.1,
        "Basic EPS": 0.1,
        "Diluted NI Availto Com Stockholders": 391000.0,
        "Net Income Common Stockholders": 391000.0,
        "Net Income": 391000.0,
        "Minority Interests": -272000.0,
        "Net Income Including Noncontrolling Interests": 663000.0,
        "Net Income Continuous Operations": 663000.0,
        "Tax Provision": 78000.0,
        "Pretax Income": 741000.0,
        "Other Income Expense": -657000.0,
        "Other Non Operating Income Expenses": -12000.0,
        "Earnings From Equity Interest": -1003000.0,
        "Gain On Sale Of Security": 358000.0,
        "Net Non Operating Interest Income Expense": -62000.0,
        "Interest Expense Non Operating": 62000.0,
        "Operating Income": 1460000.0,
        "Operating Expense": 12436000.0,
        "Selling General And Administration": 12436000.0,
        "Gross Profit": 13896000.0,
        "Cost Of Revenue": 109177000.0,
        "Total Revenue": 123073000.0,
        "Operating Revenue": 123073000.0
    },
    "2022-03-31": {
        "Diluted EPS": 0.8,
        "Total Revenue": 116,
        "Gross Profit": 15,
        "Operating Income": 3,
        "EBIT": 8,
        "Net Income": 3
    },
    "2021-12-31": {
        "Diluted EPS": 0.87,
        "Total Revenue": 113,
        "Gross Profit": 15,
        "Operating Income": 4,
        "EBIT": 9,
        "Net Income": 3
    },
    "2021-09-30": {
        "Diluted EPS": 0.03,
        "Total Revenue": 100,
        "Gross Profit": 13,
        "Operating Income": 0,
        "EBIT": 5,
        "Net Income": 0
    },
    "2021-06-30": {
        "Diluted EPS": 0.74,
        "Total Revenue": 110,
        "Gross Profit": 15,
        "Operating Income": 4,
        "EBIT": 9,
        "Net Income": 3
    },
    "2021-03-31": {
        "Diluted EPS": 1.15,
        "Total Revenue": 122,
        "Gross Profit": 19,
        "Operating Income": 7,
        "EBIT": 12,
        "Net Income": 4
    },
    "2020-12-31": {
        "Diluted EPS": 1.85,
        "Total Revenue": 127,
        "Gross Profit": 22,
        "Operating Income": 12,
        "EBIT": 17,
        "Net Income": 7
    },
    "2020-09-30": {
        "Diluted EPS": 2.11,
        "Total Revenue": 126,
        "Gross Profit": 23,
        "Operating Income": 11,
        "EBIT": 16,
        "Net Income": 8
    },
    "2020-06-30": {
        "Diluted EPS": -2.8,
        "Total Revenue": 42,
        "Gross Profit": -8,
        "Operating Income": -16,
        "EBIT": -11,
        "Net Income": -11
    },
    "2020-03-31": {
        "Diluted EPS": 0.79,
        "Total Revenue": 117,
        "Gross Profit": 17,
        "Operating Income": 6,
        "EBIT": 11,
        "Net Income": 3
    },
    "2019-12-31": {
        "Diluted EPS": -0.36,
        "Total Revenue": 106,
        "Gross Profit": 10,
        "Operating Income": -2,
        "EBIT": 3,
        "Net Income": -1
    },
    "2019-09-30": {
        "Diluted EPS": 0.33,
        "Total Revenue": 120,
        "Gross Profit": 16,
        "Operating Income": 3,
        "EBIT": 8,
        "Net Income": 1
    },
    "2019-06-30": {
        "Diluted EPS": -0.06,
        "Total Revenue": 129,
        "Gross Profit": 14,
        "Operating Income": 0,
        "EBIT": 5,
        "Net Income": 0
    },
    "2019-03-31": {
        "Diluted EPS": 0.46,
        "Total Revenue": 128,
        "Gross Profit": 16,
        "Operating Income": 4,
        "EBIT": 8,
        "Net Income": 2
    },
    "2018-12-31": {
        "Diluted EPS": -5.96,
        "Total Revenue": 113,
        "Gross Profit": 13,
        "Operating Income": 2,
        "EBIT": 6,
        "Net Income": -22
    },
    "2018-09-30": {
        "Diluted EPS": 0.93,
        "Total Revenue": 117,
        "Gross Profit": 15,
        "Operating Income": 4,
        "EBIT": 8,
        "Net Income": 3
    },
    "2018-06-30": {
        "Diluted EPS": 1.07,
        "Total Revenue": 117,
        "Gross Profit": 13,
        "Operating Income": 3,
        "EBIT": 7,
        "Net Income": 4
    },
    "2018-03-31": {
        "Diluted EPS": 0.8,
        "Total Revenue": 117,
        "Gross Profit": 15,
        "Operating Income": 4,
        "EBIT": 8,
        "Net Income": 3
    },
    "2017-12-31": {
        "Diluted EPS": 0.78,
        "Total Revenue": 103,
        "Gross Profit": 13,
        "Operating Income": 2,
        "EBIT": 6,
        "Net Income": 3
    },
    "2017-09-30": {
        "Diluted EPS": 0.67,
        "Total Revenue": 102,
        "Gross Profit": 13,
        "Operating Income": 3,
        "EBIT": 7,
        "Net Income": 2
    },
    "2017-06-30": {
        "Diluted EPS": 0.48,
        "Total Revenue": 108,
        "Gross Profit": 15,
        "Operating Income": 3,
        "EBIT": 6,
        "Net Income": 2
    },
    "2017-03-31": {
        "Diluted EPS": 0.95,
        "Total Revenue": 110,
        "Gross Profit": 18,
        "Operating Income": 6,
        "EBIT": 9,
        "Net Income": 3
    },
    "2016-12-31": {
        "Diluted EPS": 0.11,
        "Total Revenue": 99,
        "Gross Profit": 14,
        "Operating Income": 2,
        "EBIT": 5,
        "Net Income": 0
    },
    "2016-09-30": {
        "Diluted EPS": 0.42,
        "Total Revenue": 100,
        "Gross Profit": 15,
        "Operating Income": 4,
        "EBIT": 6,
        "Net Income": 2
    },
    "2016-06-30": {
        "Diluted EPS": 0.16,
        "Total Revenue": 108,
        "Gross Profit": 16,
        "Operating Income": 5,
        "EBIT": 8,
        "Net Income": 1
    },
    "2016-03-31": {
        "Diluted EPS": 0.52,
        "Total Revenue": 94,
        "Gross Profit": 15,
        "Operating Income": 4,
        "EBIT": 6,
        "Net Income": 2
    },
    "2015-12-31": {
        "Diluted EPS": 0.93,
        "Total Revenue": 103,
        "Gross Profit": 19,
        "Operating Income": 7,
        "EBIT": 10,
        "Net Income": 3
    },
    "2015-09-30": {
        "Diluted EPS": 0.9,
        "Total Revenue": 97,
        "Gross Profit": 16,
        "Operating Income": 6,
        "EBIT": 8,
        "Net Income": 3
    },
    "2015-06-30": {
        "Diluted EPS": 0.33,
        "Total Revenue": 98,
        "Gross Profit": 10,
        "Operating Income": 2,
        "EBIT": 5,
        "Net Income": 1
    },
    "2015-03-31": {
        "Diluted EPS": 1.2,
        "Total Revenue": 89,
        "Gross Profit": 16,
        "Operating Income": 6,
        "EBIT": 8,
        "Net Income": 4
    },
    "2014-12-31": {
        "Diluted EPS": 1.58,
        "Total Revenue": 102,
        "Gross Profit": 18,
        "Operating Income": 8,
        "EBIT": 10,
        "Net Income": 6
    },
    "2014-09-30": {
        "Diluted EPS": 2.55,
        "Total Revenue": 122,
        "Gross Profit": 28,
        "Operating Income": 15,
        "EBIT": 17,
        "Net Income": 9
    },
    "2014-06-30": {
        "Diluted EPS": 1.59,
        "Total Revenue": 102,
        "Gross Profit": 20,
        "Operating Income": 10,
        "EBIT": 12,
        "Net Income": 6
    },
    "2014-03-31": {
        "Diluted EPS": 1.0,
        "Total Revenue": 85,
        "Gross Profit": 15,
        "Operating Income": 5,
        "EBIT": 7,
        "Net Income": 4
    },
    "2013-12-31": {
        "Diluted EPS": 1.09,
        "Total Revenue": 81,
        "Gross Profit": 16,
        "Operating Income": 7,
        "EBIT": 9,
        "Net Income": 4
    },
    "2013-09-30": {
        "Diluted EPS": 0.91,
        "Total Revenue": 80,
        "Gross Profit": 15,
        "Operating Income": 5,
        "EBIT": 7,
        "Net Income": 3
    },
    "2013-06-30": {
        "Diluted EPS": 0.92,
        "Total Revenue": 80,
        "Gross Profit": 15,
        "Operating Income": 5,
        "EBIT": 7,
        "Net Income": 3
    },
    "2013-03-31": {
        "Diluted EPS": 0.32,
        "Total Revenue": 75,
        "Gross Profit": 13,
        "Operating Income": 3,
        "EBIT": 5,
        "Net Income": 1
    },
    "2012-12-31": {
        "Diluted EPS": 0.7,
        "Total Revenue": 72,
        "Gross Profit": 12,
        "Operating Income": 4,
        "EBIT": 6,
        "Net Income": 2
    },
    "2012-09-30": {
        "Diluted EPS": 0.78,
        "Total Revenue": 71,
        "Gross Profit": 14,
        "Operating Income": 5,
        "EBIT": 6,
        "Net Income": 3
    },
    "2012-06-30": {
        "Diluted EPS": 0.96,
        "Total Revenue": 76,
        "Gross Profit": 14,
        "Operating Income": 5,
        "EBIT": 7,
        "Net Income": 3
    },
    "2012-03-31": {
        "Diluted EPS": 0.82,
        "Total Revenue": 71,
        "Gross Profit": 13,
        "Operating Income": 4,
        "EBIT": 6,
        "Net Income": 3
    },
    "2011-12-31": {
        "Diluted EPS": 0.47,
        "Total Revenue": 66,
        "Gross Profit": 11,
        "Operating Income": 3,
        "EBIT": 5,
        "Net Income": 2
    },
    "2011-09-30": {
        "Diluted EPS": 0.39,
        "Total Revenue": 66,
        "Gross Profit": 12,
        "Operating Income": 3,
        "EBIT": 5,
        "Net Income": 1
    },
    "2011-06-30": {
        "Diluted EPS": 0.81,
        "Total Revenue": 74,
        "Gross Profit": 13,
        "Operating Income": -22,
        "EBIT": -20,
        "Net Income": 3
    },
    "2011-03-31": {
        "Diluted EPS": 0.02,
        "Total Revenue": 66,
        "Gross Profit": 9,
        "Operating Income": 1,
        "EBIT": 3,
        "Net Income": 0
    },
    "2010-12-31": {
        "Diluted EPS": 0.37,
        "Total Revenue": 61,
        "Gross Profit": 10,
        "Operating Income": 2,
        "EBIT": 3,
        "Net Income": 1
    },
    "2010-09-30": {
        "Diluted EPS": 0.43,
        "Total Revenue": 60,
        "Gross Profit": 10,
        "Operating Income": 2,
        "EBIT": 4,
        "Net Income": 1
    },
    "2010-06-30": {
        "Diluted EPS": 0.26,
        "Total Revenue": 61,
        "Gross Profit": 10,
        "Operating Income": -28,
        "EBIT": -26,
        "Net Income": 1
    },
    "2010-03-31": {
        "Diluted EPS": 0.24,
        "Total Revenue": 53,
        "Gross Profit": 9,
        "Operating Income": 1,
        "EBIT": 3,
        "Net Income": 1
    },
    "2009-12-31": {
        "Diluted EPS": 0.26,
        "Total Revenue": 53,
        "Gross Profit": 8,
        "Operating Income": 0,
        "EBIT": 2,
        "Net Income": 1
    },
    "2009-09-30": {
        "Diluted EPS": 0.29,
        "Total Revenue": 41,
        "Gross Profit": 7,
        "Operating Income": 1,
        "EBIT": 2,
        "Net Income": 1
    },
    "2009-06-30": {
        "Diluted EPS": -0.65,
        "Total Revenue": 28,
        "Gross Profit": 3,
        "Operating Income": -3,
        "EBIT": -1,
        "Net Income": -2
    },
    "2009-03-31": {
        "Diluted EPS": -0.87,
        "Total Revenue": 29,
        "Gross Profit": 2,
        "Operating Income": -6,
        "EBIT": -4,
        "Net Income": -3
    },
    "2023-06-30": {
        "Tax Effect Of Unusual Items": NaN,
        "Tax Rate For Calcs": NaN,
        "Normalized EBITDA": NaN,
        "Total Unusual Items": NaN,
        "Total Unusual Items Excluding Goodwill": NaN,
        "Net Income From Continuing Operation Net Minority Interest": NaN,
        "Reconciled Depreciation": NaN,
        "Reconciled Cost Of Revenue": NaN,
        "EBITDA": NaN,
        "EBIT": NaN,
        "Net Interest Income": NaN,
        "Interest Expense": NaN,
        "Interest Income": NaN,
        "Normalized Income": NaN,
        "Net Income From Continuing And Discontinued Operation": NaN,
        "Total Expenses": NaN,
        "Total Operating Income As Reported": NaN,
        "Diluted Average Shares": 3928000.0,
        "Basic Average Shares": 3928000.0,
        "Diluted EPS": -0.69,
        "Basic EPS": -0.69,
        "Diluted NI Availto Com Stockholders": NaN,
        "Average Dilution Earnings": NaN,
        "Net Income Common Stockholders": NaN,
        "Net Income": NaN,
        "Minority Interests": NaN,
        "Net Income Including Noncontrolling Interests": NaN,
        "Net Income Continuous Operations": NaN,
        "Tax Provision": NaN,
        "Pretax Income": NaN,
        "Other Income Expense": NaN,
        "Other Non Operating Income Expenses": NaN,
        "Earnings From Equity Interest": NaN,
        "Gain On Sale Of Security": NaN,
        "Net Non Operating Interest Income Expense": NaN,
        "Interest Expense Non Operating": NaN,
        "Interest Income Non Operating": NaN,
        "Operating Income": NaN,
        "Operating Expense": NaN,
        "Selling General And Administration": NaN,
        "General And Administrative Expense": NaN,
        "Other Gand A": NaN,
        "Salaries And Wages": NaN,
        "Gross Profit": NaN,
        "Cost Of Revenue": NaN,
        "Total Revenue": NaN,
        "Operating Revenue": NaN
    },
    "2023-09-30": {
        "Tax Effect Of Unusual Items": 64227.0,
        "Tax Rate For Calcs": 0.237,
        "Normalized EBITDA": 10176000.0,
        "Total Unusual Items": 271000.0,
        "Total Unusual Items Excluding Goodwill": 271000.0,
        "Net Income From Continuing Operation Net Minority Interest": 4165000.0,
        "Reconciled Depreciation": 4385000.0,
        "Reconciled Cost Of Revenue": 116686000.0,
        "EBITDA": 10447000.0,
        "EBIT": 6062000.0,
        "Net Interest Income": -220000.0,
        "Interest Expense": 220000.0,
        "Interest Income": 87000.0,
        "Normalized Income": 3958227.0,
        "Net Income From Continuing And Discontinued Operation": 4165000.0,
        "Total Expenses": 129399000.0,
        "Total Operating Income As Reported": 6106000.0,
        "Diluted Average Shares": 3974000.0,
        "Basic Average Shares": 3948000.0,
        "Diluted EPS": 1.05,
        "Basic EPS": 1.05,
        "Diluted NI Availto Com Stockholders": 4165000.0,
        "Average Dilution Earnings": 0.0,
        "Net Income Common Stockholders": 4165000.0,
        "Net Income": 4165000.0,
        "Minority Interests": -290000.0,
        "Net Income Including Noncontrolling Interests": 4455000.0,
        "Net Income Continuous Operations": 4455000.0,
        "Tax Provision": 1387000.0,
        "Pretax Income": 5842000.0,
        "Other Income Expense": 55000.0,
        "Other Non Operating Income Expenses": 49000.0,
        "Earnings From Equity Interest": -265000.0,
        "Gain On Sale Of Security": 271000.0,
        "Net Non Operating Interest Income Expense": -220000.0,
        "Interest Expense Non Operating": 220000.0,
        "Interest Income Non Operating": 87000.0,
        "Operating Income": 6007000.0,
        "Operating Expense": 12713000.0,
        "Selling General And Administration": 12713000.0,
        "General And Administrative Expense": 12713000.0,
        "Other Gand A": 12614000.0,
        "Salaries And Wages": 99000.0,
        "Gross Profit": 18720000.0,
        "Cost Of Revenue": 116686000.0,
        "Total Revenue": 135406000.0,
        "Operating Revenue": 135406000.0
    },
    "2023-12-31": {
        "Tax Effect Of Unusual Items": 282854.0,
        "Tax Rate For Calcs": 0.253,
        "Normalized EBITDA": 4475000.0,
        "Total Unusual Items": 1118000.0,
        "Total Unusual Items Excluding Goodwill": 1118000.0,
        "Net Income From Continuing Operation Net Minority Interest": 1022000.0,
        "Reconciled Depreciation": 4330000.0,
        "Reconciled Cost Of Revenue": 105035000.0,
        "EBITDA": 5593000.0,
        "EBIT": 1263000.0,
        "Net Interest Income": -112000.0,
        "Interest Expense": 219000.0,
        "Interest Income": 107000.0,
        "Normalized Income": 186854.0,
        "Net Income From Continuing And Discontinued Operation": 1022000.0,
        "Total Expenses": 118573000.0,
        "Total Operating Income As Reported": 58000.0,
        "Diluted Average Shares": 3998000.0,
        "Basic Average Shares": 3976000.0,
        "Diluted EPS": 0.26,
        "Basic EPS": 0.26,
        "Diluted NI Availto Com Stockholders": 1022000.0,
        "Average Dilution Earnings": NaN,
        "Net Income Common Stockholders": 1022000.0,
        "Net Income": 1022000.0,
        "Minority Interests": 242000.0,
        "Net Income Including Noncontrolling Interests": 780000.0,
        "Net Income Continuous Operations": 780000.0,
        "Tax Provision": 264000.0,
        "Pretax Income": 1044000.0,
        "Other Income Expense": 1197000.0,
        "Other Non Operating Income Expenses": 83000.0,
        "Earnings From Equity Interest": -4000.0,
        "Gain On Sale Of Security": 1118000.0,
        "Net Non Operating Interest Income Expense": -112000.0,
        "Interest Expense Non Operating": 219000.0,
        "Interest Income Non Operating": 107000.0,
        "Operating Income": -41000.0,
        "Operating Expense": 13538000.0,
        "Selling General And Administration": 13538000.0,
        "General And Administrative Expense": 13538000.0,
        "Other Gand A": 13439000.0,
        "Salaries And Wages": 99000.0,
        "Gross Profit": 13497000.0,
        "Cost Of Revenue": 105035000.0,
        "Total Revenue": 118532000.0,
        "Operating Revenue": 118532000.0
    },
    "2024-03-31": {
        "Tax Effect Of Unusual Items": -41529.0,
        "Tax Rate For Calcs": 0.327,
        "Normalized EBITDA": 6080000.0,
        "Total Unusual Items": -127000.0,
        "Total Unusual Items Excluding Goodwill": -127000.0,
        "Net Income From Continuing Operation Net Minority Interest": 1506000.0,
        "Reconciled Depreciation": 4059000.0,
        "Reconciled Cost Of Revenue": 126089000.0,
        "EBITDA": 5953000.0,
        "EBIT": 1894000.0,
        "Net Interest Income": -79000.0,
        "Interest Expense": 222000.0,
        "Interest Income": 143000.0,
        "Normalized Income": 1591471.0,
        "Net Income From Continuing And Discontinued Operation": 1506000.0,
        "Total Expenses": 138913000.0,
        "Total Operating Income As Reported": 1959000.0,
        "Diluted Average Shares": 4017000.0,
        "Basic Average Shares": 3988000.0,
        "Diluted EPS": 0.37,
        "Basic EPS": 0.38,
        "Diluted NI Availto Com Stockholders": 1506000.0,
        "Average Dilution Earnings": NaN,
        "Net Income Common Stockholders": 1506000.0,
        "Net Income": 1506000.0,
        "Minority Interests": 380000.0,
        "Net Income Including Noncontrolling Interests": 1126000.0,
        "Net Income Continuous Operations": 1126000.0,
        "Tax Provision": 546000.0,
        "Pretax Income": 1672000.0,
        "Other Income Expense": -109000.0,
        "Other Non Operating Income Expenses": 18000.0,
        "Earnings From Equity Interest": 0.0,
        "Gain On Sale Of Security": -127000.0,
        "Net Non Operating Interest Income Expense": -79000.0,
        "Interest Expense Non Operating": 222000.0,
        "Interest Income Non Operating": 143000.0,
        "Operating Income": 1860000.0,
        "Operating Expense": 12824000.0,
        "Selling General And Administration": 12824000.0,
        "General And Administrative Expense": 12824000.0,
        "Other Gand A": 12725000.0,
        "Salaries And Wages": 99000.0,
        "Gross Profit": 14684000.0,
        "Cost Of Revenue": 126089000.0,
        "Total Revenue": 140773000.0,
        "Operating Revenue": 140773000.0
    },
    "2024-06-30": {
        "Tax Effect Of Unusual Items": 361808.501503,
        "Tax Rate For Calcs": 0.135509,
        "Normalized EBITDA": 12987000.0,
        "Total Unusual Items": 2670000.0,
        "Total Unusual Items Excluding Goodwill": 2670000.0,
        "Net Income From Continuing Operation Net Minority Interest": 9620000.0,
        "Reconciled Depreciation": 3773000.0,
        "Reconciled Cost Of Revenue": 124488000.0,
        "EBITDA": 15657000.0,
        "EBIT": 11884000.0,
        "Net Interest Income": -576000.0,
        "Interest Expense": 239000.0,
        "Interest Income": NaN,
        "Normalized Income": 7311808.501503,
        "Net Income From Continuing And Discontinued Operation": 9620000.0,
        "Total Expenses": 133068000.0,
        "Total Operating Income As Reported": 9691000.0,
        "Diluted Average Shares": NaN,
        "Basic Average Shares": NaN,
        "Diluted EPS": NaN,
        "Basic EPS": NaN,
        "Diluted NI Availto Com Stockholders": 9620000.0,
        "Average Dilution Earnings": NaN,
        "Net Income Common Stockholders": 9620000.0,
        "Net Income": 9620000.0,
        "Minority Interests": -447000.0,
        "Net Income Including Noncontrolling Interests": 10067000.0,
        "Net Income Continuous Operations": 10067000.0,
        "Tax Provision": 1578000.0,
        "Pretax Income": 11645000.0,
        "Other Income Expense": 2234000.0,
        "Other Non Operating Income Expenses": -374000.0,
        "Earnings From Equity Interest": -62000.0,
        "Gain On Sale Of Security": 2670000.0,
        "Net Non Operating Interest Income Expense": -576000.0,
        "Interest Expense Non Operating": 239000.0,
        "Interest Income Non Operating": NaN,
        "Operating Income": 9987000.0,
        "Operating Expense": 8580000.0,
        "Selling General And Administration": 8580000.0,
        "General And Administrative Expense": NaN,
        "Other Gand A": NaN,
        "Salaries And Wages": NaN,
        "Gross Profit": 18567000.0,
        "Cost Of Revenue": 124488000.0,
        "Total Revenue": 143055000.0,
        "Operating Revenue": 143055000.0
    },
    "2024-09-30": {
        "Tax Effect Of Unusual Items": 204490.0,
        "Tax Rate For Calcs": 0.286,
        "Normalized EBITDA": 8488000.0,
        "Total Unusual Items": 715000.0,
        "Total Unusual Items Excluding Goodwill": 715000.0,
        "Net Income From Continuing Operation Net Minority Interest": 3703000.0,
        "Reconciled Depreciation": 3662000.0,
        "Reconciled Cost Of Revenue": 120131000.0,
        "EBITDA": 9203000.0,
        "EBIT": 5541000.0,
        "Net Interest Income": -295000.0,
        "Interest Expense": 295000.0,
        "Interest Income": NaN,
        "Normalized Income": 3192490.0,
        "Net Income From Continuing And Discontinued Operation": 3703000.0,
        "Total Expenses": 134352000.0,
        "Total Operating Income As Reported": 5063000.0,
        "Diluted Average Shares": 4046000.0,
        "Basic Average Shares": 4005000.0,
        "Diluted EPS": 0.92,
        "Basic EPS": 0.92,
        "Diluted NI Availto Com Stockholders": 3703000.0,
        "Average Dilution Earnings": NaN,
        "Net Income Common Stockholders": 3703000.0,
        "Net Income": 3703000.0,
        "Minority Interests": -45000.0,
        "Net Income Including Noncontrolling Interests": 3748000.0,
        "Net Income Continuous Operations": 3748000.0,
        "Tax Provision": 1498000.0,
        "Pretax Income": 5246000.0,
        "Other Income Expense": 841000.0,
        "Other Non Operating Income Expenses": 126000.0,
        "Earnings From Equity Interest": 0.0,
        "Gain On Sale Of Security": 715000.0,
        "Net Non Operating Interest Income Expense": -295000.0,
        "Interest Expense Non Operating": 295000.0,
        "Interest Income Non Operating": NaN,
        "Operating Income": 4700000.0,
        "Operating Expense": 14221000.0,
        "Selling General And Administration": 14221000.0,
        "General And Administrative Expense": 14221000.0,
        "Other Gand A": 13858000.0,
        "Salaries And Wages": 363000.0,
        "Gross Profit": 18921000.0,
        "Cost Of Revenue": 120131000.0,
        "Total Revenue": 139052000.0,
        "Operating Revenue": 139052000.0
    }
}