{
    "2023-03-31": {
        "Tax Effect Of Unusual Items": NaN,
        "Tax Rate For Calcs": NaN,
        "Normalized EBITDA": NaN,
        "Total Unusual Items": NaN,
        "Total Unusual Items Excluding Goodwill": NaN,
        "Net Income From Continuing Operation Net Minority Interest": NaN,
        "Reconciled Depreciation": NaN,
        "EBITDA": NaN,
        "EBIT": NaN,
        "Net Interest Income": 36792.0,
        "Normalized Income": NaN,
        "Net Income From Continuing And Discontinued Operation": NaN,
        "Total Expenses": NaN,
        "Total Operating Income As Reported": NaN,
        "Diluted Average Shares": NaN,
        "Basic Average Shares": NaN,
        "Diluted EPS": NaN,
        "Basic EPS": NaN,
        "Diluted NI Availto Com Stockholders": NaN,
        "Net Income Common Stockholders": NaN,
        "Net Income": NaN,
        "Net Income Including Noncontrolling Interests": NaN,
        "Net Income Continuous Operations": NaN,
        "Pretax Income": NaN,
        "Other Income Expense": NaN,
        "Other Non Operating Income Expenses": NaN,
        "Gain On Sale Of Security": NaN,
        "Net Non Operating Interest Income Expense": 36792.0,
        "Total Other Finance Cost": -36792.0,
        "Operating Income": NaN,
        "Operating Expense": NaN,
        "Research And Development": NaN,
        "Selling General And Administration": NaN,
        "Total Revenue": NaN,
        "Operating Revenue": NaN
    },
    "2022-12-31": {
        "Tax Effect Of Unusual Items": NaN,
        "Tax Rate For Calcs": NaN,
        "Normalized EBITDA": NaN,
        "Total Unusual Items": NaN,
        "Total Unusual Items Excluding Goodwill": NaN,
        "Net Income From Continuing Operation Net Minority Interest": NaN,
        "Reconciled Depreciation": NaN,
        "EBITDA": NaN,
        "EBIT": NaN,
        "Net Interest Income": NaN,
        "Normalized Income": NaN,
        "Net Income From Continuing And Discontinued Operation": NaN,
        "Total Expenses": NaN,
        "Total Operating Income As Reported": NaN,
        "Diluted Average Shares": NaN,
        "Basic Average Shares": NaN,
        "Diluted EPS": NaN,
        "Basic EPS": NaN,
        "Diluted NI Availto Com Stockholders": NaN,
        "Net Income Common Stockholders": NaN,
        "Net Income": NaN,
        "Net Income Including Noncontrolling Interests": NaN,
        "Net Income Continuous Operations": NaN,
        "Pretax Income": NaN,
        "Other Income Expense": NaN,
        "Other Non Operating Income Expenses": NaN,
        "Gain On Sale Of Security": NaN,
        "Net Non Operating Interest Income Expense": NaN,
        "Total Other Finance Cost": NaN,
        "Operating Income": NaN,
        "Operating Expense": NaN,
        "Research And Development": NaN,
        "Selling General And Administration": NaN,
        "General And Administrative Expense": 2056702.0,
        "Other Gand A": 2056702.0,
        "Total Revenue": NaN,
        "Operating Revenue": NaN
    },
    "2022-09-30": {
        "Tax Effect Of Unusual Items": NaN,
        "Tax Rate For Calcs": NaN,
        "Normalized EBITDA": NaN,
        "Total Unusual Items": NaN,
        "Total Unusual Items Excluding Goodwill": NaN,
        "Net Income From Continuing Operation Net Minority Interest": NaN,
        "Reconciled Depreciation": NaN,
        "EBITDA": NaN,
        "EBIT": NaN,
        "Net Interest Income": NaN,
        "Normalized Income": NaN,
        "Net Income From Continuing And Discontinued Operation": NaN,
        "Total Expenses": NaN,
        "Total Operating Income As Reported": NaN,
        "Diluted Average Shares": 9207386.0,
        "Basic Average Shares": 9207386.0,
        "Diluted EPS": -0.26,
        "Basic EPS": -0.26,
        "Diluted NI Availto Com Stockholders": NaN,
        "Net Income Common Stockholders": NaN,
        "Net Income": NaN,
        "Net Income Including Noncontrolling Interests": NaN,
        "Net Income Continuous Operations": NaN,
        "Pretax Income": NaN,
        "Other Income Expense": NaN,
        "Other Non Operating Income Expenses": 14896.0,
        "Gain On Sale Of Security": NaN,
        "Net Non Operating Interest Income Expense": NaN,
        "Total Other Finance Cost": NaN,
        "Operating Income": NaN,
        "Operating Expense": NaN,
        "Research And Development": NaN,
        "Selling General And Administration": NaN,
        "General And Administrative Expense": 1339448.0,
        "Other Gand A": 1339448.0,
        "Total Revenue": NaN,
        "Operating Revenue": NaN
    },
    "2022-06-30": {
        "Tax Effect Of Unusual Items": 0.0,
        "Tax Rate For Calcs": 0.0,
        "Normalized EBITDA": -7070549.0,
        "Total Unusual Items": 4365930.0,
        "Total Unusual Items Excluding Goodwill": 4365930.0,
        "Net Income From Continuing Operation Net Minority Interest": 477754.0,
        "Reconciled Depreciation": 83050.0,
        "EBITDA": -2704619.0,
        "EBIT": -2787669.0,
        "Net Interest Income": -1100507.0,
        "Normalized Income": -3888176.0,
        "Net Income From Continuing And Discontinued Operation": 477754.0,
        "Total Expenses": 2787669.0,
        "Total Operating Income As Reported": -2787669.0,
        "Diluted Average Shares": 8669372.0,
        "Basic Average Shares": 8669372.0,
        "Diluted EPS": 0.06,
        "Basic EPS": 0.06,
        "Diluted NI Availto Com Stockholders": 477754.0,
        "Net Income Common Stockholders": 477754.0,
        "Net Income": 477754.0,
        "Net Income Including Noncontrolling Interests": 477754.0,
        "Net Income Continuous Operations": 477754.0,
        "Pretax Income": 477754.0,
        "Other Income Expense": 4365930.0,
        "Other Non Operating Income Expenses": NaN,
        "Gain On Sale Of Security": 4365930.0,
        "Net Non Operating Interest Income Expense": -1100507.0,
        "Total Other Finance Cost": 1100507.0,
        "Operating Income": -2787669.0,
        "Operating Expense": 2787669.0,
        "Research And Development": 556868.0,
        "Selling General And Administration": 2230801.0,
        "General And Administrative Expense": 2230801.0,
        "Other Gand A": 2230801.0,
        "Total Revenue": 0.0,
        "Operating Revenue": 0.0
    },
    "2022-03-31": {
        "Diluted EPS": -0.36,
        "Total Revenue": NaN,
        "Gross Profit": NaN,
        "Operating Income": -1,
        "EBIT": -1,
        "Net Income": -2
    },
    "2021-12-31": {
        "Diluted EPS": -0.32,
        "Total Revenue": NaN,
        "Gross Profit": NaN,
        "Operating Income": -1,
        "EBIT": -1,
        "Net Income": -2
    },
    "2021-09-30": {
        "Diluted EPS": -0.27,
        "Total Revenue": NaN,
        "Gross Profit": NaN,
        "Operating Income": -1,
        "EBIT": -1,
        "Net Income": -1
    },
    "2021-06-30": {
        "Diluted EPS": -0.17,
        "Total Revenue": NaN,
        "Gross Profit": NaN,
        "Operating Income": -1,
        "EBIT": -1,
        "Net Income": -1
    },
    "2021-03-31": {
        "Diluted EPS": -0.2,
        "Total Revenue": NaN,
        "Gross Profit": NaN,
        "Operating Income": -1,
        "EBIT": -1,
        "Net Income": -1
    },
    "2023-06-30": {
        "Tax Effect Of Unusual Items": NaN,
        "Tax Rate For Calcs": NaN,
        "Normalized EBITDA": NaN,
        "Total Unusual Items": NaN,
        "Total Unusual Items Excluding Goodwill": NaN,
        "Net Income From Continuing Operation Net Minority Interest": NaN,
        "Reconciled Depreciation": NaN,
        "EBITDA": NaN,
        "EBIT": NaN,
        "Net Interest Income": 40079.0,
        "Normalized Income": NaN,
        "Net Income From Continuing And Discontinued Operation": NaN,
        "Total Expenses": NaN,
        "Total Operating Income As Reported": NaN,
        "Diluted Average Shares": 529815.0,
        "Basic Average Shares": 529815.0,
        "Diluted EPS": -4.84,
        "Basic EPS": -4.84,
        "Diluted NI Availto Com Stockholders": NaN,
        "Net Income Common Stockholders": NaN,
        "Net Income": NaN,
        "Net Income Including Noncontrolling Interests": NaN,
        "Net Income Continuous Operations": NaN,
        "Pretax Income": NaN,
        "Other Income Expense": NaN,
        "Other Non Operating Income Expenses": 40079.0,
        "Gain On Sale Of Security": NaN,
        "Net Non Operating Interest Income Expense": 40079.0,
        "Total Other Finance Cost": -40079.0,
        "Operating Income": NaN,
        "Operating Expense": NaN,
        "Research And Development": NaN,
        "Selling General And Administration": NaN,
        "Total Revenue": NaN,
        "Operating Revenue": NaN
    },
    "2023-09-30": {
        "Tax Effect Of Unusual Items": 0.0,
        "Tax Rate For Calcs": 0.0,
        "Normalized EBITDA": -2469309.0,
        "Total Unusual Items": 318394.0,
        "Total Unusual Items Excluding Goodwill": 318394.0,
        "Net Income From Continuing Operation Net Minority Interest": -2022344.0,
        "Reconciled Depreciation": 207443.0,
        "EBITDA": -2150915.0,
        "EBIT": -2358358.0,
        "Net Interest Income": 17620.0,
        "Normalized Income": -2340738.0,
        "Net Income From Continuing And Discontinued Operation": -2022344.0,
        "Total Expenses": 2358358.0,
        "Total Operating Income As Reported": -2358358.0,
        "Diluted Average Shares": 536886.0,
        "Basic Average Shares": 536886.0,
        "Diluted EPS": -3.770008,
        "Basic EPS": -3.770008,
        "Diluted NI Availto Com Stockholders": -2022344.0,
        "Net Income Common Stockholders": -2022344.0,
        "Net Income": -2022344.0,
        "Net Income Including Noncontrolling Interests": -2022344.0,
        "Net Income Continuous Operations": -2022344.0,
        "Pretax Income": -2022344.0,
        "Other Income Expense": 336014.0,
        "Other Non Operating Income Expenses": 17620.0,
        "Gain On Sale Of Security": 318394.0,
        "Net Non Operating Interest Income Expense": 17620.0,
        "Total Other Finance Cost": -17620.0,
        "Operating Income": -2358358.0,
        "Operating Expense": 2358358.0,
        "Research And Development": 225191.0,
        "Selling General And Administration": 2133167.0,
        "Total Revenue": 0.0,
        "Operating Revenue": 0.0
    },
    "2023-12-31": {
        "Tax Effect Of Unusual Items": 0.0,
        "Tax Rate For Calcs": 0.0,
        "Normalized EBITDA": -2434970.0,
        "Total Unusual Items": -257109.0,
        "Total Unusual Items Excluding Goodwill": -257109.0,
        "Net Income From Continuing Operation Net Minority Interest": -3101639.0,
        "Reconciled Depreciation": 226077.0,
        "EBITDA": -2692079.0,
        "EBIT": -2918156.0,
        "Net Interest Income": 43626.0,
        "Normalized Income": -2844530.0,
        "Net Income From Continuing And Discontinued Operation": -3101639.0,
        "Total Expenses": 2918156.0,
        "Total Operating Income As Reported": -2918156.0,
        "Diluted Average Shares": NaN,
        "Basic Average Shares": NaN,
        "Diluted EPS": NaN,
        "Basic EPS": NaN,
        "Diluted NI Availto Com Stockholders": -3101639.0,
        "Net Income Common Stockholders": -3101639.0,
        "Net Income": -3101639.0,
        "Net Income Including Noncontrolling Interests": -3101639.0,
        "Net Income Continuous Operations": -3101639.0,
        "Pretax Income": -3131639.0,
        "Other Income Expense": -257109.0,
        "Other Non Operating Income Expenses": NaN,
        "Gain On Sale Of Security": -257109.0,
        "Net Non Operating Interest Income Expense": 43626.0,
        "Total Other Finance Cost": -43626.0,
        "Operating Income": -2918156.0,
        "Operating Expense": 2918156.0,
        "Research And Development": 822207.0,
        "Selling General And Administration": 2095949.0,
        "Total Revenue": 0.0,
        "Operating Revenue": 0.0
    },
    "2024-03-31": {
        "Tax Effect Of Unusual Items": 0.0,
        "Tax Rate For Calcs": 0.0,
        "Normalized EBITDA": -2491284.0,
        "Total Unusual Items": 842643.0,
        "Total Unusual Items Excluding Goodwill": 842643.0,
        "Net Income From Continuing Operation Net Minority Interest": -982386.0,
        "Reconciled Depreciation": 195411.0,
        "EBITDA": -1648641.0,
        "EBIT": -1844052.0,
        "Net Interest Income": 19023.0,
        "Normalized Income": -1825029.0,
        "Net Income From Continuing And Discontinued Operation": -982386.0,
        "Total Expenses": 1844052.0,
        "Total Operating Income As Reported": -1844052.0,
        "Diluted Average Shares": 847997.0,
        "Basic Average Shares": 847997.0,
        "Diluted EPS": -1.1,
        "Basic EPS": -1.1,
        "Diluted NI Availto Com Stockholders": -982386.0,
        "Net Income Common Stockholders": -982386.0,
        "Net Income": -982386.0,
        "Net Income Including Noncontrolling Interests": -982386.0,
        "Net Income Continuous Operations": -982386.0,
        "Pretax Income": -982386.0,
        "Other Income Expense": 842643.0,
        "Other Non Operating Income Expenses": NaN,
        "Gain On Sale Of Security": 842643.0,
        "Net Non Operating Interest Income Expense": 19023.0,
        "Total Other Finance Cost": -19023.0,
        "Operating Income": -1844052.0,
        "Operating Expense": 1844052.0,
        "Research And Development": 197439.0,
        "Selling General And Administration": 1646613.0,
        "Total Revenue": 0.0,
        "Operating Revenue": 0.0
    },
    "2024-06-30": {
        "Tax Effect Of Unusual Items": 0.0,
        "Tax Rate For Calcs": 0.0,
        "Normalized EBITDA": -2541476.0,
        "Total Unusual Items": 813485.0,
        "Total Unusual Items Excluding Goodwill": 813485.0,
        "Net Income From Continuing Operation Net Minority Interest": -2102327.0,
        "Reconciled Depreciation": 193109.0,
        "EBITDA": -1727991.0,
        "EBIT": -1921100.0,
        "Net Interest Income": NaN,
        "Normalized Income": -2915812.0,
        "Net Income From Continuing And Discontinued Operation": -2102327.0,
        "Total Expenses": 1921100.0,
        "Total Operating Income As Reported": -1921100.0,
        "Diluted Average Shares": 979889.0,
        "Basic Average Shares": 979889.0,
        "Diluted EPS": -2.2,
        "Basic EPS": -2.2,
        "Diluted NI Availto Com Stockholders": -2102327.0,
        "Net Income Common Stockholders": -2102327.0,
        "Net Income": -2102327.0,
        "Net Income Including Noncontrolling Interests": -2102327.0,
        "Net Income Continuous Operations": -2102327.0,
        "Pretax Income": -2102327.0,
        "Other Income Expense": -181227.0,
        "Other Non Operating Income Expenses": -994712.0,
        "Gain On Sale Of Security": 813485.0,
        "Net Non Operating Interest Income Expense": NaN,
        "Total Other Finance Cost": NaN,
        "Operating Income": -1921100.0,
        "Operating Expense": 1921100.0,
        "Research And Development": 180297.0,
        "Selling General And Administration": 1740803.0,
        "Total Revenue": 0.0,
        "Operating Revenue": 0.0
    },
    "2024-09-30": {
        "Tax Effect Of Unusual Items": 0.0,
        "Tax Rate For Calcs": 0.0,
        "Normalized EBITDA": -2221777.0,
        "Total Unusual Items": 401054.0,
        "Total Unusual Items Excluding Goodwill": 401054.0,
        "Net Income From Continuing Operation Net Minority Interest": -1685060.0,
        "Reconciled Depreciation": 194486.0,
        "EBITDA": -1820723.0,
        "EBIT": -2015209.0,
        "Net Interest Income": NaN,
        "Normalized Income": -2086114.0,
        "Net Income From Continuing And Discontinued Operation": -1685060.0,
        "Total Expenses": 2015209.0,
        "Total Operating Income As Reported": -2015209.0,
        "Diluted Average Shares": 1331890.0,
        "Basic Average Shares": 1331890.0,
        "Diluted EPS": -1.269994,
        "Basic EPS": -1.269994,
        "Diluted NI Availto Com Stockholders": -1685060.0,
        "Net Income Common Stockholders": -1685060.0,
        "Net Income": -1685060.0,
        "Net Income Including Noncontrolling Interests": -1685060.0,
        "Net Income Continuous Operations": -1685060.0,
        "Pretax Income": -1685060.0,
        "Other Income Expense": 330149.0,
        "Other Non Operating Income Expenses": -70905.0,
        "Gain On Sale Of Security": 401054.0,
        "Net Non Operating Interest Income Expense": NaN,
        "Total Other Finance Cost": NaN,
        "Operating Income": -2015209.0,
        "Operating Expense": 2015209.0,
        "Research And Development": 145611.0,
        "Selling General And Administration": 1869598.0,
        "Total Revenue": 0.0,
        "Operating Revenue": 0.0
    }
}