{
    "2023-03-31": {
        "Tax Effect Of Unusual Items": NaN,
        "Tax Rate For Calcs": NaN,
        "Normalized EBITDA": NaN,
        "Net Income From Continuing Operation Net Minority Interest": NaN,
        "Reconciled Depreciation": NaN,
        "EBITDA": NaN,
        "EBIT": NaN,
        "Normalized Income": NaN,
        "Net Income From Continuing And Discontinued Operation": NaN,
        "Total Expenses": NaN,
        "Total Operating Income As Reported": NaN,
        "Diluted Average Shares": 42439204.0,
        "Basic Average Shares": 42439204.0,
        "Diluted EPS": -0.49,
        "Basic EPS": -0.49,
        "Diluted NI Availto Com Stockholders": NaN,
        "Net Income Common Stockholders": NaN,
        "Net Income": NaN,
        "Net Income Including Noncontrolling Interests": NaN,
        "Net Income Continuous Operations": NaN,
        "Pretax Income": NaN,
        "Other Income Expense": NaN,
        "Other Non Operating Income Expenses": NaN,
        "Operating Income": NaN,
        "Operating Expense": NaN,
        "Research And Development": NaN,
        "Selling General And Administration": NaN,
        "General And Administrative Expense": NaN,
        "Other Gand A": NaN,
        "Total Revenue": NaN,
        "Operating Revenue": NaN
    },
    "2022-12-31": {
        "Tax Effect Of Unusual Items": NaN,
        "Tax Rate For Calcs": NaN,
        "Normalized EBITDA": NaN,
        "Net Income From Continuing Operation Net Minority Interest": NaN,
        "Reconciled Depreciation": NaN,
        "EBITDA": NaN,
        "EBIT": NaN,
        "Normalized Income": NaN,
        "Net Income From Continuing And Discontinued Operation": NaN,
        "Total Expenses": NaN,
        "Total Operating Income As Reported": NaN,
        "Diluted Average Shares": 42390586.0,
        "Basic Average Shares": 42390586.0,
        "Diluted EPS": -0.6,
        "Basic EPS": -0.6,
        "Diluted NI Availto Com Stockholders": NaN,
        "Net Income Common Stockholders": NaN,
        "Net Income": NaN,
        "Net Income Including Noncontrolling Interests": NaN,
        "Net Income Continuous Operations": NaN,
        "Pretax Income": NaN,
        "Other Income Expense": NaN,
        "Other Non Operating Income Expenses": NaN,
        "Operating Income": NaN,
        "Operating Expense": NaN,
        "Research And Development": NaN,
        "Selling General And Administration": NaN,
        "General And Administrative Expense": NaN,
        "Other Gand A": NaN,
        "Total Revenue": NaN,
        "Operating Revenue": NaN
    },
    "2022-09-30": {
        "Tax Effect Of Unusual Items": 0.0,
        "Tax Rate For Calcs": 0.0,
        "Normalized EBITDA": -25229000.0,
        "Net Income From Continuing Operation Net Minority Interest": -24635000.0,
        "Reconciled Depreciation": 934000.0,
        "EBITDA": -25229000.0,
        "EBIT": -25229000.0,
        "Net Interest Income": NaN,
        "Normalized Income": -24635000.0,
        "Net Income From Continuing And Discontinued Operation": -24635000.0,
        "Total Expenses": 25441000.0,
        "Total Operating Income As Reported": -25229000.0,
        "Diluted Average Shares": 42386470.0,
        "Basic Average Shares": 42386470.0,
        "Diluted EPS": -0.58,
        "Basic EPS": -0.58,
        "Diluted NI Availto Com Stockholders": -24635000.0,
        "Net Income Common Stockholders": -24635000.0,
        "Net Income": -24635000.0,
        "Net Income Including Noncontrolling Interests": -24635000.0,
        "Net Income Continuous Operations": -24635000.0,
        "Pretax Income": -24635000.0,
        "Other Income Expense": 594000.0,
        "Other Non Operating Income Expenses": 594000.0,
        "Net Non Operating Interest Income Expense": NaN,
        "Total Other Finance Cost": NaN,
        "Operating Income": -25229000.0,
        "Operating Expense": 25441000.0,
        "Research And Development": 18862000.0,
        "Selling General And Administration": 6579000.0,
        "General And Administrative Expense": 6579000.0,
        "Other Gand A": 6579000.0,
        "Total Revenue": 212000.0,
        "Operating Revenue": 212000.0
    },
    "2022-06-30": {
        "Tax Effect Of Unusual Items": 0.0,
        "Tax Rate For Calcs": 0.0,
        "Normalized EBITDA": -26996000.0,
        "Net Income From Continuing Operation Net Minority Interest": -27371000.0,
        "Reconciled Depreciation": 662000.0,
        "EBITDA": -26996000.0,
        "EBIT": -27658000.0,
        "Net Interest Income": NaN,
        "Normalized Income": -27371000.0,
        "Net Income From Continuing And Discontinued Operation": -27371000.0,
        "Total Expenses": 27708000.0,
        "Total Operating Income As Reported": -27658000.0,
        "Diluted Average Shares": 42380454.0,
        "Basic Average Shares": 42380454.0,
        "Diluted EPS": -0.65,
        "Basic EPS": -0.65,
        "Diluted NI Availto Com Stockholders": -27371000.0,
        "Net Income Common Stockholders": -27371000.0,
        "Net Income": -27371000.0,
        "Net Income Including Noncontrolling Interests": -27371000.0,
        "Net Income Continuous Operations": -27371000.0,
        "Pretax Income": -27371000.0,
        "Other Income Expense": 287000.0,
        "Other Non Operating Income Expenses": 287000.0,
        "Net Non Operating Interest Income Expense": NaN,
        "Total Other Finance Cost": NaN,
        "Operating Income": -27658000.0,
        "Operating Expense": 27708000.0,
        "Research And Development": 22963000.0,
        "Selling General And Administration": 4745000.0,
        "General And Administrative Expense": 4745000.0,
        "Other Gand A": 4745000.0,
        "Total Revenue": 50000.0,
        "Operating Revenue": 50000.0
    },
    "2022-03-31": {
        "Diluted EPS": -0.58,
        "Total Revenue": NaN,
        "Gross Profit": NaN,
        "Operating Income": -24,
        "EBIT": -23,
        "Net Income": -25
    },
    "2021-12-31": {
        "Diluted EPS": 0.18,
        "Total Revenue": 30,
        "Gross Profit": 30,
        "Operating Income": 9,
        "EBIT": 12,
        "Net Income": 8
    },
    "2021-09-30": {
        "Diluted EPS": -0.41,
        "Total Revenue": 2,
        "Gross Profit": 2,
        "Operating Income": -18,
        "EBIT": -16,
        "Net Income": -17
    },
    "2021-06-30": {
        "Diluted EPS": -0.56,
        "Total Revenue": -4,
        "Gross Profit": -4,
        "Operating Income": -25,
        "EBIT": -24,
        "Net Income": -24
    },
    "2021-03-31": {
        "Diluted EPS": -0.28,
        "Total Revenue": 2,
        "Gross Profit": 2,
        "Operating Income": -12,
        "EBIT": -12,
        "Net Income": -12
    },
    "2020-12-31": {
        "Diluted EPS": 0.85,
        "Total Revenue": 1,
        "Gross Profit": 1,
        "Operating Income": -12,
        "EBIT": -12,
        "Net Income": -12
    },
    "2020-09-30": {
        "Diluted EPS": -1.54,
        "Total Revenue": 2,
        "Gross Profit": 2,
        "Operating Income": -12,
        "EBIT": -12,
        "Net Income": -12
    },
    "2020-06-30": {
        "Diluted EPS": -0.81,
        "Total Revenue": 3,
        "Gross Profit": 3,
        "Operating Income": -6,
        "EBIT": -6,
        "Net Income": -6
    },
    "2020-03-31": {
        "Diluted EPS": -0.86,
        "Total Revenue": 3,
        "Gross Profit": 3,
        "Operating Income": -7,
        "EBIT": -7,
        "Net Income": -7
    },
    "2019-12-31": {
        "Diluted EPS": 0.0,
        "Total Revenue": NaN,
        "Gross Profit": NaN,
        "Operating Income": NaN,
        "EBIT": NaN,
        "Net Income": NaN
    },
    "2019-09-30": {
        "Diluted EPS": -0.96,
        "Total Revenue": 2,
        "Gross Profit": 2,
        "Operating Income": -8,
        "EBIT": -8,
        "Net Income": -7
    },
    "2023-06-30": {
        "Tax Effect Of Unusual Items": 0.0,
        "Tax Rate For Calcs": 0.0,
        "Normalized EBITDA": -21720000.0,
        "Net Income From Continuing Operation Net Minority Interest": -21346000.0,
        "Reconciled Depreciation": 1027000.0,
        "EBITDA": -21720000.0,
        "EBIT": -22747000.0,
        "Normalized Income": -21346000.0,
        "Net Income From Continuing And Discontinued Operation": -21346000.0,
        "Total Expenses": 22947000.0,
        "Total Operating Income As Reported": -22747000.0,
        "Diluted Average Shares": 42467664.0,
        "Basic Average Shares": 42467664.0,
        "Diluted EPS": -0.5,
        "Basic EPS": -0.5,
        "Diluted NI Availto Com Stockholders": -21346000.0,
        "Net Income Common Stockholders": -21346000.0,
        "Net Income": -21346000.0,
        "Net Income Including Noncontrolling Interests": -21346000.0,
        "Net Income Continuous Operations": -21346000.0,
        "Pretax Income": -21346000.0,
        "Other Income Expense": 1401000.0,
        "Other Non Operating Income Expenses": 1401000.0,
        "Operating Income": -22747000.0,
        "Operating Expense": 22947000.0,
        "Research And Development": 18205000.0,
        "Selling General And Administration": 4742000.0,
        "General And Administrative Expense": 4742000.0,
        "Other Gand A": 4742000.0,
        "Total Revenue": 200000.0,
        "Operating Revenue": 200000.0
    },
    "2023-09-30": {
        "Tax Effect Of Unusual Items": 0.0,
        "Tax Rate For Calcs": 0.0,
        "Normalized EBITDA": -27578000.0,
        "Net Income From Continuing Operation Net Minority Interest": -27541000.0,
        "Reconciled Depreciation": 1020000.0,
        "EBITDA": -27578000.0,
        "EBIT": -28598000.0,
        "Normalized Income": -27541000.0,
        "Net Income From Continuing And Discontinued Operation": -27541000.0,
        "Total Expenses": 29284000.0,
        "Total Operating Income As Reported": -28598000.0,
        "Diluted Average Shares": 42477642.0,
        "Basic Average Shares": 42477642.0,
        "Diluted EPS": -0.65,
        "Basic EPS": -0.65,
        "Diluted NI Availto Com Stockholders": -27541000.0,
        "Net Income Common Stockholders": -27541000.0,
        "Net Income": -27541000.0,
        "Net Income Including Noncontrolling Interests": -27541000.0,
        "Net Income Continuous Operations": -27541000.0,
        "Pretax Income": -27541000.0,
        "Other Income Expense": 1057000.0,
        "Other Non Operating Income Expenses": 1057000.0,
        "Operating Income": -28598000.0,
        "Operating Expense": 29284000.0,
        "Research And Development": 24211000.0,
        "Selling General And Administration": 5073000.0,
        "General And Administrative Expense": 5073000.0,
        "Other Gand A": 5073000.0,
        "Total Revenue": 686000.0,
        "Operating Revenue": 686000.0
    },
    "2023-12-31": {
        "Tax Effect Of Unusual Items": 0.0,
        "Tax Rate For Calcs": 0.0,
        "Normalized EBITDA": -17970000.0,
        "Net Income From Continuing Operation Net Minority Interest": -17687000.0,
        "Reconciled Depreciation": 981000.0,
        "EBITDA": -17970000.0,
        "EBIT": -18951000.0,
        "Normalized Income": -17687000.0,
        "Net Income From Continuing And Discontinued Operation": -17687000.0,
        "Total Expenses": 19665000.0,
        "Total Operating Income As Reported": -18951000.0,
        "Diluted Average Shares": NaN,
        "Basic Average Shares": NaN,
        "Diluted EPS": NaN,
        "Basic EPS": NaN,
        "Diluted NI Availto Com Stockholders": -17687000.0,
        "Net Income Common Stockholders": -17687000.0,
        "Net Income": -17687000.0,
        "Net Income Including Noncontrolling Interests": -17687000.0,
        "Net Income Continuous Operations": -17687000.0,
        "Pretax Income": -17687000.0,
        "Other Income Expense": -3405000.0,
        "Other Non Operating Income Expenses": -3405000.0,
        "Operating Income": -18951000.0,
        "Operating Expense": 19665000.0,
        "Research And Development": 15227000.0,
        "Selling General And Administration": 4438000.0,
        "General And Administrative Expense": 4438000.0,
        "Other Gand A": 4438000.0,
        "Total Revenue": 714000.0,
        "Operating Revenue": 714000.0
    },
    "2024-03-31": {
        "Tax Effect Of Unusual Items": 0.0,
        "Tax Rate For Calcs": 0.0,
        "Normalized EBITDA": -19070000.0,
        "Net Income From Continuing Operation Net Minority Interest": -18504000.0,
        "Reconciled Depreciation": 974000.0,
        "EBITDA": -19070000.0,
        "EBIT": -20044000.0,
        "Normalized Income": -18504000.0,
        "Net Income From Continuing And Discontinued Operation": -18504000.0,
        "Total Expenses": 21159000.0,
        "Total Operating Income As Reported": -20044000.0,
        "Diluted Average Shares": 50566394.0,
        "Basic Average Shares": 50566394.0,
        "Diluted EPS": -0.37,
        "Basic EPS": -0.37,
        "Diluted NI Availto Com Stockholders": -18504000.0,
        "Net Income Common Stockholders": -18504000.0,
        "Net Income": -18504000.0,
        "Net Income Including Noncontrolling Interests": -18504000.0,
        "Net Income Continuous Operations": -18504000.0,
        "Pretax Income": -18504000.0,
        "Other Income Expense": 1540000.0,
        "Other Non Operating Income Expenses": 1540000.0,
        "Operating Income": -20044000.0,
        "Operating Expense": 21159000.0,
        "Research And Development": 16264000.0,
        "Selling General And Administration": 4895000.0,
        "General And Administrative Expense": 4895000.0,
        "Other Gand A": 4895000.0,
        "Total Revenue": 1115000.0,
        "Operating Revenue": 1115000.0
    },
    "2024-06-30": {
        "Tax Effect Of Unusual Items": 0.0,
        "Tax Rate For Calcs": 0.0,
        "Normalized EBITDA": -22000000.0,
        "Net Income From Continuing Operation Net Minority Interest": -21552000.0,
        "Reconciled Depreciation": 962000.0,
        "EBITDA": -22000000.0,
        "EBIT": -22962000.0,
        "Normalized Income": -21552000.0,
        "Net Income From Continuing And Discontinued Operation": -21552000.0,
        "Total Expenses": 24571000.0,
        "Total Operating Income As Reported": -22962000.0,
        "Diluted Average Shares": 50791241.0,
        "Basic Average Shares": 50791241.0,
        "Diluted EPS": -0.42,
        "Basic EPS": -0.42,
        "Diluted NI Availto Com Stockholders": -21552000.0,
        "Net Income Common Stockholders": -21552000.0,
        "Net Income": -21552000.0,
        "Net Income Including Noncontrolling Interests": -21552000.0,
        "Net Income Continuous Operations": -21552000.0,
        "Pretax Income": -21552000.0,
        "Other Income Expense": 1410000.0,
        "Other Non Operating Income Expenses": 1410000.0,
        "Operating Income": -22962000.0,
        "Operating Expense": 24571000.0,
        "Research And Development": 19239000.0,
        "Selling General And Administration": 5332000.0,
        "General And Administrative Expense": 5332000.0,
        "Other Gand A": 5332000.0,
        "Total Revenue": 1609000.0,
        "Operating Revenue": 1609000.0
    }
}