{
    "2023-05-31": {
        "Tax Effect Of Unusual Items": -77616000.0,
        "Tax Rate For Calcs": 0.396,
        "Normalized EBITDA": 649900000.0,
        "Total Unusual Items": -196000000.0,
        "Total Unusual Items Excluding Goodwill": -196000000.0,
        "Net Income From Continuing Operation Net Minority Interest": 135900000.0,
        "Reconciled Depreciation": 105300000.0,
        "Reconciled Cost Of Revenue": 1257100000.0,
        "EBITDA": 453900000.0,
        "EBIT": 348600000.0,
        "Net Interest Income": -118200000.0,
        "Interest Expense": 118200000.0,
        "Normalized Income": 254284000.0,
        "Net Income From Continuing And Discontinued Operation": 135900000.0,
        "Total Expenses": 1750200000.0,
        "Total Operating Income As Reported": 764700000.0,
        "Diluted Average Shares": 183863000.0,
        "Basic Average Shares": 183270000.0,
        "Diluted EPS": 0.74,
        "Basic EPS": 0.74,
        "Diluted NI Availto Com Stockholders": 135900000.0,
        "Net Income Common Stockholders": 135900000.0,
        "Net Income": 135900000.0,
        "Minority Interests": -3300000.0,
        "Net Income Including Noncontrolling Interests": 139200000.0,
        "Net Income Continuous Operations": 139200000.0,
        "Tax Provision": 91200000.0,
        "Pretax Income": 230400000.0,
        "Other Income Expense": -416100000.0,
        "Special Income Charges": -124200000.0,
        "Gain On Sale Of Business": NaN,
        "Other Special Charges": 700000.0,
        "Write Off": 123500000.0,
        "Earnings From Equity Interest": -220100000.0,
        "Gain On Sale Of Security": -71800000.0,
        "Net Non Operating Interest Income Expense": -118200000.0,
        "Interest Expense Non Operating": 118200000.0,
        "Operating Income": 764700000.0,
        "Operating Expense": 493100000.0,
        "Selling General And Administration": 493100000.0,
        "Gross Profit": 1257800000.0,
        "Cost Of Revenue": 1257100000.0,
        "Total Revenue": 2514900000.0,
        "Excise Taxes": 184600000.0,
        "Operating Revenue": 2699500000.0
    },
    "2023-02-28": {
        "Tax Effect Of Unusual Items": -997035.881435,
        "Tax Rate For Calcs": 0.129485,
        "Normalized EBITDA": 486700000.0,
        "Total Unusual Items": -7700000.0,
        "Total Unusual Items Excluding Goodwill": -7700000.0,
        "Net Income From Continuing Operation Net Minority Interest": 223000000.0,
        "Reconciled Depreciation": 105400000.0,
        "Reconciled Cost Of Revenue": 1036600000.0,
        "EBITDA": 479000000.0,
        "EBIT": 373600000.0,
        "Net Interest Income": -117200000.0,
        "Interest Expense": 117200000.0,
        "Normalized Income": 229702964.118565,
        "Net Income From Continuing And Discontinued Operation": 223000000.0,
        "Total Expenses": 1531100000.0,
        "Total Operating Income As Reported": 466700000.0,
        "Diluted Average Shares": 184534000.0,
        "Basic Average Shares": 183895000.0,
        "Diluted EPS": 1.21,
        "Basic EPS": 1.21,
        "Diluted NI Availto Com Stockholders": 223000000.0,
        "Net Income Common Stockholders": 223000000.0,
        "Net Income": 223000000.0,
        "Minority Interests": -200000.0,
        "Net Income Including Noncontrolling Interests": 223200000.0,
        "Net Income Continuous Operations": 223200000.0,
        "Tax Provision": 33200000.0,
        "Pretax Income": 256400000.0,
        "Other Income Expense": -93100000.0,
        "Special Income Charges": -900000.0,
        "Gain On Sale Of Business": NaN,
        "Other Special Charges": 900000.0,
        "Write Off": 0.0,
        "Earnings From Equity Interest": -85400000.0,
        "Gain On Sale Of Security": -6800000.0,
        "Net Non Operating Interest Income Expense": -117200000.0,
        "Interest Expense Non Operating": 117200000.0,
        "Operating Income": 466700000.0,
        "Operating Expense": 494500000.0,
        "Selling General And Administration": 494500000.0,
        "Gross Profit": 961200000.0,
        "Cost Of Revenue": 1036600000.0,
        "Total Revenue": 1997800000.0,
        "Excise Taxes": 149800000.0,
        "Operating Revenue": 2147600000.0
    },
    "2022-11-30": {
        "Tax Effect Of Unusual Items": -1591000.0,
        "Tax Rate For Calcs": 0.215,
        "Normalized EBITDA": 811800000.0,
        "Total Unusual Items": -7400000.0,
        "Total Unusual Items Excluding Goodwill": -7400000.0,
        "Net Income From Continuing Operation Net Minority Interest": 467700000.0,
        "Reconciled Depreciation": 94900000.0,
        "Reconciled Cost Of Revenue": 1209600000.0,
        "EBITDA": 804400000.0,
        "EBIT": 709500000.0,
        "Net Interest Income": -98700000.0,
        "Interest Expense": 98700000.0,
        "Normalized Income": 473509000.0,
        "Net Income From Continuing And Discontinued Operation": 467700000.0,
        "Total Expenses": 1689800000.0,
        "Total Operating Income As Reported": 746700000.0,
        "Diluted Average Shares": 208497000.0,
        "Basic Average Shares": 189883000.0,
        "Diluted EPS": 2.52,
        "Basic EPS": 2.58,
        "Diluted NI Availto Com Stockholders": 467700000.0,
        "Net Income Common Stockholders": 467700000.0,
        "Net Income": 467700000.0,
        "Minority Interests": -12000000.0,
        "Net Income Including Noncontrolling Interests": 479700000.0,
        "Net Income Continuous Operations": 479700000.0,
        "Tax Provision": 131100000.0,
        "Pretax Income": 610800000.0,
        "Other Income Expense": -37200000.0,
        "Special Income Charges": 0.0,
        "Gain On Sale Of Business": 0.0,
        "Other Special Charges": NaN,
        "Write Off": 0.0,
        "Impairment Of Capital Assets": 0.0,
        "Earnings From Equity Interest": -29800000.0,
        "Gain On Sale Of Security": -7400000.0,
        "Net Non Operating Interest Income Expense": -98700000.0,
        "Interest Expense Non Operating": 98700000.0,
        "Operating Income": 746700000.0,
        "Operating Expense": 480200000.0,
        "Selling General And Administration": 480200000.0,
        "Gross Profit": 1226900000.0,
        "Cost Of Revenue": 1209600000.0,
        "Total Revenue": 2436500000.0,
        "Excise Taxes": 188100000.0,
        "Operating Revenue": 2624600000.0
    },
    "2022-08-31": {
        "Tax Effect Of Unusual Items": -431040000.0,
        "Tax Rate For Calcs": 0.4,
        "Normalized EBITDA": 254400000.0,
        "Total Unusual Items": -1077600000.0,
        "Total Unusual Items Excluding Goodwill": -1077600000.0,
        "Net Income From Continuing Operation Net Minority Interest": -1151200000.0,
        "Reconciled Depreciation": 90800000.0,
        "Reconciled Cost Of Revenue": 1329200000.0,
        "EBITDA": -823200000.0,
        "EBIT": -914000000.0,
        "Net Interest Income": -94300000.0,
        "Interest Expense": 94300000.0,
        "Normalized Income": -504640000.0,
        "Net Income From Continuing And Discontinued Operation": -1151200000.0,
        "Total Expenses": 1842000000.0,
        "Total Operating Income As Reported": 813100000.0,
        "Diluted Average Shares": 184936000.0,
        "Basic Average Shares": 184936000.0,
        "Diluted EPS": -6.3,
        "Basic EPS": -6.3,
        "Diluted NI Availto Com Stockholders": -1151200000.0,
        "Net Income Common Stockholders": -1151200000.0,
        "Net Income": -1151200000.0,
        "Minority Interests": -10500000.0,
        "Net Income Including Noncontrolling Interests": -1140700000.0,
        "Net Income Continuous Operations": -1140700000.0,
        "Tax Provision": 132400000.0,
        "Pretax Income": -1008300000.0,
        "Other Income Expense": -1727100000.0,
        "Special Income Charges": -1068300000.0,
        "Other Special Charges": 8000000.0,
        "Write Off": 1060300000.0,
        "Impairment Of Capital Assets": NaN,
        "Earnings From Equity Interest": -649500000.0,
        "Gain On Sale Of Security": -9300000.0,
        "Net Non Operating Interest Income Expense": -94300000.0,
        "Interest Expense Non Operating": 94300000.0,
        "Operating Income": 813100000.0,
        "Operating Expense": 512800000.0,
        "Selling General And Administration": 512800000.0,
        "Gross Profit": 1325900000.0,
        "Cost Of Revenue": 1329200000.0,
        "Total Revenue": 2655100000.0,
        "Excise Taxes": 209200000.0,
        "Operating Revenue": 2864300000.0
    },
    "2022-05-31": {
        "Tax Effect Of Unusual Items": -9010300.0,
        "Tax Rate For Calcs": 0.239,
        "Normalized EBITDA": 743600000.0,
        "Total Unusual Items": -37700000.0,
        "Total Unusual Items Excluding Goodwill": -37700000.0,
        "Net Income From Continuing Operation Net Minority Interest": 389500000.0,
        "Reconciled Depreciation": 92700000.0,
        "Reconciled Cost Of Revenue": 1108200000.0,
        "EBIT": 613200000.0,
        "Net Interest Income": -88500000.0,
        "Interest Expense": 88500000.0,
        "Normalized Income": 418189700.0,
        "Net Income From Continuing And Discontinued Operation": 389500000.0,
        "Total Expenses": 1546800000.0,
        "Total Operating Income As Reported": 816400000.0,
        "Diluted Average Shares": 212539000.0,
        "Basic Average Shares": 188541000.0,
        "Diluted EPS": 2.06,
        "Basic EPS": 2.09,
        "Diluted NI Availto Com Stockholders": 389500000.0,
        "Net Income Common Stockholders": 389500000.0,
        "Net Income": 389500000.0,
        "Minority Interests": -9800000.0,
        "Net Income Including Noncontrolling Interests": 399300000.0,
        "Net Income Continuous Operations": 399300000.0,
        "Tax Provision": 125400000.0,
        "Pretax Income": 524700000.0,
        "Other Income Expense": -203200000.0,
        "Special Income Charges": -15300000.0,
        "Other Special Charges": 15300000.0,
        "Write Off": 0.0,
        "Impairment Of Capital Assets": NaN,
        "Earnings From Equity Interest": -165500000.0,
        "Gain On Sale Of Security": -22400000.0,
        "Net Non Operating Interest Income Expense": -88500000.0,
        "Interest Expense Non Operating": 88500000.0,
        "Operating Income": 816400000.0,
        "Operating Expense": 438600000.0,
        "Selling General And Administration": 438600000.0,
        "Gross Profit": 1255000000.0,
        "Cost Of Revenue": 1108200000.0,
        "Total Revenue": 2363200000.0,
        "Excise Taxes": 177500000.0,
        "Operating Revenue": 2540700000.0
    },
    "2022-02-28": {
        "Diluted EPS": 2.25,
        "Total Revenue": NaN,
        "Gross Profit": NaN,
        "Operating Income": 678,
        "EBIT": 774,
        "Net Income": 395
    },
    "2021-11-30": {
        "Diluted EPS": 2.21,
        "Total Revenue": NaN,
        "Gross Profit": NaN,
        "Operating Income": 840,
        "EBIT": 929,
        "Net Income": 471
    },
    "2021-08-31": {
        "Diluted EPS": 0.01,
        "Total Revenue": NaN,
        "Gross Profit": NaN,
        "Operating Income": 739,
        "EBIT": 858,
        "Net Income": 2
    },
    "2021-05-31": {
        "Diluted EPS": -4.68,
        "Total Revenue": NaN,
        "Gross Profit": NaN,
        "Operating Income": 75,
        "EBIT": 154,
        "Net Income": -908
    },
    "2021-02-28": {
        "Diluted EPS": 1.86,
        "Total Revenue": NaN,
        "Gross Profit": 994,
        "Operating Income": 559,
        "EBIT": 652,
        "Net Income": 383
    },
    "2020-11-30": {
        "Diluted EPS": 5.86,
        "Total Revenue": NaN,
        "Gross Profit": NaN,
        "Operating Income": 783,
        "EBIT": 864,
        "Net Income": NaN
    },
    "2020-08-31": {
        "Diluted EPS": 2.34,
        "Total Revenue": NaN,
        "Gross Profit": NaN,
        "Operating Income": 839,
        "EBIT": 924,
        "Net Income": 512
    },
    "2020-05-31": {
        "Diluted EPS": -0.92,
        "Total Revenue": NaN,
        "Gross Profit": 988,
        "Operating Income": 610,
        "EBIT": 681,
        "Net Income": -178
    },
    "2020-02-29": {
        "Diluted EPS": 2.31,
        "Total Revenue": NaN,
        "Gross Profit": 950,
        "Operating Income": 545,
        "EBIT": 627,
        "Net Income": 398
    },
    "2019-11-30": {
        "Diluted EPS": 1.65,
        "Total Revenue": NaN,
        "Gross Profit": 988,
        "Operating Income": 267,
        "EBIT": 361,
        "Net Income": 360
    },
    "2019-08-31": {
        "Diluted EPS": -2.74,
        "Total Revenue": NaN,
        "Gross Profit": NaN,
        "Operating Income": 720,
        "EBIT": 816,
        "Net Income": -525
    },
    "2019-05-31": {
        "Diluted EPS": -1.28,
        "Total Revenue": NaN,
        "Gross Profit": NaN,
        "Operating Income": 623,
        "EBIT": 709,
        "Net Income": -245
    },
    "2019-02-28": {
        "Diluted EPS": 5.7,
        "Total Revenue": NaN,
        "Gross Profit": 894,
        "Operating Income": 465,
        "EBIT": 661,
        "Net Income": NaN
    },
    "2018-11-30": {
        "Diluted EPS": 1.39,
        "Total Revenue": NaN,
        "Gross Profit": 970,
        "Operating Income": 557,
        "EBIT": 656,
        "Net Income": 303
    },
    "2018-08-31": {
        "Diluted EPS": 5.24,
        "Total Revenue": NaN,
        "Gross Profit": NaN,
        "Operating Income": 765,
        "EBIT": 862,
        "Net Income": NaN
    },
    "2018-05-31": {
        "Diluted EPS": 3.37,
        "Total Revenue": NaN,
        "Gross Profit": NaN,
        "Operating Income": 625,
        "EBIT": 710,
        "Net Income": 744
    },
    "2018-02-28": {
        "Diluted EPS": 4.07,
        "Total Revenue": NaN,
        "Gross Profit": 845,
        "Operating Income": 512,
        "EBIT": 674,
        "Net Income": 911
    },
    "2017-11-30": {
        "Diluted EPS": 2.2,
        "Total Revenue": NaN,
        "Gross Profit": 910,
        "Operating Income": 490,
        "EBIT": 592,
        "Net Income": 493
    },
    "2017-08-31": {
        "Diluted EPS": 2.23,
        "Total Revenue": NaN,
        "Gross Profit": NaN,
        "Operating Income": 717,
        "EBIT": 790,
        "Net Income": 502
    },
    "2017-05-31": {
        "Diluted EPS": 1.78,
        "Total Revenue": NaN,
        "Gross Profit": 988,
        "Operating Income": 561,
        "EBIT": 719,
        "Net Income": 399
    },
    "2017-02-28": {
        "Diluted EPS": 1.99,
        "Total Revenue": NaN,
        "Gross Profit": 777,
        "Operating Income": 691,
        "EBIT": 805,
        "Net Income": 446
    },
    "2016-11-30": {
        "Diluted EPS": 1.77,
        "Total Revenue": NaN,
        "Gross Profit": 891,
        "Operating Income": 534,
        "EBIT": 601,
        "Net Income": 406
    },
    "2016-08-31": {
        "Diluted EPS": 1.57,
        "Total Revenue": NaN,
        "Gross Profit": 969,
        "Operating Income": 611,
        "EBIT": 674,
        "Net Income": 359
    },
    "2016-05-31": {
        "Diluted EPS": 1.39,
        "Total Revenue": NaN,
        "Gross Profit": 881,
        "Operating Income": 553,
        "EBIT": 616,
        "Net Income": 318
    },
    "2016-02-29": {
        "Diluted EPS": 1.06,
        "Total Revenue": NaN,
        "Gross Profit": 696,
        "Operating Income": 411,
        "EBIT": 460,
        "Net Income": 243
    },
    "2015-11-30": {
        "Diluted EPS": 1.19,
        "Total Revenue": NaN,
        "Gross Profit": 734,
        "Operating Income": 447,
        "EBIT": 501,
        "Net Income": 271
    },
    "2015-08-31": {
        "Diluted EPS": 1.34,
        "Total Revenue": NaN,
        "Gross Profit": 776,
        "Operating Income": 479,
        "EBIT": 539,
        "Net Income": 302
    },
    "2015-05-31": {
        "Diluted EPS": 1.05,
        "Total Revenue": NaN,
        "Gross Profit": 737,
        "Operating Income": 427,
        "EBIT": 485,
        "Net Income": 239
    },
    "2015-02-28": {
        "Diluted EPS": 0.96,
        "Total Revenue": NaN,
        "Gross Profit": 598,
        "Operating Income": 354,
        "EBIT": 404,
        "Net Income": 215
    },
    "2014-11-30": {
        "Diluted EPS": 0.99,
        "Total Revenue": NaN,
        "Gross Profit": 639,
        "Operating Income": 376,
        "EBIT": 430,
        "Net Income": 222
    },
    "2014-08-31": {
        "Diluted EPS": 0.87,
        "Total Revenue": NaN,
        "Gross Profit": 672,
        "Operating Income": 379,
        "EBIT": 435,
        "Net Income": 196
    },
    "2014-05-31": {
        "Diluted EPS": 0.92,
        "Total Revenue": NaN,
        "Gross Profit": 670,
        "Operating Income": 392,
        "EBIT": 444,
        "Net Income": 207
    },
    "2014-02-28": {
        "Diluted EPS": 0.69,
        "Total Revenue": NaN,
        "Gross Profit": 549,
        "Operating Income": 329,
        "EBIT": 375,
        "Net Income": 157
    },
    "2013-11-30": {
        "Diluted EPS": 0.95,
        "Total Revenue": NaN,
        "Gross Profit": 610,
        "Operating Income": 364,
        "EBIT": 409,
        "Net Income": 211
    },
    "2013-08-31": {
        "Diluted EPS": 6.91,
        "Total Revenue": NaN,
        "Gross Profit": 577,
        "Operating Income": NaN,
        "EBIT": NaN,
        "Net Income": NaN
    },
    "2013-05-31": {
        "Diluted EPS": 0.24,
        "Total Revenue": 673,
        "Gross Profit": 256,
        "Operating Income": 71,
        "EBIT": 101,
        "Net Income": 53
    },
    "2013-02-28": {
        "Diluted EPS": 0.36,
        "Total Revenue": 696,
        "Gross Profit": 262,
        "Operating Income": 127,
        "EBIT": 159,
        "Net Income": 82
    },
    "2012-11-30": {
        "Diluted EPS": 0.51,
        "Total Revenue": 767,
        "Gross Profit": 311,
        "Operating Income": 159,
        "EBIT": 190,
        "Net Income": 110
    },
    "2012-08-31": {
        "Diluted EPS": 0.6,
        "Total Revenue": 699,
        "Gross Profit": 285,
        "Operating Income": 131,
        "EBIT": 158,
        "Net Income": 125
    },
    "2012-05-31": {
        "Diluted EPS": 0.34,
        "Total Revenue": 635,
        "Gross Profit": 251,
        "Operating Income": 106,
        "EBIT": 136,
        "Net Income": 72
    },
    "2012-02-29": {
        "Diluted EPS": 0.46,
        "Total Revenue": 628,
        "Gross Profit": 245,
        "Operating Income": 79,
        "EBIT": 147,
        "Net Income": 103
    },
    "2011-11-30": {
        "Diluted EPS": 0.46,
        "Total Revenue": 701,
        "Gross Profit": 283,
        "Operating Income": 160,
        "EBIT": 189,
        "Net Income": 105
    },
    "2011-08-31": {
        "Diluted EPS": 0.69,
        "Total Revenue": 690,
        "Gross Profit": 283,
        "Operating Income": 145,
        "EBIT": 171,
        "Net Income": 163
    },
    "2011-05-31": {
        "Diluted EPS": 0.31,
        "Total Revenue": 635,
        "Gross Profit": 251,
        "Operating Income": 102,
        "EBIT": 129,
        "Net Income": 75
    },
    "2011-02-28": {
        "Diluted EPS": 1.18,
        "Total Revenue": 715,
        "Gross Profit": 254,
        "Operating Income": 103,
        "EBIT": 151,
        "Net Income": 280
    },
    "2010-11-30": {
        "Diluted EPS": 0.59,
        "Total Revenue": 966,
        "Gross Profit": 352,
        "Operating Income": 170,
        "EBIT": 212,
        "Net Income": 139
    },
    "2010-08-31": {
        "Diluted EPS": 0.39,
        "Total Revenue": 863,
        "Gross Profit": 314,
        "Operating Income": 133,
        "EBIT": 167,
        "Net Income": 91
    },
    "2010-05-31": {
        "Diluted EPS": 0.2,
        "Total Revenue": 788,
        "Gross Profit": 270,
        "Operating Income": 96,
        "EBIT": 131,
        "Net Income": 49
    },
    "2010-02-28": {
        "Diluted EPS": -0.21,
        "Total Revenue": 709,
        "Gross Profit": 222,
        "Operating Income": -49,
        "EBIT": 89,
        "Net Income": -51
    },
    "2009-11-30": {
        "Diluted EPS": 0.18,
        "Total Revenue": 988,
        "Gross Profit": 344,
        "Operating Income": 136,
        "EBIT": 173,
        "Net Income": 44
    },
    "2009-08-31": {
        "Diluted EPS": 0.41,
        "Total Revenue": 877,
        "Gross Profit": 310,
        "Operating Income": 140,
        "EBIT": 186,
        "Net Income": 100
    },
    "2009-05-31": {
        "Diluted EPS": 0.03,
        "Total Revenue": 792,
        "Gross Profit": 269,
        "Operating Income": 85,
        "EBIT": 122,
        "Net Income": 7
    },
    "2009-02-28": {
        "Diluted EPS": -1.8,
        "Total Revenue": 735,
        "Gross Profit": 191,
        "Operating Income": -280,
        "EBIT": 36,
        "Net Income": -407
    },
    "2023-08-31": {
        "Tax Effect Of Unusual Items": -2592600.0,
        "Tax Rate For Calcs": 0.174,
        "Normalized EBITDA": 1081800000.0,
        "Total Unusual Items": -14900000.0,
        "Total Unusual Items Excluding Goodwill": -14900000.0,
        "Net Income From Continuing Operation Net Minority Interest": 690000000.0,
        "Reconciled Depreciation": 108400000.0,
        "Reconciled Cost Of Revenue": 1386900000.0,
        "EBITDA": 1066900000.0,
        "EBIT": 958500000.0,
        "Net Interest Income": -110600000.0,
        "Interest Expense": 110600000.0,
        "Normalized Income": 702307400.0,
        "Net Income From Continuing And Discontinued Operation": 690000000.0,
        "Total Expenses": 1858100000.0,
        "Total Operating Income As Reported": 978700000.0,
        "Diluted Average Shares": 184277000.0,
        "Basic Average Shares": 183498000.0,
        "Diluted EPS": 3.74,
        "Basic EPS": 3.76,
        "Diluted NI Availto Com Stockholders": 690000000.0,
        "Net Income Common Stockholders": 690000000.0,
        "Net Income": 690000000.0,
        "Minority Interests": -10700000.0,
        "Net Income Including Noncontrolling Interests": 700700000.0,
        "Net Income Continuous Operations": 700700000.0,
        "Tax Provision": 147200000.0,
        "Pretax Income": 847900000.0,
        "Other Income Expense": -20200000.0,
        "Special Income Charges": -12300000.0,
        "Gain On Sale Of Business": NaN,
        "Other Special Charges": NaN,
        "Write Off": 12300000.0,
        "Earnings From Equity Interest": -5300000.0,
        "Gain On Sale Of Security": -2600000.0,
        "Net Non Operating Interest Income Expense": -110600000.0,
        "Interest Expense Non Operating": 110600000.0,
        "Operating Income": 978700000.0,
        "Operating Expense": 471200000.0,
        "Selling General And Administration": 471200000.0,
        "Gross Profit": 1449900000.0,
        "Cost Of Revenue": 1386900000.0,
        "Total Revenue": 2836800000.0,
        "Excise Taxes": 216200000.0,
        "Operating Revenue": 3053000000.0
    },
    "2023-11-30": {
        "Tax Effect Of Unusual Items": -2200000.0,
        "Tax Rate For Calcs": 0.2,
        "Normalized EBITDA": 874200000.0,
        "Total Unusual Items": -11000000.0,
        "Total Unusual Items Excluding Goodwill": -11000000.0,
        "Net Income From Continuing Operation Net Minority Interest": 509100000.0,
        "Reconciled Depreciation": 108100000.0,
        "Reconciled Cost Of Revenue": 1200300000.0,
        "EBITDA": 863200000.0,
        "EBIT": 755100000.0,
        "Net Interest Income": -104200000.0,
        "Interest Expense": 104200000.0,
        "Normalized Income": 517900000.0,
        "Net Income From Continuing And Discontinued Operation": 509100000.0,
        "Total Expenses": 1674000000.0,
        "Total Operating Income As Reported": 796900000.0,
        "Diluted Average Shares": 184170000.0,
        "Basic Average Shares": 183525000.0,
        "Diluted EPS": 2.76,
        "Basic EPS": 2.77,
        "Diluted NI Availto Com Stockholders": 509100000.0,
        "Net Income Common Stockholders": 509100000.0,
        "Net Income": 509100000.0,
        "Minority Interests": -11800000.0,
        "Net Income Including Noncontrolling Interests": 520900000.0,
        "Net Income Continuous Operations": 520900000.0,
        "Tax Provision": 130000000.0,
        "Pretax Income": 650900000.0,
        "Other Income Expense": -41800000.0,
        "Special Income Charges": 0.0,
        "Gain On Sale Of Business": 300000.0,
        "Other Special Charges": NaN,
        "Write Off": 300000.0,
        "Earnings From Equity Interest": -30800000.0,
        "Gain On Sale Of Security": -11000000.0,
        "Net Non Operating Interest Income Expense": -104200000.0,
        "Interest Expense Non Operating": 104200000.0,
        "Operating Income": 796900000.0,
        "Operating Expense": 473700000.0,
        "Selling General And Administration": 473700000.0,
        "Gross Profit": 1270600000.0,
        "Cost Of Revenue": 1200300000.0,
        "Total Revenue": 2470900000.0,
        "Excise Taxes": 187300000.0,
        "Operating Revenue": 2658200000.0
    },
    "2024-02-29": {
        "Tax Effect Of Unusual Items": 0.0,
        "Tax Rate For Calcs": 0.17905,
        "Normalized EBITDA": 701100000.0,
        "Total Unusual Items": 0.0,
        "Total Unusual Items Excluding Goodwill": 0.0,
        "Net Income From Continuing Operation Net Minority Interest": 392400000.0,
        "Reconciled Depreciation": 106100000.0,
        "Reconciled Cost Of Revenue": 1100000000.0,
        "EBITDA": 701100000.0,
        "EBIT": 595000000.0,
        "Net Interest Income": -102400000.0,
        "Interest Expense": 102400000.0,
        "Normalized Income": 392400000.0,
        "Net Income From Continuing And Discontinued Operation": 392400000.0,
        "Total Expenses": 1509800000.0,
        "Total Operating Income As Reported": 629400000.0,
        "Diluted Average Shares": NaN,
        "Basic Average Shares": NaN,
        "Diluted EPS": NaN,
        "Basic EPS": NaN,
        "Diluted NI Availto Com Stockholders": 392400000.0,
        "Net Income Common Stockholders": 392400000.0,
        "Net Income": 392400000.0,
        "Minority Interests": -12000000.0,
        "Net Income Including Noncontrolling Interests": 404400000.0,
        "Net Income Continuous Operations": 404400000.0,
        "Tax Provision": 88200000.0,
        "Pretax Income": 492600000.0,
        "Other Income Expense": -34400000.0,
        "Special Income Charges": -300000.0,
        "Gain On Sale Of Business": NaN,
        "Other Special Charges": 0.0,
        "Write Off": 0.0,
        "Earnings From Equity Interest": -34400000.0,
        "Gain On Sale Of Security": 300000.0,
        "Net Non Operating Interest Income Expense": -102400000.0,
        "Interest Expense Non Operating": 102400000.0,
        "Operating Income": 629400000.0,
        "Operating Expense": 409800000.0,
        "Selling General And Administration": 409800000.0,
        "Gross Profit": 1039200000.0,
        "Cost Of Revenue": 1100000000.0,
        "Total Revenue": 2139200000.0,
        "Excise Taxes": 161100000.0,
        "Operating Revenue": 2300300000.0
    }
}