{
    "2023-03-31": {
        "Tax Effect Of Unusual Items": NaN,
        "Tax Rate For Calcs": NaN,
        "Normalized EBITDA": NaN,
        "Total Unusual Items": NaN,
        "Total Unusual Items Excluding Goodwill": NaN,
        "Net Income From Continuing Operation Net Minority Interest": NaN,
        "Reconciled Depreciation": NaN,
        "Reconciled Cost Of Revenue": NaN,
        "EBITDA": NaN,
        "EBIT": NaN,
        "Net Interest Income": NaN,
        "Interest Expense": NaN,
        "Normalized Income": NaN,
        "Net Income From Continuing And Discontinued Operation": NaN,
        "Total Expenses": NaN,
        "Total Operating Income As Reported": NaN,
        "Diluted Average Shares": NaN,
        "Basic Average Shares": NaN,
        "Diluted EPS": NaN,
        "Basic EPS": NaN,
        "Diluted NI Availto Com Stockholders": NaN,
        "Net Income Common Stockholders": NaN,
        "Net Income": NaN,
        "Minority Interests": NaN,
        "Net Income Including Noncontrolling Interests": NaN,
        "Net Income Continuous Operations": NaN,
        "Tax Provision": NaN,
        "Pretax Income": NaN,
        "Other Income Expense": NaN,
        "Other Non Operating Income Expenses": NaN,
        "Special Income Charges": NaN,
        "Gain On Sale Of Ppe": NaN,
        "Gain On Sale Of Business": NaN,
        "Restructuring And Mergern Acquisition": NaN,
        "Net Non Operating Interest Income Expense": NaN,
        "Total Other Finance Cost": 493000.0,
        "Interest Expense Non Operating": NaN,
        "Operating Income": NaN,
        "Operating Expense": NaN,
        "Depreciation Amortization Depletion Income Statement": NaN,
        "Selling General And Administration": NaN,
        "General And Administrative Expense": NaN,
        "Other Gand A": NaN,
        "Gross Profit": NaN,
        "Cost Of Revenue": NaN,
        "Total Revenue": NaN,
        "Operating Revenue": NaN
    },
    "2022-12-31": {
        "Tax Effect Of Unusual Items": 575902.672212,
        "Tax Rate For Calcs": 0.275157,
        "Normalized EBITDA": 116325000.0,
        "Total Unusual Items": 2093000.0,
        "Total Unusual Items Excluding Goodwill": 2093000.0,
        "Net Income From Continuing Operation Net Minority Interest": 29835000.0,
        "Reconciled Depreciation": 52339000.0,
        "Reconciled Cost Of Revenue": 388284000.0,
        "EBITDA": 118418000.0,
        "EBIT": 66079000.0,
        "Net Interest Income": -25978000.0,
        "Interest Expense": 24241000.0,
        "Normalized Income": 28317902.672212,
        "Net Income From Continuing And Discontinued Operation": 29835000.0,
        "Total Expenses": 491307000.0,
        "Total Operating Income As Reported": 65044000.0,
        "Diluted Average Shares": 119159955.0,
        "Basic Average Shares": 118542728.0,
        "Diluted EPS": 0.25,
        "Basic EPS": 0.25,
        "Diluted NI Availto Com Stockholders": 29835000.0,
        "Net Income Common Stockholders": 29835000.0,
        "Net Income": 29835000.0,
        "Minority Interests": -491000.0,
        "Net Income Including Noncontrolling Interests": 30326000.0,
        "Net Income Continuous Operations": 30326000.0,
        "Tax Provision": 11512000.0,
        "Pretax Income": 41838000.0,
        "Other Income Expense": 6849000.0,
        "Other Non Operating Income Expenses": 4756000.0,
        "Special Income Charges": 2093000.0,
        "Gain On Sale Of Ppe": 4077000.0,
        "Gain On Sale Of Business": -1984000.0,
        "Restructuring And Mergern Acquisition": NaN,
        "Net Non Operating Interest Income Expense": -25978000.0,
        "Total Other Finance Cost": NaN,
        "Interest Expense Non Operating": 24241000.0,
        "Operating Income": 60967000.0,
        "Operating Expense": 100651000.0,
        "Depreciation Amortization Depletion Income Statement": 49967000.0,
        "Selling General And Administration": 50684000.0,
        "General And Administrative Expense": 50684000.0,
        "Other Gand A": 50684000.0,
        "Gross Profit": 161618000.0,
        "Cost Of Revenue": 390656000.0,
        "Total Revenue": 552274000.0,
        "Operating Revenue": 552274000.0
    },
    "2022-09-30": {
        "Tax Effect Of Unusual Items": NaN,
        "Tax Rate For Calcs": NaN,
        "Normalized EBITDA": NaN,
        "Total Unusual Items": NaN,
        "Total Unusual Items Excluding Goodwill": NaN,
        "Net Income From Continuing Operation Net Minority Interest": NaN,
        "Reconciled Depreciation": NaN,
        "Reconciled Cost Of Revenue": NaN,
        "EBITDA": NaN,
        "EBIT": NaN,
        "Net Interest Income": NaN,
        "Interest Expense": NaN,
        "Normalized Income": NaN,
        "Net Income From Continuing And Discontinued Operation": NaN,
        "Total Expenses": NaN,
        "Total Operating Income As Reported": NaN,
        "Diluted Average Shares": NaN,
        "Basic Average Shares": NaN,
        "Diluted EPS": NaN,
        "Basic EPS": NaN,
        "Diluted NI Availto Com Stockholders": NaN,
        "Net Income Common Stockholders": NaN,
        "Net Income": NaN,
        "Minority Interests": NaN,
        "Net Income Including Noncontrolling Interests": NaN,
        "Net Income Continuous Operations": NaN,
        "Tax Provision": NaN,
        "Pretax Income": NaN,
        "Other Income Expense": NaN,
        "Other Non Operating Income Expenses": NaN,
        "Special Income Charges": NaN,
        "Gain On Sale Of Ppe": NaN,
        "Gain On Sale Of Business": NaN,
        "Restructuring And Mergern Acquisition": 727000.0,
        "Net Non Operating Interest Income Expense": NaN,
        "Total Other Finance Cost": NaN,
        "Interest Expense Non Operating": NaN,
        "Operating Income": NaN,
        "Operating Expense": NaN,
        "Depreciation Amortization Depletion Income Statement": NaN,
        "Selling General And Administration": NaN,
        "General And Administrative Expense": NaN,
        "Other Gand A": NaN,
        "Gross Profit": NaN,
        "Cost Of Revenue": NaN,
        "Total Revenue": NaN,
        "Operating Revenue": NaN
    },
    "2022-06-30": {
        "Tax Effect Of Unusual Items": 34930973.868422,
        "Tax Rate For Calcs": 0.218663,
        "Normalized EBITDA": 154721000.0,
        "Total Unusual Items": 159748000.0,
        "Total Unusual Items Excluding Goodwill": 159748000.0,
        "Net Income From Continuing Operation Net Minority Interest": 190113000.0,
        "Reconciled Depreciation": 52673000.0,
        "Reconciled Cost Of Revenue": 484205000.0,
        "EBITDA": 314469000.0,
        "EBIT": 267312000.0,
        "Net Interest Income": -20599000.0,
        "Interest Expense": 20599000.0,
        "Normalized Income": 65295973.868422,
        "Net Income From Continuing And Discontinued Operation": 190113000.0,
        "Total Expenses": 579013000.0,
        "Total Operating Income As Reported": 111236000.0,
        "Diluted Average Shares": 120660721.0,
        "Basic Average Shares": 120222094.0,
        "Diluted EPS": 1.58,
        "Basic EPS": 1.58,
        "Diluted NI Availto Com Stockholders": 190113000.0,
        "Net Income Common Stockholders": 190113000.0,
        "Net Income": 190113000.0,
        "Minority Interests": -2653000.0,
        "Net Income Including Noncontrolling Interests": 192766000.0,
        "Net Income Continuous Operations": 192766000.0,
        "Tax Provision": 53947000.0,
        "Pretax Income": 246713000.0,
        "Other Income Expense": 159771000.0,
        "Other Non Operating Income Expenses": 23000.0,
        "Special Income Charges": 159748000.0,
        "Gain On Sale Of Ppe": 3695000.0,
        "Gain On Sale Of Business": 156053000.0,
        "Net Non Operating Interest Income Expense": -20599000.0,
        "Total Other Finance Cost": NaN,
        "Interest Expense Non Operating": 20599000.0,
        "Operating Income": 107541000.0,
        "Operating Expense": 94808000.0,
        "Depreciation Amortization Depletion Income Statement": 47157000.0,
        "Selling General And Administration": 47651000.0,
        "General And Administrative Expense": 47651000.0,
        "Other Gand A": 47651000.0,
        "Gross Profit": 202349000.0,
        "Cost Of Revenue": 484205000.0,
        "Total Revenue": 686554000.0,
        "Operating Revenue": 686554000.0
    },
    "2023-06-30": {
        "Tax Effect Of Unusual Items": 316846.449459,
        "Tax Rate For Calcs": 0.209693,
        "Normalized EBITDA": 190332000.0,
        "Total Unusual Items": 1511000.0,
        "Total Unusual Items Excluding Goodwill": 1511000.0,
        "Net Income From Continuing Operation Net Minority Interest": 83637000.0,
        "Reconciled Depreciation": 56732000.0,
        "Reconciled Cost Of Revenue": 490458000.0,
        "EBITDA": 191843000.0,
        "EBIT": 135111000.0,
        "Net Interest Income": -27902000.0,
        "Interest Expense": 27902000.0,
        "Normalized Income": 82442846.449459,
        "Net Income From Continuing And Discontinued Operation": 83637000.0,
        "Total Expenses": 601028000.0,
        "Total Operating Income As Reported": 129633000.0,
        "Diluted Average Shares": 119393709.0,
        "Basic Average Shares": 118931914.0,
        "Diluted EPS": 0.7,
        "Basic EPS": 0.7,
        "Diluted NI Availto Com Stockholders": 83637000.0,
        "Net Income Common Stockholders": 83637000.0,
        "Net Income": 83637000.0,
        "Minority Interests": -1091000.0,
        "Net Income Including Noncontrolling Interests": 84728000.0,
        "Net Income Continuous Operations": 84728000.0,
        "Tax Provision": 22481000.0,
        "Pretax Income": 107209000.0,
        "Other Income Expense": 6989000.0,
        "Other Non Operating Income Expenses": 5478000.0,
        "Special Income Charges": 1511000.0,
        "Gain On Sale Of Ppe": 3223000.0,
        "Gain On Sale Of Business": 0.0,
        "Restructuring And Mergern Acquisition": 1712000.0,
        "Net Non Operating Interest Income Expense": -27902000.0,
        "Total Other Finance Cost": NaN,
        "Interest Expense Non Operating": 27902000.0,
        "Operating Income": 128122000.0,
        "Operating Expense": 108625000.0,
        "Depreciation Amortization Depletion Income Statement": 54787000.0,
        "Selling General And Administration": 53838000.0,
        "General And Administrative Expense": 53838000.0,
        "Other Gand A": 53838000.0,
        "Gross Profit": 236747000.0,
        "Cost Of Revenue": 492403000.0,
        "Total Revenue": 729150000.0,
        "Operating Revenue": 729150000.0
    },
    "2022-03-31": {
        "Diluted EPS": -0.28,
        "Total Revenue": 421,
        "Gross Profit": 68,
        "Operating Income": -34,
        "EBIT": 21,
        "Net Income": -34
    },
    "2021-12-31": {
        "Diluted EPS": 0.38,
        "Total Revenue": 597,
        "Gross Profit": 162,
        "Operating Income": 57,
        "EBIT": 115,
        "Net Income": 44
    },
    "2021-09-30": {
        "Diluted EPS": 0.61,
        "Total Revenue": 717,
        "Gross Profit": 230,
        "Operating Income": 125,
        "EBIT": 184,
        "Net Income": 74
    },
    "2021-06-30": {
        "Diluted EPS": 0.47,
        "Total Revenue": 668,
        "Gross Profit": 200,
        "Operating Income": 96,
        "EBIT": 155,
        "Net Income": 57
    },
    "2021-03-31": {
        "Diluted EPS": -0.2,
        "Total Revenue": 428,
        "Gross Profit": 81,
        "Operating Income": -25,
        "EBIT": 34,
        "Net Income": -23
    },
    "2020-12-31": {
        "Diluted EPS": 0.31,
        "Total Revenue": 625,
        "Gross Profit": 172,
        "Operating Income": 66,
        "EBIT": 130,
        "Net Income": 35
    },
    "2020-09-30": {
        "Diluted EPS": 0.78,
        "Total Revenue": 710,
        "Gross Profit": 208,
        "Operating Income": 101,
        "EBIT": 154,
        "Net Income": 91
    },
    "2020-06-30": {
        "Diluted EPS": 0.49,
        "Total Revenue": 631,
        "Gross Profit": 192,
        "Operating Income": 100,
        "EBIT": 156,
        "Net Income": 57
    },
    "2020-03-31": {
        "Diluted EPS": -0.39,
        "Total Revenue": 367,
        "Gross Profit": 50,
        "Operating Income": -42,
        "EBIT": 14,
        "Net Income": -45
    },
    "2019-12-31": {
        "Diluted EPS": 0.33,
        "Total Revenue": 557,
        "Gross Profit": 66,
        "Operating Income": 60,
        "EBIT": 116,
        "Net Income": 36
    },
    "2019-09-30": {
        "Diluted EPS": 0.47,
        "Total Revenue": 732,
        "Gross Profit": 249,
        "Operating Income": 131,
        "EBIT": 187,
        "Net Income": 56
    },
    "2019-06-30": {
        "Diluted EPS": 0.32,
        "Total Revenue": 601,
        "Gross Profit": 195,
        "Operating Income": 80,
        "EBIT": 134,
        "Net Income": 36
    },
    "2019-03-31": {
        "Diluted EPS": -0.61,
        "Total Revenue": 333,
        "Gross Profit": 66,
        "Operating Income": -58,
        "EBIT": -1,
        "Net Income": -69
    },
    "2018-12-31": {
        "Diluted EPS": -0.17,
        "Total Revenue": 491,
        "Gross Profit": 146,
        "Operating Income": 29,
        "EBIT": 84,
        "Net Income": -19
    },
    "2018-09-30": {
        "Diluted EPS": 0.63,
        "Total Revenue": 695,
        "Gross Profit": 223,
        "Operating Income": 108,
        "EBIT": 162,
        "Net Income": 71
    },
    "2018-06-30": {
        "Diluted EPS": 0.32,
        "Total Revenue": 601,
        "Gross Profit": 190,
        "Operating Income": 77,
        "EBIT": 130,
        "Net Income": 36
    },
    "2018-03-31": {
        "Diluted EPS": -0.48,
        "Total Revenue": 314,
        "Gross Profit": 67,
        "Operating Income": -52,
        "EBIT": -6,
        "Net Income": -54
    },
    "2017-12-31": {
        "Diluted EPS": 0.4,
        "Total Revenue": 490,
        "Gross Profit": 171,
        "Operating Income": 57,
        "EBIT": 110,
        "Net Income": 43
    },
    "2017-09-30": {
        "Diluted EPS": 0.72,
        "Total Revenue": 634,
        "Gross Profit": 225,
        "Operating Income": 114,
        "EBIT": 164,
        "Net Income": 81
    },
    "2017-06-30": {
        "Diluted EPS": 0.45,
        "Total Revenue": 524,
        "Gross Profit": 188,
        "Operating Income": 82,
        "EBIT": 130,
        "Net Income": 50
    },
    "2017-03-31": {
        "Diluted EPS": -0.48,
        "Total Revenue": 284,
        "Gross Profit": 67,
        "Operating Income": -33,
        "EBIT": 11,
        "Net Income": -52
    },
    "2016-12-31": {
        "Diluted EPS": 0.13,
        "Total Revenue": 423,
        "Gross Profit": 149,
        "Operating Income": 49,
        "EBIT": 91,
        "Net Income": 0
    },
    "2016-09-30": {
        "Diluted EPS": 0.58,
        "Total Revenue": 529,
        "Gross Profit": 194,
        "Operating Income": 88,
        "EBIT": 130,
        "Net Income": 45
    },
    "2016-06-30": {
        "Diluted EPS": 0.2,
        "Total Revenue": 445,
        "Gross Profit": 160,
        "Operating Income": 47,
        "EBIT": 86,
        "Net Income": 13
    },
    "2016-03-31": {
        "Diluted EPS": -0.41,
        "Total Revenue": 228,
        "Gross Profit": 52,
        "Operating Income": -29,
        "EBIT": 7,
        "Net Income": -21
    },
    "2015-12-31": {
        "Diluted EPS": 0.49,
        "Total Revenue": 401,
        "Gross Profit": 131,
        "Operating Income": 68,
        "EBIT": 103,
        "Net Income": 23
    },
    "2015-09-30": {
        "Diluted EPS": 0.36,
        "Total Revenue": 472,
        "Gross Profit": 160,
        "Operating Income": 83,
        "EBIT": 117,
        "Net Income": 15
    },
    "2015-06-30": {
        "Diluted EPS": -0.01,
        "Total Revenue": 365,
        "Gross Profit": 116,
        "Operating Income": 42,
        "EBIT": 72,
        "Net Income": 0
    },
    "2015-03-31": {
        "Diluted EPS": -0.36,
        "Total Revenue": 194,
        "Gross Profit": 36,
        "Operating Income": -59,
        "EBIT": -32,
        "Net Income": -10
    },
    "2014-12-31": {
        "Diluted EPS": 0.0,
        "Total Revenue": 334,
        "Gross Profit": 93,
        "Operating Income": 23,
        "EBIT": 50,
        "Net Income": 3
    },
    "2014-09-30": {
        "Diluted EPS": 0.0,
        "Total Revenue": 395,
        "Gross Profit": 109,
        "Operating Income": 48,
        "EBIT": 72,
        "Net Income": 27
    },
    "2014-06-30": {
        "Diluted EPS": 0.0,
        "Total Revenue": 324,
        "Gross Profit": 93,
        "Operating Income": 34,
        "EBIT": 57,
        "Net Income": 12
    },
    "2014-03-31": {
        "Diluted EPS": 0.0,
        "Total Revenue": 151,
        "Gross Profit": 22,
        "Operating Income": -35,
        "EBIT": -14,
        "Net Income": -51
    },
    "2013-12-31": {
        "Diluted EPS": 0.0,
        "Total Revenue": NaN,
        "Gross Profit": NaN,
        "Operating Income": NaN,
        "EBIT": NaN,
        "Net Income": NaN
    },
    "2012-12-31": {
        "Diluted EPS": 0.0,
        "Total Revenue": NaN,
        "Gross Profit": NaN,
        "Operating Income": NaN,
        "EBIT": NaN,
        "Net Income": NaN
    },
    "2023-09-30": {
        "Tax Effect Of Unusual Items": -1426097.438755,
        "Tax Rate For Calcs": 0.09316,
        "Normalized EBITDA": 358053000.0,
        "Total Unusual Items": -15308000.0,
        "Total Unusual Items Excluding Goodwill": -15308000.0,
        "Net Income From Continuing Operation Net Minority Interest": 230045000.0,
        "Reconciled Depreciation": 58099000.0,
        "Reconciled Cost Of Revenue": 542512000.0,
        "EBITDA": 342745000.0,
        "EBIT": 284646000.0,
        "Net Interest Income": -28013000.0,
        "Interest Expense": 28013000.0,
        "Normalized Income": 243926902.561245,
        "Net Income From Continuing And Discontinued Operation": 230045000.0,
        "Total Expenses": 651506000.0,
        "Total Operating Income As Reported": 127983000.0,
        "Diluted Average Shares": 119725693.0,
        "Basic Average Shares": 119013331.0,
        "Diluted EPS": 1.92,
        "Basic EPS": 1.93,
        "Diluted NI Availto Com Stockholders": 230045000.0,
        "Net Income Common Stockholders": 230045000.0,
        "Net Income": 230045000.0,
        "Minority Interests": -2680000.0,
        "Net Income Including Noncontrolling Interests": 232725000.0,
        "Net Income Continuous Operations": 232725000.0,
        "Tax Provision": 23908000.0,
        "Pretax Income": 256633000.0,
        "Other Income Expense": 141355000.0,
        "Other Non Operating Income Expenses": 156663000.0,
        "Special Income Charges": -15308000.0,
        "Gain On Sale Of Ppe": 2134000.0,
        "Gain On Sale Of Business": 0.0,
        "Restructuring And Mergern Acquisition": 17442000.0,
        "Net Non Operating Interest Income Expense": -28013000.0,
        "Total Other Finance Cost": NaN,
        "Interest Expense Non Operating": 28013000.0,
        "Operating Income": 143291000.0,
        "Operating Expense": 108347000.0,
        "Depreciation Amortization Depletion Income Statement": 57452000.0,
        "Selling General And Administration": 50895000.0,
        "General And Administrative Expense": 50895000.0,
        "Other Gand A": 50895000.0,
        "Gross Profit": 251638000.0,
        "Cost Of Revenue": 543159000.0,
        "Total Revenue": 794797000.0,
        "Operating Revenue": 794797000.0
    },
    "2023-12-31": {
        "Tax Effect Of Unusual Items": 2136540.0,
        "Tax Rate For Calcs": 0.21,
        "Normalized EBITDA": 146802000.0,
        "Total Unusual Items": 10174000.0,
        "Total Unusual Items Excluding Goodwill": 10174000.0,
        "Net Income From Continuing Operation Net Minority Interest": 2978000.0,
        "Reconciled Depreciation": 57856000.0,
        "Reconciled Cost Of Revenue": 469370000.0,
        "EBITDA": 156976000.0,
        "EBIT": 99120000.0,
        "Net Interest Income": -30820000.0,
        "Interest Expense": 30820000.0,
        "Normalized Income": -5059460.0,
        "Net Income From Continuing And Discontinued Operation": 2978000.0,
        "Total Expenses": 586852000.0,
        "Total Operating Income As Reported": 68489000.0,
        "Diluted Average Shares": 120361499.0,
        "Basic Average Shares": 119556672.0,
        "Diluted EPS": 0.02,
        "Basic EPS": 0.02,
        "Diluted NI Availto Com Stockholders": 2978000.0,
        "Net Income Common Stockholders": 2978000.0,
        "Net Income": 2978000.0,
        "Minority Interests": -407000.0,
        "Net Income Including Noncontrolling Interests": 3385000.0,
        "Net Income Continuous Operations": 3385000.0,
        "Tax Provision": 64915000.0,
        "Pretax Income": 68300000.0,
        "Other Income Expense": 25839000.0,
        "Other Non Operating Income Expenses": 15665000.0,
        "Special Income Charges": 10174000.0,
        "Gain On Sale Of Ppe": 2503000.0,
        "Gain On Sale Of Business": 14966000.0,
        "Restructuring And Mergern Acquisition": 7295000.0,
        "Net Non Operating Interest Income Expense": -30820000.0,
        "Total Other Finance Cost": 0.0,
        "Interest Expense Non Operating": 30820000.0,
        "Operating Income": 73281000.0,
        "Operating Expense": 114043000.0,
        "Depreciation Amortization Depletion Income Statement": 54417000.0,
        "Selling General And Administration": 59626000.0,
        "General And Administrative Expense": 59626000.0,
        "Other Gand A": 59626000.0,
        "Gross Profit": 187324000.0,
        "Cost Of Revenue": 472809000.0,
        "Total Revenue": 660133000.0,
        "Operating Revenue": 660133000.0
    },
    "2024-03-31": {
        "Tax Effect Of Unusual Items": -6550576.051573,
        "Tax Rate For Calcs": 0.141252,
        "Normalized EBITDA": 126286000.0,
        "Total Unusual Items": -46375000.0,
        "Total Unusual Items Excluding Goodwill": -46375000.0,
        "Net Income From Continuing Operation Net Minority Interest": -66866000.0,
        "Reconciled Depreciation": 106354000.0,
        "Reconciled Cost Of Revenue": 613628000.0,
        "EBITDA": 79911000.0,
        "EBIT": -26443000.0,
        "Net Interest Income": -51892000.0,
        "Interest Expense": 51892000.0,
        "Normalized Income": -27041576.051573,
        "Net Income From Continuing And Discontinued Operation": -66866000.0,
        "Total Expenses": 788508000.0,
        "Total Operating Income As Reported": -44853000.0,
        "Diluted Average Shares": 167511575.0,
        "Basic Average Shares": 167511575.0,
        "Diluted EPS": -0.4,
        "Basic EPS": -0.4,
        "Diluted NI Availto Com Stockholders": -66866000.0,
        "Net Income Common Stockholders": -66866000.0,
        "Net Income": -66866000.0,
        "Minority Interests": 404000.0,
        "Net Income Including Noncontrolling Interests": -67270000.0,
        "Net Income Continuous Operations": -67270000.0,
        "Tax Provision": -11065000.0,
        "Pretax Income": -78335000.0,
        "Other Income Expense": -42950000.0,
        "Other Non Operating Income Expenses": 3425000.0,
        "Special Income Charges": -46375000.0,
        "Gain On Sale Of Ppe": 848000.0,
        "Gain On Sale Of Business": 14985000.0,
        "Restructuring And Mergern Acquisition": 62208000.0,
        "Net Non Operating Interest Income Expense": -51892000.0,
        "Total Other Finance Cost": 5453000.0,
        "Interest Expense Non Operating": 51892000.0,
        "Operating Income": 16507000.0,
        "Operating Expense": 164497000.0,
        "Depreciation Amortization Depletion Income Statement": 95971000.0,
        "Selling General And Administration": 68526000.0,
        "General And Administrative Expense": 68526000.0,
        "Other Gand A": 68526000.0,
        "Gross Profit": 181004000.0,
        "Cost Of Revenue": 624011000.0,
        "Total Revenue": 805015000.0,
        "Operating Revenue": 805015000.0
    },
    "2024-06-30": {
        "Tax Effect Of Unusual Items": -651218.293894,
        "Tax Rate For Calcs": 0.195737,
        "Normalized EBITDA": 292464000.0,
        "Total Unusual Items": -3327000.0,
        "Total Unusual Items Excluding Goodwill": -3327000.0,
        "Net Income From Continuing Operation Net Minority Interest": 106075000.0,
        "Reconciled Depreciation": 100314000.0,
        "Reconciled Cost Of Revenue": 754092000.0,
        "EBITDA": 289137000.0,
        "EBIT": 184740000.0,
        "Net Interest Income": -52849000.0,
        "Interest Expense": 52849000.0,
        "Normalized Income": 108750781.706106,
        "Net Income From Continuing And Discontinued Operation": 106075000.0,
        "Total Expenses": 938281000.0,
        "Total Operating Income As Reported": 172896000.0,
        "Diluted Average Shares": 176132001.0,
        "Basic Average Shares": 175550487.0,
        "Diluted EPS": 0.6,
        "Basic EPS": 0.6,
        "Diluted NI Availto Com Stockholders": 106075000.0,
        "Net Income Common Stockholders": 106075000.0,
        "Net Income": 106075000.0,
        "Minority Interests": 0.0,
        "Net Income Including Noncontrolling Interests": 106075000.0,
        "Net Income Continuous Operations": 106075000.0,
        "Tax Provision": 25816000.0,
        "Pretax Income": 131891000.0,
        "Other Income Expense": 4759000.0,
        "Other Non Operating Income Expenses": 8086000.0,
        "Special Income Charges": -3327000.0,
        "Gain On Sale Of Ppe": 3180000.0,
        "Gain On Sale Of Business": 3758000.0,
        "Restructuring And Mergern Acquisition": 10265000.0,
        "Net Non Operating Interest Income Expense": -52849000.0,
        "Total Other Finance Cost": NaN,
        "Interest Expense Non Operating": 52849000.0,
        "Operating Income": 179981000.0,
        "Operating Expense": 188272000.0,
        "Depreciation Amortization Depletion Income Statement": 104397000.0,
        "Selling General And Administration": 83875000.0,
        "General And Administrative Expense": 83875000.0,
        "Other Gand A": 83875000.0,
        "Gross Profit": 368253000.0,
        "Cost Of Revenue": 750009000.0,
        "Total Revenue": 1118262000.0,
        "Operating Revenue": 1118262000.0
    },
    "2024-09-30": {
        "Tax Effect Of Unusual Items": -4154935.834313,
        "Tax Rate For Calcs": 0.241791,
        "Normalized EBITDA": 310367000.0,
        "Total Unusual Items": -17184000.0,
        "Total Unusual Items Excluding Goodwill": -17184000.0,
        "Net Income From Continuing Operation Net Minority Interest": 105178000.0,
        "Reconciled Depreciation": 103548000.0,
        "Reconciled Cost Of Revenue": 783921000.0,
        "EBITDA": 293183000.0,
        "EBIT": 189635000.0,
        "Net Interest Income": -50916000.0,
        "Interest Expense": 50916000.0,
        "Normalized Income": 118207064.165687,
        "Net Income From Continuing And Discontinued Operation": 105178000.0,
        "Total Expenses": 966385000.0,
        "Total Operating Income As Reported": 194651000.0,
        "Diluted Average Shares": 176287257.0,
        "Basic Average Shares": 175635388.0,
        "Diluted EPS": 0.6,
        "Basic EPS": 0.6,
        "Diluted NI Availto Com Stockholders": 105178000.0,
        "Net Income Common Stockholders": 105178000.0,
        "Net Income": 105178000.0,
        "Minority Interests": 0.0,
        "Net Income Including Noncontrolling Interests": 105178000.0,
        "Net Income Continuous Operations": 105178000.0,
        "Tax Provision": 33541000.0,
        "Pretax Income": 138719000.0,
        "Other Income Expense": -15117000.0,
        "Other Non Operating Income Expenses": 2067000.0,
        "Special Income Charges": -17184000.0,
        "Gain On Sale Of Ppe": 3555000.0,
        "Gain On Sale Of Business": -7083000.0,
        "Restructuring And Mergern Acquisition": 13656000.0,
        "Net Non Operating Interest Income Expense": -50916000.0,
        "Total Other Finance Cost": NaN,
        "Interest Expense Non Operating": 50916000.0,
        "Operating Income": 204752000.0,
        "Operating Expense": 178075000.0,
        "Depreciation Amortization Depletion Income Statement": 99159000.0,
        "Selling General And Administration": 78916000.0,
        "General And Administrative Expense": 78916000.0,
        "Other Gand A": 78916000.0,
        "Gross Profit": 382827000.0,
        "Cost Of Revenue": 788310000.0,
        "Total Revenue": 1171137000.0,
        "Operating Revenue": 1171137000.0
    }
}