{
    "2023-03-31": {
        "Tax Effect Of Unusual Items": 1333200.0,
        "Tax Rate For Calcs": 0.4,
        "Normalized EBITDA": -29225000.0,
        "Total Unusual Items": 3333000.0,
        "Total Unusual Items Excluding Goodwill": 3333000.0,
        "Net Income From Continuing Operation Net Minority Interest": -22947000.0,
        "Reconciled Depreciation": 8521000.0,
        "Reconciled Cost Of Revenue": 32447000.0,
        "EBIT": -34413000.0,
        "Net Interest Income": 5593000.0,
        "Interest Expense": 379000.0,
        "Interest Income": 5972000.0,
        "Normalized Income": -24946800.0,
        "Net Income From Continuing And Discontinued Operation": -22947000.0,
        "Total Expenses": 57629000.0,
        "Total Operating Income As Reported": -37164000.0,
        "Diluted Average Shares": 4256167.0,
        "Basic Average Shares": 4256167.0,
        "Diluted EPS": -5.4,
        "Basic EPS": -5.4,
        "Diluted NI Availto Com Stockholders": -22947000.0,
        "Average Dilution Earnings": NaN,
        "Net Income Common Stockholders": -22947000.0,
        "Otherunder Preferred Stock Dividend": NaN,
        "Net Income": -22947000.0,
        "Minority Interests": 11862000.0,
        "Net Income Including Noncontrolling Interests": -34809000.0,
        "Net Income Continuous Operations": -34809000.0,
        "Tax Provision": 17000.0,
        "Pretax Income": -34792000.0,
        "Other Income Expense": -3221000.0,
        "Other Non Operating Income Expenses": -6554000.0,
        "Special Income Charges": NaN,
        "Impairment Of Capital Assets": NaN,
        "Restructuring And Mergern Acquisition": NaN,
        "Gain On Sale Of Security": 3333000.0,
        "Net Non Operating Interest Income Expense": 5593000.0,
        "Interest Expense Non Operating": 379000.0,
        "Interest Income Non Operating": 5972000.0,
        "Operating Income": -37164000.0,
        "Operating Expense": 25182000.0,
        "Other Operating Expenses": 4161000.0,
        "Depreciation Amortization Depletion Income Statement": 8521000.0,
        "Depreciation And Amortization In Income Statement": 8521000.0,
        "Selling General And Administration": 12500000.0,
        "General And Administrative Expense": 12500000.0,
        "Other Gand A": 12500000.0,
        "Gross Profit": -11982000.0,
        "Cost Of Revenue": 32447000.0,
        "Total Revenue": 20465000.0,
        "Operating Revenue": 20465000.0
    },
    "2022-12-31": {
        "Tax Effect Of Unusual Items": -15030902.727697,
        "Tax Rate For Calcs": 0.243285,
        "Normalized EBITDA": -34170000.0,
        "Total Unusual Items": -61783000.0,
        "Total Unusual Items Excluding Goodwill": -61783000.0,
        "Net Income From Continuing Operation Net Minority Interest": -41929000.0,
        "Reconciled Depreciation": 8681000.0,
        "Reconciled Cost Of Revenue": 18579000.0,
        "EBIT": -104634000.0,
        "Net Interest Income": 2652000.0,
        "Interest Expense": 473000.0,
        "Interest Income": 3125000.0,
        "Normalized Income": 4823097.272303,
        "Net Income From Continuing And Discontinued Operation": -41929000.0,
        "Total Expenses": 47441000.0,
        "Total Operating Income As Reported": -101398000.0,
        "Diluted Average Shares": 82307760.0,
        "Basic Average Shares": 4137273.0,
        "Diluted EPS": -10.2,
        "Basic EPS": -10.2,
        "Diluted NI Availto Com Stockholders": -41929000.0,
        "Average Dilution Earnings": NaN,
        "Net Income Common Stockholders": -41929000.0,
        "Otherunder Preferred Stock Dividend": NaN,
        "Net Income": -41929000.0,
        "Minority Interests": 37607000.0,
        "Net Income Including Noncontrolling Interests": -79536000.0,
        "Net Income Continuous Operations": -79536000.0,
        "Tax Provision": -25571000.0,
        "Pretax Income": -105107000.0,
        "Other Income Expense": -67738000.0,
        "Other Non Operating Income Expenses": -5955000.0,
        "Special Income Charges": -61377000.0,
        "Impairment Of Capital Assets": 61377000.0,
        "Restructuring And Mergern Acquisition": 0.0,
        "Gain On Sale Of Security": -406000.0,
        "Net Non Operating Interest Income Expense": 2652000.0,
        "Interest Expense Non Operating": 473000.0,
        "Interest Income Non Operating": 3125000.0,
        "Operating Income": -40021000.0,
        "Operating Expense": 28862000.0,
        "Other Operating Expenses": 16813000.0,
        "Depreciation Amortization Depletion Income Statement": 8681000.0,
        "Depreciation And Amortization In Income Statement": 8681000.0,
        "Selling General And Administration": 3368000.0,
        "General And Administrative Expense": 3368000.0,
        "Other Gand A": 3368000.0,
        "Gross Profit": -11159000.0,
        "Cost Of Revenue": 18579000.0,
        "Total Revenue": 7420000.0,
        "Operating Revenue": 4685000.0
    },
    "2022-09-30": {
        "Tax Effect Of Unusual Items": -11412210.0,
        "Tax Rate For Calcs": 0.03,
        "Normalized EBITDA": -33398000.0,
        "Total Unusual Items": -380407000.0,
        "Total Unusual Items Excluding Goodwill": -380407000.0,
        "Net Income From Continuing Operation Net Minority Interest": -264064000.0,
        "Reconciled Depreciation": 8572000.0,
        "Reconciled Cost Of Revenue": 21997000.0,
        "EBIT": -422377000.0,
        "Net Interest Income": -186000.0,
        "Interest Expense": 375000.0,
        "Interest Income": 189000.0,
        "Normalized Income": 104930790.0,
        "Net Income From Continuing And Discontinued Operation": -264064000.0,
        "Total Expenses": 74389000.0,
        "Total Operating Income As Reported": -425503000.0,
        "Diluted Average Shares": 4152464.0,
        "Basic Average Shares": 4152464.0,
        "Diluted EPS": -63.2,
        "Basic EPS": -63.2,
        "Diluted NI Availto Com Stockholders": -264064000.0,
        "Average Dilution Earnings": NaN,
        "Net Income Common Stockholders": -264064000.0,
        "Otherunder Preferred Stock Dividend": NaN,
        "Net Income": -264064000.0,
        "Minority Interests": 151389000.0,
        "Net Income Including Noncontrolling Interests": -415453000.0,
        "Net Income Continuous Operations": -415453000.0,
        "Tax Provision": -7299000.0,
        "Pretax Income": -422752000.0,
        "Other Income Expense": -381442000.0,
        "Other Non Operating Income Expenses": -1035000.0,
        "Special Income Charges": -384379000.0,
        "Impairment Of Capital Assets": 384379000.0,
        "Restructuring And Mergern Acquisition": 0.0,
        "Gain On Sale Of Security": 3972000.0,
        "Net Non Operating Interest Income Expense": -186000.0,
        "Interest Expense Non Operating": 375000.0,
        "Interest Income Non Operating": 189000.0,
        "Operating Income": -41124000.0,
        "Operating Expense": 52392000.0,
        "Other Operating Expenses": 37247000.0,
        "Depreciation Amortization Depletion Income Statement": 8572000.0,
        "Depreciation And Amortization In Income Statement": 8572000.0,
        "Selling General And Administration": 6573000.0,
        "General And Administrative Expense": 6573000.0,
        "Other Gand A": 6573000.0,
        "Gross Profit": 11268000.0,
        "Cost Of Revenue": 21997000.0,
        "Total Revenue": 33265000.0,
        "Operating Revenue": 31446000.0
    },
    "2022-06-30": {
        "Tax Effect Of Unusual Items": 6394000.0,
        "Tax Rate For Calcs": 0.4,
        "Normalized EBITDA": -1986000.0,
        "Total Unusual Items": 15985000.0,
        "Total Unusual Items Excluding Goodwill": 15985000.0,
        "Net Income From Continuing Operation Net Minority Interest": 4116000.0,
        "Reconciled Depreciation": 9694000.0,
        "Reconciled Cost Of Revenue": 19911000.0,
        "EBIT": 4305000.0,
        "Net Interest Income": -209000.0,
        "Interest Expense": 296000.0,
        "Interest Income": 87000.0,
        "Normalized Income": -5475000.0,
        "Net Income From Continuing And Discontinued Operation": 4116000.0,
        "Total Expenses": 40177000.0,
        "Total Operating Income As Reported": -10587000.0,
        "Diluted Average Shares": 4233410.0,
        "Basic Average Shares": 4231770.0,
        "Diluted EPS": 1.0,
        "Basic EPS": 1.0,
        "Diluted NI Availto Com Stockholders": 4232000.0,
        "Average Dilution Earnings": 0.0,
        "Net Income Common Stockholders": 4232000.0,
        "Otherunder Preferred Stock Dividend": -116000.0,
        "Net Income": 4116000.0,
        "Minority Interests": -1543000.0,
        "Net Income Including Noncontrolling Interests": 5659000.0,
        "Net Income Continuous Operations": 5659000.0,
        "Tax Provision": -1650000.0,
        "Pretax Income": 4009000.0,
        "Other Income Expense": 14805000.0,
        "Other Non Operating Income Expenses": -1180000.0,
        "Special Income Charges": 0.0,
        "Impairment Of Capital Assets": NaN,
        "Restructuring And Mergern Acquisition": 0.0,
        "Gain On Sale Of Security": 15985000.0,
        "Net Non Operating Interest Income Expense": -209000.0,
        "Interest Expense Non Operating": 296000.0,
        "Interest Income Non Operating": 87000.0,
        "Operating Income": -10587000.0,
        "Operating Expense": 20266000.0,
        "Other Operating Expenses": 4042000.0,
        "Depreciation Amortization Depletion Income Statement": 9694000.0,
        "Depreciation And Amortization In Income Statement": 9694000.0,
        "Selling General And Administration": 6530000.0,
        "General And Administrative Expense": 6530000.0,
        "Other Gand A": 6530000.0,
        "Gross Profit": 9679000.0,
        "Cost Of Revenue": 19911000.0,
        "Total Revenue": 29590000.0,
        "Operating Revenue": 27873000.0
    },
    "2022-03-31": {
        "Diluted EPS": -0.16,
        "Total Revenue": 28,
        "Gross Profit": 23,
        "Operating Income": -22,
        "EBIT": 1,
        "Net Income": -14
    },
    "2021-12-31": {
        "Diluted EPS": -1.72,
        "Total Revenue": 35,
        "Gross Profit": 30,
        "Operating Income": -236,
        "EBIT": 11,
        "Net Income": -148
    },
    "2021-09-30": {
        "Diluted EPS": -0.15,
        "Total Revenue": 29,
        "Gross Profit": 23,
        "Operating Income": -37,
        "EBIT": -16,
        "Net Income": -13
    },
    "2021-06-30": {
        "Diluted EPS": 0.0,
        "Total Revenue": 26,
        "Gross Profit": 21,
        "Operating Income": 9,
        "EBIT": 10,
        "Net Income": 5
    },
    "2021-03-31": {
        "Diluted EPS": 0.0,
        "Total Revenue": 25,
        "Gross Profit": 20,
        "Operating Income": 7,
        "EBIT": 8,
        "Net Income": 3
    },
    "2020-12-31": {
        "Diluted EPS": 0.0,
        "Total Revenue": NaN,
        "Gross Profit": NaN,
        "Operating Income": NaN,
        "EBIT": NaN,
        "Net Income": NaN
    },
    "2020-09-30": {
        "Diluted EPS": 0.0,
        "Total Revenue": 17,
        "Gross Profit": 14,
        "Operating Income": 4,
        "EBIT": 4,
        "Net Income": 4
    },
    "2023-06-30": {
        "Tax Effect Of Unusual Items": 0.0,
        "Tax Rate For Calcs": 0.0,
        "Normalized EBITDA": -61010000.0,
        "Total Unusual Items": -10900000.0,
        "Total Unusual Items Excluding Goodwill": -10900000.0,
        "Net Income From Continuing Operation Net Minority Interest": -54657000.0,
        "Reconciled Depreciation": 8670000.0,
        "Reconciled Cost Of Revenue": 20113000.0,
        "EBIT": -80580000.0,
        "Net Interest Income": 7816000.0,
        "Interest Expense": 2564000.0,
        "Interest Income": 10380000.0,
        "Normalized Income": -43757000.0,
        "Net Income From Continuing And Discontinued Operation": -54657000.0,
        "Total Expenses": 47297000.0,
        "Total Operating Income As Reported": -76924000.0,
        "Diluted Average Shares": 7036235.0,
        "Basic Average Shares": 4787574.0,
        "Diluted EPS": -11.8,
        "Basic EPS": -11.4,
        "Diluted NI Availto Com Stockholders": -54657000.0,
        "Average Dilution Earnings": NaN,
        "Net Income Common Stockholders": -54657000.0,
        "Otherunder Preferred Stock Dividend": NaN,
        "Net Income": -54657000.0,
        "Minority Interests": 28487000.0,
        "Net Income Including Noncontrolling Interests": -83144000.0,
        "Net Income Continuous Operations": -83144000.0,
        "Tax Provision": 0.0,
        "Pretax Income": -83144000.0,
        "Other Income Expense": -14036000.0,
        "Other Non Operating Income Expenses": -3136000.0,
        "Special Income Charges": NaN,
        "Impairment Of Capital Assets": NaN,
        "Restructuring And Mergern Acquisition": NaN,
        "Gain On Sale Of Security": -10900000.0,
        "Net Non Operating Interest Income Expense": 7816000.0,
        "Interest Expense Non Operating": 2564000.0,
        "Interest Income Non Operating": 10380000.0,
        "Operating Income": -76924000.0,
        "Operating Expense": 27184000.0,
        "Other Operating Expenses": 9367000.0,
        "Depreciation Amortization Depletion Income Statement": 8670000.0,
        "Depreciation And Amortization In Income Statement": 8670000.0,
        "Selling General And Administration": 9147000.0,
        "General And Administrative Expense": 9147000.0,
        "Other Gand A": 9147000.0,
        "Gross Profit": -49740000.0,
        "Cost Of Revenue": 20113000.0,
        "Total Revenue": -29627000.0,
        "Operating Revenue": -30898000.0
    }
}