{
    "2023-03-31": {
        "Tax Effect Of Unusual Items": 0.0,
        "Tax Rate For Calcs": 0.21,
        "Normalized EBITDA": 37800000.0,
        "Total Unusual Items": NaN,
        "Total Unusual Items Excluding Goodwill": NaN,
        "Net Income From Continuing Operation Net Minority Interest": -4000000.0,
        "Reconciled Depreciation": 22800000.0,
        "Reconciled Cost Of Revenue": 346400000.0,
        "EBITDA": 37800000.0,
        "EBIT": 15000000.0,
        "Net Interest Income": -15700000.0,
        "Interest Expense": 15700000.0,
        "Normalized Income": -4000000.0,
        "Net Income From Continuing And Discontinued Operation": -4000000.0,
        "Total Expenses": 365800000.0,
        "Total Operating Income As Reported": 15100000.0,
        "Diluted Average Shares": 27299000.0,
        "Basic Average Shares": 27299000.0,
        "Diluted EPS": -0.49,
        "Basic EPS": -0.49,
        "Diluted NI Availto Com Stockholders": -13400000.0,
        "Net Income Common Stockholders": -13400000.0,
        "Otherunder Preferred Stock Dividend": 6100000.0,
        "Preferred Stock Dividends": 3300000.0,
        "Net Income": -4000000.0,
        "Net Income Including Noncontrolling Interests": -4000000.0,
        "Net Income Continuous Operations": -4000000.0,
        "Tax Provision": 3300000.0,
        "Pretax Income": -700000.0,
        "Other Income Expense": -200000.0,
        "Other Non Operating Income Expenses": -200000.0,
        "Special Income Charges": NaN,
        "Gain On Sale Of Business": NaN,
        "Net Non Operating Interest Income Expense": -15700000.0,
        "Interest Expense Non Operating": 15700000.0,
        "Operating Income": 15200000.0,
        "Operating Expense": 19400000.0,
        "Selling General And Administration": 19400000.0,
        "Gross Profit": 34600000.0,
        "Cost Of Revenue": 346400000.0,
        "Total Revenue": 381000000.0,
        "Operating Revenue": 381000000.0
    },
    "2022-12-31": {
        "Tax Effect Of Unusual Items": 0.0,
        "Tax Rate For Calcs": 0.162437,
        "Normalized EBITDA": 57400000.0,
        "Total Unusual Items": NaN,
        "Total Unusual Items Excluding Goodwill": NaN,
        "Net Income From Continuing Operation Net Minority Interest": 16500000.0,
        "Reconciled Depreciation": 22100000.0,
        "Reconciled Cost Of Revenue": 347300000.0,
        "EBITDA": 57400000.0,
        "EBIT": 35300000.0,
        "Net Interest Income": -15600000.0,
        "Interest Expense": 15600000.0,
        "Normalized Income": 16500000.0,
        "Net Income From Continuing And Discontinued Operation": 16500000.0,
        "Total Expenses": 365900000.0,
        "Total Operating Income As Reported": 36200000.0,
        "Diluted Average Shares": 28262000.0,
        "Basic Average Shares": 27016000.0,
        "Diluted EPS": 0.25,
        "Basic EPS": 0.26,
        "Diluted NI Availto Com Stockholders": 7200000.0,
        "Net Income Common Stockholders": 7200000.0,
        "Otherunder Preferred Stock Dividend": 5900000.0,
        "Preferred Stock Dividends": 3400000.0,
        "Net Income": 16500000.0,
        "Net Income Including Noncontrolling Interests": 16500000.0,
        "Net Income Continuous Operations": 16500000.0,
        "Tax Provision": 3200000.0,
        "Pretax Income": 19700000.0,
        "Other Income Expense": -900000.0,
        "Other Non Operating Income Expenses": -900000.0,
        "Special Income Charges": NaN,
        "Gain On Sale Of Business": NaN,
        "Net Non Operating Interest Income Expense": -15600000.0,
        "Interest Expense Non Operating": 15600000.0,
        "Operating Income": 36200000.0,
        "Operating Expense": 18600000.0,
        "Selling General And Administration": 18600000.0,
        "Gross Profit": 54800000.0,
        "Cost Of Revenue": 347300000.0,
        "Total Revenue": 402100000.0,
        "Operating Revenue": 402100000.0
    },
    "2022-09-30": {
        "Tax Effect Of Unusual Items": 0.0,
        "Tax Rate For Calcs": 0.4,
        "Normalized EBITDA": 33881000.0,
        "Total Unusual Items": NaN,
        "Total Unusual Items Excluding Goodwill": NaN,
        "Net Income From Continuing Operation Net Minority Interest": -351000.0,
        "Reconciled Depreciation": 21860000.0,
        "Reconciled Cost Of Revenue": 377368000.0,
        "EBITDA": 33881000.0,
        "EBIT": 12021000.0,
        "Net Interest Income": -10406000.0,
        "Interest Expense": 10406000.0,
        "Normalized Income": -351000.0,
        "Net Income From Continuing And Discontinued Operation": -351000.0,
        "Total Expenses": 393465000.0,
        "Total Operating Income As Reported": 12260000.0,
        "Diluted Average Shares": 27016000.0,
        "Basic Average Shares": 27016000.0,
        "Diluted EPS": -0.35,
        "Basic EPS": -0.35,
        "Diluted NI Availto Com Stockholders": -9563000.0,
        "Net Income Common Stockholders": -9563000.0,
        "Otherunder Preferred Stock Dividend": 20000.0,
        "Preferred Stock Dividends": 9192000.0,
        "Net Income": -351000.0,
        "Net Income Including Noncontrolling Interests": -351000.0,
        "Net Income Continuous Operations": -351000.0,
        "Tax Provision": 1966000.0,
        "Pretax Income": 1615000.0,
        "Other Income Expense": -239000.0,
        "Other Non Operating Income Expenses": -239000.0,
        "Special Income Charges": NaN,
        "Gain On Sale Of Business": NaN,
        "Net Non Operating Interest Income Expense": -10406000.0,
        "Interest Expense Non Operating": 10406000.0,
        "Operating Income": 12260000.0,
        "Operating Expense": 16097000.0,
        "Selling General And Administration": 16097000.0,
        "Gross Profit": 28357000.0,
        "Cost Of Revenue": 377368000.0,
        "Total Revenue": 405725000.0,
        "Operating Revenue": 405725000.0
    },
    "2022-06-30": {
        "Tax Effect Of Unusual Items": 0.0,
        "Tax Rate For Calcs": 0.333,
        "Normalized EBITDA": 49713000.0,
        "Net Income From Continuing Operation Net Minority Interest": 10844000.0,
        "Reconciled Depreciation": 23126000.0,
        "Reconciled Cost Of Revenue": 388905000.0,
        "EBITDA": 49713000.0,
        "EBIT": 26587000.0,
        "Net Interest Income": -10338000.0,
        "Interest Expense": 10338000.0,
        "Normalized Income": 10844000.0,
        "Net Income From Continuing And Discontinued Operation": 10844000.0,
        "Total Expenses": 405626000.0,
        "Total Operating Income As Reported": 25906000.0,
        "Diluted Average Shares": 27422000.0,
        "Basic Average Shares": 26918000.0,
        "Diluted EPS": 0.07,
        "Basic EPS": 0.07,
        "Diluted NI Availto Com Stockholders": 1832000.0,
        "Net Income Common Stockholders": 1832000.0,
        "Otherunder Preferred Stock Dividend": 11000.0,
        "Preferred Stock Dividends": 9001000.0,
        "Net Income": 10844000.0,
        "Net Income Including Noncontrolling Interests": 10844000.0,
        "Net Income Continuous Operations": 10844000.0,
        "Tax Provision": 5405000.0,
        "Pretax Income": 16249000.0,
        "Other Income Expense": 681000.0,
        "Other Non Operating Income Expenses": 681000.0,
        "Net Non Operating Interest Income Expense": -10338000.0,
        "Interest Expense Non Operating": 10338000.0,
        "Operating Income": 25906000.0,
        "Operating Expense": 16721000.0,
        "Selling General And Administration": 16721000.0,
        "Gross Profit": 42627000.0,
        "Cost Of Revenue": 388905000.0,
        "Total Revenue": 431532000.0,
        "Operating Revenue": 431532000.0
    },
    "2023-06-30": {
        "Tax Effect Of Unusual Items": 0.0,
        "Tax Rate For Calcs": 0.4,
        "Normalized EBITDA": 44884000.0,
        "Total Unusual Items": NaN,
        "Total Unusual Items Excluding Goodwill": NaN,
        "Net Income From Continuing Operation Net Minority Interest": -67000.0,
        "Reconciled Depreciation": 23467000.0,
        "Reconciled Cost Of Revenue": 331570000.0,
        "EBITDA": 44884000.0,
        "EBIT": 21417000.0,
        "Net Interest Income": -15690000.0,
        "Interest Expense": 15690000.0,
        "Normalized Income": -67000.0,
        "Net Income From Continuing And Discontinued Operation": -67000.0,
        "Total Expenses": 348586000.0,
        "Total Operating Income As Reported": 24017000.0,
        "Diluted Average Shares": 28035000.0,
        "Basic Average Shares": 28035000.0,
        "Diluted EPS": -0.35,
        "Basic EPS": -0.35,
        "Diluted NI Availto Com Stockholders": -9723000.0,
        "Net Income Common Stockholders": -9723000.0,
        "Otherunder Preferred Stock Dividend": 11000.0,
        "Preferred Stock Dividends": 9645000.0,
        "Net Income": -67000.0,
        "Net Income Including Noncontrolling Interests": -67000.0,
        "Net Income Continuous Operations": -67000.0,
        "Tax Provision": 5794000.0,
        "Pretax Income": 5727000.0,
        "Other Income Expense": -2600000.0,
        "Other Non Operating Income Expenses": -2600000.0,
        "Special Income Charges": NaN,
        "Gain On Sale Of Business": NaN,
        "Net Non Operating Interest Income Expense": -15690000.0,
        "Interest Expense Non Operating": 15690000.0,
        "Operating Income": 24017000.0,
        "Operating Expense": 17016000.0,
        "Selling General And Administration": 17016000.0,
        "Gross Profit": 41033000.0,
        "Cost Of Revenue": 331570000.0,
        "Total Revenue": 372603000.0,
        "Operating Revenue": 372603000.0
    },
    "2022-03-31": {
        "Diluted EPS": 0.04,
        "Total Revenue": 401,
        "Gross Profit": 41,
        "Operating Income": 24,
        "EBIT": 49,
        "Net Income": 1
    },
    "2021-12-31": {
        "Diluted EPS": -0.48,
        "Total Revenue": 368,
        "Gross Profit": 21,
        "Operating Income": 7,
        "EBIT": 32,
        "Net Income": -13
    },
    "2021-09-30": {
        "Diluted EPS": -0.61,
        "Total Revenue": 311,
        "Gross Profit": 18,
        "Operating Income": 7,
        "EBIT": 32,
        "Net Income": -16
    },
    "2021-06-30": {
        "Diluted EPS": -0.26,
        "Total Revenue": 347,
        "Gross Profit": 33,
        "Operating Income": 16,
        "EBIT": 43,
        "Net Income": -7
    },
    "2021-03-31": {
        "Diluted EPS": 0.18,
        "Total Revenue": 358,
        "Gross Profit": 43,
        "Operating Income": 26,
        "EBIT": 52,
        "Net Income": 5
    },
    "2020-12-31": {
        "Diluted EPS": -1.09,
        "Total Revenue": 338,
        "Gross Profit": 33,
        "Operating Income": 17,
        "EBIT": 43,
        "Net Income": -30
    },
    "2020-09-30": {
        "Diluted EPS": 0.12,
        "Total Revenue": 317,
        "Gross Profit": 32,
        "Operating Income": 19,
        "EBIT": 45,
        "Net Income": 3
    },
    "2020-06-30": {
        "Diluted EPS": -2.0,
        "Total Revenue": 145,
        "Gross Profit": -23,
        "Operating Income": -34,
        "EBIT": -9,
        "Net Income": -51
    },
    "2020-03-31": {
        "Diluted EPS": -7.84,
        "Total Revenue": 301,
        "Gross Profit": 23,
        "Operating Income": -183,
        "EBIT": -157,
        "Net Income": -198
    },
    "2019-12-31": {
        "Diluted EPS": -4.25,
        "Total Revenue": 310,
        "Gross Profit": 27,
        "Operating Income": -92,
        "EBIT": -68,
        "Net Income": -107
    },
    "2019-09-30": {
        "Diluted EPS": -0.57,
        "Total Revenue": 352,
        "Gross Profit": 16,
        "Operating Income": 0,
        "EBIT": 32,
        "Net Income": -14
    },
    "2019-06-30": {
        "Diluted EPS": -0.04,
        "Total Revenue": 352,
        "Gross Profit": 40,
        "Operating Income": 24,
        "EBIT": 49,
        "Net Income": -1
    },
    "2019-03-31": {
        "Diluted EPS": -0.24,
        "Total Revenue": 358,
        "Gross Profit": 33,
        "Operating Income": 19,
        "EBIT": 43,
        "Net Income": -6
    },
    "2018-12-31": {
        "Diluted EPS": 0.61,
        "Total Revenue": 379,
        "Gross Profit": 36,
        "Operating Income": 19,
        "EBIT": 43,
        "Net Income": 15
    },
    "2018-09-30": {
        "Diluted EPS": -0.37,
        "Total Revenue": 348,
        "Gross Profit": 24,
        "Operating Income": 8,
        "EBIT": 32,
        "Net Income": -9
    },
    "2018-06-30": {
        "Diluted EPS": -0.02,
        "Total Revenue": 389,
        "Gross Profit": 54,
        "Operating Income": 31,
        "EBIT": 56,
        "Net Income": -1
    },
    "2018-03-31": {
        "Diluted EPS": 0.07,
        "Total Revenue": 386,
        "Gross Profit": 50,
        "Operating Income": 28,
        "EBIT": 53,
        "Net Income": 2
    },
    "2017-12-31": {
        "Diluted EPS": -0.5,
        "Total Revenue": 362,
        "Gross Profit": 40,
        "Operating Income": 14,
        "EBIT": 14,
        "Net Income": -13
    },
    "2017-09-30": {
        "Diluted EPS": -0.22,
        "Total Revenue": 331,
        "Gross Profit": 24,
        "Operating Income": 6,
        "EBIT": 6,
        "Net Income": -6
    },
    "2017-06-30": {
        "Diluted EPS": -0.41,
        "Total Revenue": 241,
        "Gross Profit": 20,
        "Operating Income": -2,
        "EBIT": -2,
        "Net Income": -10
    },
    "2017-03-31": {
        "Diluted EPS": 0.12,
        "Total Revenue": 174,
        "Gross Profit": 19,
        "Operating Income": 4,
        "EBIT": 4,
        "Net Income": 3
    },
    "2016-12-31": {
        "Diluted EPS": 0.31,
        "Total Revenue": 188,
        "Gross Profit": 18,
        "Operating Income": 11,
        "EBIT": 11,
        "Net Income": 8
    },
    "2016-09-30": {
        "Diluted EPS": 0.23,
        "Total Revenue": 176,
        "Gross Profit": 11,
        "Operating Income": 5,
        "EBIT": 5,
        "Net Income": 6
    },
    "2016-06-30": {
        "Diluted EPS": 0.52,
        "Total Revenue": 183,
        "Gross Profit": 30,
        "Operating Income": 20,
        "EBIT": 20,
        "Net Income": 13
    },
    "2016-03-31": {
        "Diluted EPS": 0.56,
        "Total Revenue": 186,
        "Gross Profit": 28,
        "Operating Income": 19,
        "EBIT": 19,
        "Net Income": 14
    },
    "2015-12-31": {
        "Diluted EPS": 0.31,
        "Total Revenue": 195,
        "Gross Profit": 24,
        "Operating Income": 14,
        "EBIT": 14,
        "Net Income": 8
    },
    "2015-09-30": {
        "Diluted EPS": 0.19,
        "Total Revenue": 176,
        "Gross Profit": 16,
        "Operating Income": 8,
        "EBIT": 8,
        "Net Income": 5
    },
    "2015-06-30": {
        "Diluted EPS": 0.24,
        "Total Revenue": 184,
        "Gross Profit": 20,
        "Operating Income": 11,
        "EBIT": 11,
        "Net Income": 7
    },
    "2015-03-31": {
        "Diluted EPS": 0.16,
        "Total Revenue": 174,
        "Gross Profit": 11,
        "Operating Income": 4,
        "EBIT": 4,
        "Net Income": 4
    },
    "2014-12-31": {
        "Diluted EPS": 0.06,
        "Total Revenue": 187,
        "Gross Profit": 12,
        "Operating Income": 4,
        "EBIT": 4,
        "Net Income": 1
    },
    "2014-09-30": {
        "Diluted EPS": -0.09,
        "Total Revenue": 176,
        "Gross Profit": 7,
        "Operating Income": -3,
        "EBIT": -3,
        "Net Income": -2
    },
    "2014-06-30": {
        "Diluted EPS": 0.18,
        "Total Revenue": 199,
        "Gross Profit": 16,
        "Operating Income": 8,
        "EBIT": 8,
        "Net Income": 5
    },
    "2014-03-31": {
        "Diluted EPS": 0.18,
        "Total Revenue": 183,
        "Gross Profit": 16,
        "Operating Income": 8,
        "EBIT": 8,
        "Net Income": 5
    },
    "2013-12-31": {
        "Diluted EPS": 0.23,
        "Total Revenue": 193,
        "Gross Profit": 19,
        "Operating Income": 12,
        "EBIT": 12,
        "Net Income": 6
    },
    "2013-09-30": {
        "Diluted EPS": 0.19,
        "Total Revenue": 192,
        "Gross Profit": 15,
        "Operating Income": 7,
        "EBIT": 7,
        "Net Income": 5
    },
    "2013-06-30": {
        "Diluted EPS": 0.23,
        "Total Revenue": 199,
        "Gross Profit": 16,
        "Operating Income": 9,
        "EBIT": 9,
        "Net Income": 6
    },
    "2013-03-31": {
        "Diluted EPS": 0.18,
        "Total Revenue": 206,
        "Gross Profit": 14,
        "Operating Income": 6,
        "EBIT": 6,
        "Net Income": 5
    },
    "2012-12-31": {
        "Diluted EPS": 0.1,
        "Total Revenue": 210,
        "Gross Profit": 13,
        "Operating Income": 5,
        "EBIT": 5,
        "Net Income": 3
    },
    "2012-09-30": {
        "Diluted EPS": 0.55,
        "Total Revenue": 194,
        "Gross Profit": 15,
        "Operating Income": 9,
        "EBIT": 9,
        "Net Income": 15
    },
    "2012-06-30": {
        "Diluted EPS": 0.23,
        "Total Revenue": 215,
        "Gross Profit": 16,
        "Operating Income": 8,
        "EBIT": 8,
        "Net Income": 6
    },
    "2012-03-31": {
        "Diluted EPS": 0.25,
        "Total Revenue": 202,
        "Gross Profit": 17,
        "Operating Income": 10,
        "EBIT": 10,
        "Net Income": 7
    },
    "2011-12-31": {
        "Diluted EPS": 1.48,
        "Total Revenue": 217,
        "Gross Profit": 18,
        "Operating Income": 11,
        "EBIT": 11,
        "Net Income": 40
    },
    "2011-09-30": {
        "Diluted EPS": 0.16,
        "Total Revenue": 207,
        "Gross Profit": 13,
        "Operating Income": 6,
        "EBIT": 6,
        "Net Income": 4
    },
    "2011-06-30": {
        "Diluted EPS": 0.53,
        "Total Revenue": 209,
        "Gross Profit": 20,
        "Operating Income": 13,
        "EBIT": 13,
        "Net Income": 15
    },
    "2011-03-31": {
        "Diluted EPS": 0.29,
        "Total Revenue": 190,
        "Gross Profit": 17,
        "Operating Income": 10,
        "EBIT": 10,
        "Net Income": 8
    },
    "2010-12-31": {
        "Diluted EPS": 0.83,
        "Total Revenue": 191,
        "Gross Profit": 29,
        "Operating Income": 21,
        "EBIT": 21,
        "Net Income": 22
    },
    "2010-09-30": {
        "Diluted EPS": 0.39,
        "Total Revenue": 184,
        "Gross Profit": 20,
        "Operating Income": 11,
        "EBIT": 11,
        "Net Income": 10
    },
    "2010-06-30": {
        "Diluted EPS": 0.38,
        "Total Revenue": 195,
        "Gross Profit": 28,
        "Operating Income": 21,
        "EBIT": 21,
        "Net Income": 10
    },
    "2010-03-31": {
        "Diluted EPS": 0.33,
        "Total Revenue": 150,
        "Gross Profit": 13,
        "Operating Income": 6,
        "EBIT": 6,
        "Net Income": 9
    },
    "2009-12-31": {
        "Diluted EPS": -0.14,
        "Total Revenue": 145,
        "Gross Profit": 12,
        "Operating Income": 6,
        "EBIT": 6,
        "Net Income": -4
    },
    "2009-09-30": {
        "Diluted EPS": -0.48,
        "Total Revenue": 111,
        "Gross Profit": 4,
        "Operating Income": -2,
        "EBIT": -2,
        "Net Income": -13
    },
    "2009-06-30": {
        "Diluted EPS": -0.79,
        "Total Revenue": 81,
        "Gross Profit": -12,
        "Operating Income": -21,
        "EBIT": -21,
        "Net Income": -21
    },
    "2009-03-31": {
        "Diluted EPS": -2.12,
        "Total Revenue": 82,
        "Gross Profit": -15,
        "Operating Income": -28,
        "EBIT": -28,
        "Net Income": -57
    },
    "2023-09-30": {
        "Tax Effect Of Unusual Items": -367243.367935,
        "Tax Rate For Calcs": 0.004614,
        "Normalized EBITDA": 32200000.0,
        "Total Unusual Items": -79600000.0,
        "Total Unusual Items Excluding Goodwill": -79600000.0,
        "Net Income From Continuing Operation Net Minority Interest": -86300000.0,
        "Reconciled Depreciation": 23600000.0,
        "Reconciled Cost Of Revenue": 297800000.0,
        "EBITDA": -47400000.0,
        "EBIT": -71000000.0,
        "Net Interest Income": -15700000.0,
        "Interest Expense": 15700000.0,
        "Normalized Income": -7067243.367935,
        "Net Income From Continuing And Discontinued Operation": -86300000.0,
        "Total Expenses": 314700000.0,
        "Total Operating Income As Reported": -71200000.0,
        "Diluted Average Shares": 28091000.0,
        "Basic Average Shares": 28091000.0,
        "Diluted EPS": -3.42,
        "Basic EPS": -3.42,
        "Diluted NI Availto Com Stockholders": -96200000.0,
        "Net Income Common Stockholders": -96200000.0,
        "Otherunder Preferred Stock Dividend": 6500000.0,
        "Preferred Stock Dividends": 3400000.0,
        "Net Income": -86300000.0,
        "Net Income Including Noncontrolling Interests": -86300000.0,
        "Net Income Continuous Operations": -86300000.0,
        "Tax Provision": -400000.0,
        "Pretax Income": -86700000.0,
        "Other Income Expense": -79400000.0,
        "Other Non Operating Income Expenses": 200000.0,
        "Special Income Charges": -79600000.0,
        "Gain On Sale Of Business": -79600000.0,
        "Net Non Operating Interest Income Expense": -15700000.0,
        "Interest Expense Non Operating": 15700000.0,
        "Operating Income": 8400000.0,
        "Operating Expense": 16900000.0,
        "Selling General And Administration": 16900000.0,
        "Gross Profit": 25300000.0,
        "Cost Of Revenue": 297800000.0,
        "Total Revenue": 323100000.0,
        "Operating Revenue": 323100000.0
    }
}