{
    "2023-03-31": {
        "Tax Effect Of Unusual Items": NaN,
        "Tax Rate For Calcs": NaN,
        "Total Unusual Items": NaN,
        "Total Unusual Items Excluding Goodwill": NaN,
        "Net Income From Continuing Operation Net Minority Interest": NaN,
        "Reconciled Depreciation": NaN,
        "Net Interest Income": NaN,
        "Interest Expense": NaN,
        "Interest Income": NaN,
        "Normalized Income": NaN,
        "Net Income From Continuing And Discontinued Operation": NaN,
        "Rent Expense Supplemental": NaN,
        "Diluted Average Shares": NaN,
        "Basic Average Shares": NaN,
        "Diluted EPS": NaN,
        "Basic EPS": NaN,
        "Diluted NI Availto Com Stockholders": NaN,
        "Average Dilution Earnings": NaN,
        "Net Income Common Stockholders": NaN,
        "Net Income": NaN,
        "Minority Interests": NaN,
        "Net Income Including Noncontrolling Interests": NaN,
        "Net Income From Tax Loss Carryforward": NaN,
        "Net Income Continuous Operations": NaN,
        "Tax Provision": NaN,
        "Pretax Income": NaN,
        "Other Non Operating Income Expenses": -5259723000.0,
        "Special Income Charges": NaN,
        "Other Special Charges": NaN,
        "Impairment Of Capital Assets": NaN,
        "Gain On Sale Of Security": NaN,
        "Depreciation Amortization Depletion Income Statement": NaN,
        "Depreciation And Amortization In Income Statement": NaN,
        "Amortization": NaN,
        "Amortization Of Intangibles Income Statement": NaN,
        "Depreciation Income Statement": NaN,
        "Selling General And Administration": NaN,
        "Selling And Marketing Expense": NaN,
        "General And Administrative Expense": NaN,
        "Other Gand A": NaN,
        "Insurance And Claims": NaN,
        "Rent And Landing Fees": NaN,
        "Salaries And Wages": NaN,
        "Total Revenue": NaN,
        "Operating Revenue": NaN,
        "Professional Expense And Contract Services Expense": NaN,
        "Other Non Interest Expense": NaN
    },
    "2022-12-31": {
        "Tax Effect Of Unusual Items": NaN,
        "Tax Rate For Calcs": NaN,
        "Total Unusual Items": NaN,
        "Total Unusual Items Excluding Goodwill": NaN,
        "Net Income From Continuing Operation Net Minority Interest": NaN,
        "Reconciled Depreciation": NaN,
        "Net Interest Income": NaN,
        "Interest Expense": NaN,
        "Interest Income": NaN,
        "Normalized Income": NaN,
        "Net Income From Continuing And Discontinued Operation": NaN,
        "Rent Expense Supplemental": NaN,
        "Diluted Average Shares": NaN,
        "Basic Average Shares": NaN,
        "Diluted EPS": NaN,
        "Basic EPS": NaN,
        "Diluted NI Availto Com Stockholders": NaN,
        "Average Dilution Earnings": NaN,
        "Net Income Common Stockholders": NaN,
        "Net Income": NaN,
        "Minority Interests": NaN,
        "Net Income Including Noncontrolling Interests": NaN,
        "Net Income From Tax Loss Carryforward": NaN,
        "Net Income Continuous Operations": NaN,
        "Tax Provision": NaN,
        "Pretax Income": NaN,
        "Other Non Operating Income Expenses": -5707661000.0,
        "Special Income Charges": NaN,
        "Other Special Charges": -7796000.0,
        "Impairment Of Capital Assets": NaN,
        "Gain On Sale Of Security": NaN,
        "Depreciation Amortization Depletion Income Statement": NaN,
        "Depreciation And Amortization In Income Statement": NaN,
        "Amortization": NaN,
        "Amortization Of Intangibles Income Statement": NaN,
        "Depreciation Income Statement": NaN,
        "Selling General And Administration": NaN,
        "Selling And Marketing Expense": NaN,
        "General And Administrative Expense": NaN,
        "Other Gand A": NaN,
        "Insurance And Claims": NaN,
        "Rent And Landing Fees": NaN,
        "Salaries And Wages": NaN,
        "Total Revenue": NaN,
        "Operating Revenue": NaN,
        "Professional Expense And Contract Services Expense": NaN,
        "Other Non Interest Expense": NaN
    },
    "2022-09-30": {
        "Tax Effect Of Unusual Items": NaN,
        "Tax Rate For Calcs": NaN,
        "Total Unusual Items": NaN,
        "Total Unusual Items Excluding Goodwill": NaN,
        "Net Income From Continuing Operation Net Minority Interest": NaN,
        "Reconciled Depreciation": NaN,
        "Net Interest Income": NaN,
        "Interest Expense": NaN,
        "Interest Income": NaN,
        "Normalized Income": NaN,
        "Net Income From Continuing And Discontinued Operation": NaN,
        "Rent Expense Supplemental": NaN,
        "Diluted Average Shares": 91113000.0,
        "Basic Average Shares": 91113000.0,
        "Diluted EPS": -14.65,
        "Basic EPS": -14.65,
        "Diluted NI Availto Com Stockholders": NaN,
        "Average Dilution Earnings": NaN,
        "Net Income Common Stockholders": NaN,
        "Net Income": NaN,
        "Minority Interests": NaN,
        "Net Income Including Noncontrolling Interests": NaN,
        "Net Income From Tax Loss Carryforward": NaN,
        "Net Income Continuous Operations": NaN,
        "Tax Provision": NaN,
        "Pretax Income": NaN,
        "Other Non Operating Income Expenses": -4282635000.0,
        "Special Income Charges": NaN,
        "Other Special Charges": 17461000.0,
        "Impairment Of Capital Assets": 0.0,
        "Gain On Sale Of Security": NaN,
        "Depreciation Amortization Depletion Income Statement": NaN,
        "Depreciation And Amortization In Income Statement": NaN,
        "Amortization": NaN,
        "Amortization Of Intangibles Income Statement": NaN,
        "Depreciation Income Statement": NaN,
        "Selling General And Administration": NaN,
        "Selling And Marketing Expense": NaN,
        "General And Administrative Expense": NaN,
        "Other Gand A": NaN,
        "Insurance And Claims": NaN,
        "Rent And Landing Fees": NaN,
        "Salaries And Wages": NaN,
        "Total Revenue": NaN,
        "Operating Revenue": NaN
    },
    "2022-06-30": {
        "Tax Effect Of Unusual Items": 3868240.3602,
        "Tax Rate For Calcs": 0.236127,
        "Total Unusual Items": 16382000.0,
        "Total Unusual Items Excluding Goodwill": 16382000.0,
        "Net Income From Continuing Operation Net Minority Interest": -1988565000.0,
        "Reconciled Depreciation": 1530810000.0,
        "Net Interest Income": 15216577000.0,
        "Interest Expense": 26138177000.0,
        "Interest Income": 41354754000.0,
        "Normalized Income": -2001078759.6398,
        "Net Income From Continuing And Discontinued Operation": -1988565000.0,
        "Rent Expense Supplemental": 18725000.0,
        "Diluted Average Shares": 91344464.0,
        "Basic Average Shares": 91344464.0,
        "Diluted EPS": -41.089518,
        "Basic EPS": -41.089518,
        "Diluted NI Availto Com Stockholders": -1988565000.0,
        "Average Dilution Earnings": NaN,
        "Net Income Common Stockholders": -1988565000.0,
        "Net Income": -1988565000.0,
        "Minority Interests": 2002000.0,
        "Net Income Including Noncontrolling Interests": -1990567000.0,
        "Net Income From Tax Loss Carryforward": NaN,
        "Net Income Continuous Operations": -1990567000.0,
        "Tax Provision": -615322000.0,
        "Pretax Income": -2605889000.0,
        "Other Non Operating Income Expenses": -3345390000.0,
        "Special Income Charges": 16382000.0,
        "Other Special Charges": -16382000.0,
        "Impairment Of Capital Assets": NaN,
        "Gain On Sale Of Security": 2864700000.0,
        "Depreciation Amortization Depletion Income Statement": 1415514000.0,
        "Depreciation And Amortization In Income Statement": 1415514000.0,
        "Amortization": 793374000.0,
        "Amortization Of Intangibles Income Statement": 793374000.0,
        "Depreciation Income Statement": 622140000.0,
        "Selling General And Administration": 12857949000.0,
        "Selling And Marketing Expense": 682799000.0,
        "General And Administrative Expense": 12175150000.0,
        "Other Gand A": 1858422000.0,
        "Insurance And Claims": 161591000.0,
        "Rent And Landing Fees": 18725000.0,
        "Salaries And Wages": 10136412000.0,
        "Total Revenue": 22324841000.0,
        "Operating Revenue": 22324841000.0
    },
    "2022-03-31": {
        "Diluted EPS": -0.04,
        "Total Revenue": 322,
        "Gross Profit": 150,
        "Operating Income": -4,
        "EBIT": NaN,
        "Net Income": -4
    },
    "2021-12-31": {
        "Diluted EPS": -0.18,
        "Total Revenue": 484,
        "Gross Profit": 252,
        "Operating Income": -16,
        "EBIT": NaN,
        "Net Income": -16
    },
    "2021-09-30": {
        "Diluted EPS": -0.01,
        "Total Revenue": 282,
        "Gross Profit": 132,
        "Operating Income": 3,
        "EBIT": NaN,
        "Net Income": -1
    },
    "2021-06-30": {
        "Diluted EPS": -0.04,
        "Total Revenue": 271,
        "Gross Profit": 135,
        "Operating Income": -4,
        "EBIT": NaN,
        "Net Income": -3
    },
    "2021-03-31": {
        "Diluted EPS": 0.02,
        "Total Revenue": 248,
        "Gross Profit": 131,
        "Operating Income": 2,
        "EBIT": NaN,
        "Net Income": 2
    },
    "2020-12-31": {
        "Diluted EPS": 0.17,
        "Total Revenue": 424,
        "Gross Profit": 275,
        "Operating Income": -80,
        "EBIT": NaN,
        "Net Income": 15
    },
    "2020-09-30": {
        "Diluted EPS": 0.13,
        "Total Revenue": 243,
        "Gross Profit": 154,
        "Operating Income": 12,
        "EBIT": NaN,
        "Net Income": 12
    },
    "2020-06-30": {
        "Diluted EPS": 0.17,
        "Total Revenue": 195,
        "Gross Profit": 126,
        "Operating Income": 18,
        "EBIT": NaN,
        "Net Income": 15
    },
    "2020-03-31": {
        "Diluted EPS": 0.08,
        "Total Revenue": 243,
        "Gross Profit": 145,
        "Operating Income": 13,
        "EBIT": NaN,
        "Net Income": 7
    },
    "2019-12-31": {
        "Diluted EPS": -1.19,
        "Total Revenue": 353,
        "Gross Profit": 124,
        "Operating Income": -94,
        "EBIT": NaN,
        "Net Income": -109
    },
    "2019-09-30": {
        "Diluted EPS": 0.07,
        "Total Revenue": 231,
        "Gross Profit": 75,
        "Operating Income": -2,
        "EBIT": NaN,
        "Net Income": 6
    },
    "2019-06-30": {
        "Diluted EPS": 0.47,
        "Total Revenue": 200,
        "Gross Profit": 36,
        "Operating Income": 36,
        "EBIT": NaN,
        "Net Income": 43
    },
    "2019-03-31": {
        "Diluted EPS": 0.17,
        "Total Revenue": 249,
        "Gross Profit": 77,
        "Operating Income": 19,
        "EBIT": NaN,
        "Net Income": 15
    },
    "2018-12-31": {
        "Diluted EPS": -2.01,
        "Total Revenue": 291,
        "Gross Profit": 12,
        "Operating Income": -293,
        "EBIT": NaN,
        "Net Income": -184
    },
    "2018-09-30": {
        "Diluted EPS": 0.3,
        "Total Revenue": 266,
        "Gross Profit": 135,
        "Operating Income": 33,
        "EBIT": NaN,
        "Net Income": 28
    },
    "2018-06-30": {
        "Diluted EPS": 0.13,
        "Total Revenue": 247,
        "Gross Profit": 132,
        "Operating Income": 20,
        "EBIT": NaN,
        "Net Income": 12
    },
    "2018-03-31": {
        "Diluted EPS": 0.4,
        "Total Revenue": 302,
        "Gross Profit": 210,
        "Operating Income": 52,
        "EBIT": NaN,
        "Net Income": 37
    },
    "2017-03-31": {
        "Diluted EPS": 0.34,
        "Total Revenue": 262,
        "Gross Profit": 179,
        "Operating Income": 36,
        "EBIT": NaN,
        "Net Income": 24
    },
    "2016-12-31": {
        "Diluted EPS": 0.47,
        "Total Revenue": 202,
        "Gross Profit": 202,
        "Operating Income": 202,
        "EBIT": NaN,
        "Net Income": 34
    },
    "2016-09-30": {
        "Diluted EPS": 0.4,
        "Total Revenue": 290,
        "Gross Profit": 290,
        "Operating Income": 290,
        "EBIT": NaN,
        "Net Income": 29
    },
    "2016-06-30": {
        "Diluted EPS": 0.2,
        "Total Revenue": 257,
        "Gross Profit": 257,
        "Operating Income": 257,
        "EBIT": NaN,
        "Net Income": 12
    },
    "2015-12-31": {
        "Diluted EPS": 1.47,
        "Total Revenue": 209,
        "Gross Profit": 209,
        "Operating Income": 209,
        "EBIT": NaN,
        "Net Income": 36
    },
    "2015-09-30": {
        "Diluted EPS": 0.84,
        "Total Revenue": 290,
        "Gross Profit": 290,
        "Operating Income": 290,
        "EBIT": NaN,
        "Net Income": 21
    },
    "2015-06-30": {
        "Diluted EPS": 0.16,
        "Total Revenue": 239,
        "Gross Profit": 239,
        "Operating Income": 239,
        "EBIT": NaN,
        "Net Income": 4
    },
    "2023-06-30": {
        "Tax Effect Of Unusual Items": NaN,
        "Tax Rate For Calcs": NaN,
        "Total Unusual Items": NaN,
        "Total Unusual Items Excluding Goodwill": NaN,
        "Net Income From Continuing Operation Net Minority Interest": NaN,
        "Reconciled Depreciation": NaN,
        "Net Interest Income": NaN,
        "Interest Expense": NaN,
        "Interest Income": NaN,
        "Normalized Income": NaN,
        "Net Income From Continuing And Discontinued Operation": NaN,
        "Rent Expense Supplemental": NaN,
        "Diluted Average Shares": 88534400.0,
        "Basic Average Shares": 88534400.0,
        "Diluted EPS": 262.6,
        "Basic EPS": 262.6,
        "Diluted NI Availto Com Stockholders": NaN,
        "Average Dilution Earnings": NaN,
        "Net Income Common Stockholders": NaN,
        "Net Income": NaN,
        "Minority Interests": NaN,
        "Net Income Including Noncontrolling Interests": NaN,
        "Net Income From Tax Loss Carryforward": -4700000.0,
        "Net Income Continuous Operations": NaN,
        "Tax Provision": NaN,
        "Pretax Income": NaN,
        "Other Non Operating Income Expenses": -7345216000.0,
        "Special Income Charges": NaN,
        "Other Special Charges": NaN,
        "Impairment Of Capital Assets": 2877000.0,
        "Gain On Sale Of Security": NaN,
        "Depreciation Amortization Depletion Income Statement": NaN,
        "Depreciation And Amortization In Income Statement": NaN,
        "Amortization": NaN,
        "Amortization Of Intangibles Income Statement": NaN,
        "Depreciation Income Statement": NaN,
        "Selling General And Administration": NaN,
        "Selling And Marketing Expense": NaN,
        "General And Administrative Expense": NaN,
        "Other Gand A": NaN,
        "Insurance And Claims": NaN,
        "Rent And Landing Fees": NaN,
        "Salaries And Wages": NaN,
        "Total Revenue": NaN,
        "Operating Revenue": NaN,
        "Professional Expense And Contract Services Expense": 1500800000.0,
        "Other Non Interest Expense": NaN
    },
    "2023-09-30": {
        "Tax Effect Of Unusual Items": 1765848288.494068,
        "Tax Rate For Calcs": 0.376302,
        "Total Unusual Items": 4692638000.0,
        "Total Unusual Items Excluding Goodwill": 4692638000.0,
        "Net Income From Continuing Operation Net Minority Interest": 29302835000.0,
        "Reconciled Depreciation": 16472007000.0,
        "Net Interest Income": 201834305000.0,
        "Interest Expense": 519909267000.0,
        "Interest Income": 721743572000.0,
        "Normalized Income": 26376045288.49407,
        "Net Income From Continuing And Discontinued Operation": 29302835000.0,
        "Rent Expense Supplemental": 37307000.0,
        "Diluted Average Shares": 88534400.0,
        "Basic Average Shares": 88534400.0,
        "Diluted EPS": 331.0,
        "Basic EPS": 331.0,
        "Diluted NI Availto Com Stockholders": 29302835000.0,
        "Average Dilution Earnings": 0.0,
        "Net Income Common Stockholders": 29302835000.0,
        "Net Income": 29302835000.0,
        "Minority Interests": -25902000.0,
        "Net Income Including Noncontrolling Interests": 29328737000.0,
        "Net Income From Tax Loss Carryforward": NaN,
        "Net Income Continuous Operations": 29328737000.0,
        "Tax Provision": 17695190000.0,
        "Pretax Income": 47023927000.0,
        "Other Non Operating Income Expenses": NaN,
        "Special Income Charges": -72000.0,
        "Other Special Charges": 2000.0,
        "Impairment Of Capital Assets": 70000.0,
        "Gain On Sale Of Security": 29884577000.0,
        "Depreciation Amortization Depletion Income Statement": 13315237000.0,
        "Depreciation And Amortization In Income Statement": 13315237000.0,
        "Amortization": 7144200000.0,
        "Amortization Of Intangibles Income Statement": 7144200000.0,
        "Depreciation Income Statement": 6171037000.0,
        "Selling General And Administration": 95455750000.0,
        "Selling And Marketing Expense": 4796282000.0,
        "General And Administrative Expense": 90659468000.0,
        "Other Gand A": 12722754000.0,
        "Insurance And Claims": 1260727000.0,
        "Rent And Landing Fees": 37307000.0,
        "Salaries And Wages": 76638680000.0,
        "Total Revenue": 212581700000.0,
        "Operating Revenue": 212581700000.0,
        "Professional Expense And Contract Services Expense": NaN,
        "Other Non Interest Expense": 38728666000.0
    },
    "2023-12-31": {
        "Tax Effect Of Unusual Items": 1433072550.0,
        "Tax Rate For Calcs": 0.35,
        "Total Unusual Items": 4094493000.0,
        "Total Unusual Items Excluding Goodwill": 4094493000.0,
        "Net Income From Continuing Operation Net Minority Interest": 32763271000.0,
        "Reconciled Depreciation": 12819554000.0,
        "Net Interest Income": 66203173000.0,
        "Interest Expense": 528014177000.0,
        "Interest Income": 594217350000.0,
        "Normalized Income": 30101850550.0,
        "Net Income From Continuing And Discontinued Operation": 32763271000.0,
        "Rent Expense Supplemental": 38914000.0,
        "Diluted Average Shares": NaN,
        "Basic Average Shares": NaN,
        "Diluted EPS": NaN,
        "Basic EPS": NaN,
        "Diluted NI Availto Com Stockholders": 32763271000.0,
        "Average Dilution Earnings": 0.0,
        "Net Income Common Stockholders": 32763271000.0,
        "Net Income": 32763271000.0,
        "Minority Interests": -27004000.0,
        "Net Income Including Noncontrolling Interests": 32790275000.0,
        "Net Income From Tax Loss Carryforward": NaN,
        "Net Income Continuous Operations": 32790275000.0,
        "Tax Provision": 23411656000.0,
        "Pretax Income": 56201931000.0,
        "Other Non Operating Income Expenses": NaN,
        "Special Income Charges": -11009228000.0,
        "Other Special Charges": 7016158000.0,
        "Impairment Of Capital Assets": 3993070000.0,
        "Gain On Sale Of Security": 104312213000.0,
        "Depreciation Amortization Depletion Income Statement": 14243172000.0,
        "Depreciation And Amortization In Income Statement": 14243172000.0,
        "Amortization": 7042658000.0,
        "Amortization Of Intangibles Income Statement": 7042658000.0,
        "Depreciation Income Statement": 7200514000.0,
        "Selling General And Administration": 110356707000.0,
        "Selling And Marketing Expense": 5492540000.0,
        "General And Administrative Expense": 104864167000.0,
        "Other Gand A": 17295578000.0,
        "Insurance And Claims": 1149380000.0,
        "Rent And Landing Fees": 38914000.0,
        "Salaries And Wages": 86380295000.0,
        "Total Revenue": 292497269000.0,
        "Operating Revenue": 292497269000.0,
        "Professional Expense And Contract Services Expense": NaN,
        "Other Non Interest Expense": 58803823000.0
    },
    "2024-03-31": {
        "Tax Effect Of Unusual Items": 19123638805.518505,
        "Tax Rate For Calcs": 0.357476,
        "Total Unusual Items": 53496237000.0,
        "Total Unusual Items Excluding Goodwill": 53496237000.0,
        "Net Income From Continuing Operation Net Minority Interest": 46466832000.0,
        "Reconciled Depreciation": 7811727000.0,
        "Net Interest Income": 214068299000.0,
        "Interest Expense": 272156381000.0,
        "Interest Income": 486224680000.0,
        "Normalized Income": 12094233805.518507,
        "Net Income From Continuing And Discontinued Operation": 46466832000.0,
        "Rent Expense Supplemental": 13369000.0,
        "Diluted Average Shares": 88534400.0,
        "Basic Average Shares": 88534400.0,
        "Diluted EPS": 524.85,
        "Basic EPS": 524.85,
        "Diluted NI Availto Com Stockholders": 46466832000.0,
        "Average Dilution Earnings": 0.0,
        "Net Income Common Stockholders": 46466832000.0,
        "Net Income": 46466832000.0,
        "Minority Interests": -48934000.0,
        "Net Income Including Noncontrolling Interests": 46515766000.0,
        "Net Income From Tax Loss Carryforward": NaN,
        "Net Income Continuous Operations": 46515766000.0,
        "Tax Provision": 25879647000.0,
        "Pretax Income": 72395413000.0,
        "Other Non Operating Income Expenses": NaN,
        "Special Income Charges": 201796000.0,
        "Other Special Charges": -201796000.0,
        "Impairment Of Capital Assets": NaN,
        "Gain On Sale Of Security": 30596591000.0,
        "Depreciation Amortization Depletion Income Statement": 8950169000.0,
        "Depreciation And Amortization In Income Statement": 8950169000.0,
        "Amortization": 4688252000.0,
        "Amortization Of Intangibles Income Statement": 4688252000.0,
        "Depreciation Income Statement": 4261917000.0,
        "Selling General And Administration": 75767358000.0,
        "Selling And Marketing Expense": 4110382000.0,
        "General And Administrative Expense": 71656976000.0,
        "Other Gand A": 11470048000.0,
        "Insurance And Claims": 686954000.0,
        "Rent And Landing Fees": 13369000.0,
        "Salaries And Wages": 59486605000.0,
        "Total Revenue": 217559301000.0,
        "Operating Revenue": 217559301000.0,
        "Professional Expense And Contract Services Expense": NaN,
        "Other Non Interest Expense": 53302215000.0
    },
    "2024-06-30": {
        "Tax Effect Of Unusual Items": 1301671000.0,
        "Tax Rate For Calcs": 0.35,
        "Total Unusual Items": 3719060000.0,
        "Total Unusual Items Excluding Goodwill": 3719060000.0,
        "Net Income From Continuing Operation Net Minority Interest": 17079147000.0,
        "Reconciled Depreciation": 13420699000.0,
        "Net Interest Income": 167304172000.0,
        "Interest Expense": 154624541000.0,
        "Interest Income": 321928713000.0,
        "Normalized Income": 14661758000.0,
        "Net Income From Continuing And Discontinued Operation": 17079147000.0,
        "Rent Expense Supplemental": 25947000.0,
        "Diluted Average Shares": 88122200.0,
        "Basic Average Shares": 88122200.0,
        "Diluted EPS": 193.8,
        "Basic EPS": 193.8,
        "Diluted NI Availto Com Stockholders": 17079147000.0,
        "Average Dilution Earnings": 0.0,
        "Net Income Common Stockholders": 17079147000.0,
        "Net Income": 17079147000.0,
        "Minority Interests": -9394000.0,
        "Net Income Including Noncontrolling Interests": 17088541000.0,
        "Net Income From Tax Loss Carryforward": NaN,
        "Net Income Continuous Operations": 17088541000.0,
        "Tax Provision": 13808406000.0,
        "Pretax Income": 30896947000.0,
        "Other Non Operating Income Expenses": NaN,
        "Special Income Charges": 41886000.0,
        "Other Special Charges": -41886000.0,
        "Impairment Of Capital Assets": 0.0,
        "Gain On Sale Of Security": 30189211000.0,
        "Depreciation Amortization Depletion Income Statement": 10620529000.0,
        "Depreciation And Amortization In Income Statement": 10620529000.0,
        "Amortization": 5412034000.0,
        "Amortization Of Intangibles Income Statement": 5412034000.0,
        "Depreciation Income Statement": 5208495000.0,
        "Selling General And Administration": 80901362000.0,
        "Selling And Marketing Expense": 6823918000.0,
        "General And Administrative Expense": 74077444000.0,
        "Other Gand A": 12682758000.0,
        "Insurance And Claims": 776010000.0,
        "Rent And Landing Fees": 25947000.0,
        "Salaries And Wages": 60592729000.0,
        "Total Revenue": 174743777000.0,
        "Operating Revenue": 174743777000.0,
        "Professional Expense And Contract Services Expense": NaN,
        "Other Non Interest Expense": 41285769000.0
    },
    "2024-09-30": {
        "Tax Effect Of Unusual Items": -473847138.633479,
        "Tax Rate For Calcs": 0.172859,
        "Total Unusual Items": -2741241000.0,
        "Total Unusual Items Excluding Goodwill": -2741241000.0,
        "Net Income From Continuing Operation Net Minority Interest": 8876840000.0,
        "Reconciled Depreciation": 14565520000.0,
        "Net Interest Income": 137632169000.0,
        "Interest Expense": 149892360000.0,
        "Interest Income": 287524529000.0,
        "Normalized Income": 11144233861.366522,
        "Net Income From Continuing And Discontinued Operation": 8876840000.0,
        "Rent Expense Supplemental": 34259000.0,
        "Diluted Average Shares": 87547200.0,
        "Basic Average Shares": 87547200.0,
        "Diluted EPS": 101.4,
        "Basic EPS": 101.4,
        "Diluted NI Availto Com Stockholders": 8876840000.0,
        "Average Dilution Earnings": 0.0,
        "Net Income Common Stockholders": 8876840000.0,
        "Net Income": 8876840000.0,
        "Minority Interests": 1680000.0,
        "Net Income Including Noncontrolling Interests": 8875160000.0,
        "Net Income From Tax Loss Carryforward": NaN,
        "Net Income Continuous Operations": 8875160000.0,
        "Tax Provision": 1854759000.0,
        "Pretax Income": 10729919000.0,
        "Other Non Operating Income Expenses": NaN,
        "Special Income Charges": -350846000.0,
        "Other Special Charges": 47015000.0,
        "Impairment Of Capital Assets": 303831000.0,
        "Gain On Sale Of Security": 21996083000.0,
        "Depreciation Amortization Depletion Income Statement": 11989811000.0,
        "Depreciation And Amortization In Income Statement": 11989811000.0,
        "Amortization": 6127150000.0,
        "Amortization Of Intangibles Income Statement": 6127150000.0,
        "Depreciation Income Statement": 5862661000.0,
        "Selling General And Administration": 95817310000.0,
        "Selling And Marketing Expense": 10256317000.0,
        "General And Administrative Expense": 85560993000.0,
        "Other Gand A": 15435467000.0,
        "Insurance And Claims": 1023192000.0,
        "Rent And Landing Fees": 34259000.0,
        "Salaries And Wages": 69068075000.0,
        "Total Revenue": 161312648000.0,
        "Operating Revenue": 161312648000.0,
        "Professional Expense And Contract Services Expense": NaN,
        "Other Non Interest Expense": 25130618000.0
    }
}