{
    "2023-03-31": {
        "Tax Effect Of Unusual Items": NaN,
        "Tax Rate For Calcs": NaN,
        "Normalized EBITDA": NaN,
        "Total Unusual Items": NaN,
        "Total Unusual Items Excluding Goodwill": NaN,
        "Net Income From Continuing Operation Net Minority Interest": NaN,
        "Reconciled Depreciation": NaN,
        "Reconciled Cost Of Revenue": NaN,
        "EBITDA": NaN,
        "EBIT": NaN,
        "Net Interest Income": NaN,
        "Interest Expense": NaN,
        "Normalized Income": NaN,
        "Net Income From Continuing And Discontinued Operation": NaN,
        "Total Expenses": NaN,
        "Total Operating Income As Reported": NaN,
        "Diluted Average Shares": 14535222.0,
        "Basic Average Shares": 14131276.0,
        "Diluted EPS": 0.31,
        "Basic EPS": 0.32,
        "Diluted NI Availto Com Stockholders": NaN,
        "Net Income Common Stockholders": NaN,
        "Net Income": NaN,
        "Minority Interests": NaN,
        "Net Income Including Noncontrolling Interests": NaN,
        "Net Income Continuous Operations": NaN,
        "Tax Provision": 0.0,
        "Pretax Income": NaN,
        "Other Income Expense": NaN,
        "Other Non Operating Income Expenses": NaN,
        "Special Income Charges": NaN,
        "Earnings From Equity Interest": NaN,
        "Net Non Operating Interest Income Expense": NaN,
        "Interest Expense Non Operating": NaN,
        "Operating Income": NaN,
        "Operating Expense": NaN,
        "Depreciation Amortization Depletion Income Statement": NaN,
        "Depreciation And Amortization In Income Statement": NaN,
        "Selling General And Administration": NaN,
        "Selling And Marketing Expense": NaN,
        "General And Administrative Expense": NaN,
        "Other Gand A": NaN,
        "Insurance And Claims": NaN,
        "Salaries And Wages": NaN,
        "Gross Profit": NaN,
        "Cost Of Revenue": NaN,
        "Total Revenue": NaN,
        "Operating Revenue": NaN
    },
    "2022-12-31": {
        "Tax Effect Of Unusual Items": NaN,
        "Tax Rate For Calcs": NaN,
        "Normalized EBITDA": NaN,
        "Total Unusual Items": 7767.0,
        "Total Unusual Items Excluding Goodwill": 7767.0,
        "Net Income From Continuing Operation Net Minority Interest": NaN,
        "Reconciled Depreciation": NaN,
        "Reconciled Cost Of Revenue": NaN,
        "EBITDA": NaN,
        "EBIT": NaN,
        "Net Interest Income": NaN,
        "Interest Expense": NaN,
        "Normalized Income": NaN,
        "Net Income From Continuing And Discontinued Operation": NaN,
        "Total Expenses": NaN,
        "Total Operating Income As Reported": NaN,
        "Diluted Average Shares": NaN,
        "Basic Average Shares": NaN,
        "Diluted EPS": NaN,
        "Basic EPS": NaN,
        "Diluted NI Availto Com Stockholders": NaN,
        "Net Income Common Stockholders": NaN,
        "Net Income": NaN,
        "Minority Interests": NaN,
        "Net Income Including Noncontrolling Interests": NaN,
        "Net Income Continuous Operations": NaN,
        "Tax Provision": NaN,
        "Pretax Income": NaN,
        "Other Income Expense": NaN,
        "Other Non Operating Income Expenses": NaN,
        "Special Income Charges": 7767.0,
        "Gain On Sale Of Business": 0.0,
        "Other Special Charges": 0.0,
        "Earnings From Equity Interest": NaN,
        "Net Non Operating Interest Income Expense": NaN,
        "Interest Expense Non Operating": NaN,
        "Operating Income": NaN,
        "Operating Expense": NaN,
        "Depreciation Amortization Depletion Income Statement": NaN,
        "Depreciation And Amortization In Income Statement": NaN,
        "Selling General And Administration": NaN,
        "Selling And Marketing Expense": NaN,
        "General And Administrative Expense": NaN,
        "Other Gand A": NaN,
        "Insurance And Claims": NaN,
        "Salaries And Wages": NaN,
        "Gross Profit": NaN,
        "Cost Of Revenue": NaN,
        "Total Revenue": NaN,
        "Operating Revenue": NaN
    },
    "2022-09-30": {
        "Tax Effect Of Unusual Items": NaN,
        "Tax Rate For Calcs": NaN,
        "Normalized EBITDA": NaN,
        "Total Unusual Items": 0.0,
        "Total Unusual Items Excluding Goodwill": 0.0,
        "Net Income From Continuing Operation Net Minority Interest": NaN,
        "Reconciled Depreciation": NaN,
        "Reconciled Cost Of Revenue": NaN,
        "EBITDA": NaN,
        "EBIT": NaN,
        "Net Interest Income": NaN,
        "Interest Expense": NaN,
        "Normalized Income": NaN,
        "Net Income From Continuing And Discontinued Operation": NaN,
        "Total Expenses": NaN,
        "Total Operating Income As Reported": NaN,
        "Diluted Average Shares": 12443052.0,
        "Basic Average Shares": 12443052.0,
        "Diluted EPS": -0.12,
        "Basic EPS": -0.12,
        "Diluted NI Availto Com Stockholders": NaN,
        "Net Income Common Stockholders": NaN,
        "Net Income": NaN,
        "Minority Interests": NaN,
        "Net Income Including Noncontrolling Interests": NaN,
        "Net Income Continuous Operations": NaN,
        "Tax Provision": NaN,
        "Pretax Income": NaN,
        "Other Income Expense": NaN,
        "Special Income Charges": 0.0,
        "Gain On Sale Of Business": 0.0,
        "Other Special Charges": NaN,
        "Earnings From Equity Interest": NaN,
        "Net Non Operating Interest Income Expense": NaN,
        "Interest Expense Non Operating": NaN,
        "Operating Income": NaN,
        "Operating Expense": NaN,
        "Depreciation Amortization Depletion Income Statement": NaN,
        "Depreciation And Amortization In Income Statement": NaN,
        "Selling General And Administration": NaN,
        "Selling And Marketing Expense": NaN,
        "General And Administrative Expense": NaN,
        "Other Gand A": NaN,
        "Insurance And Claims": NaN,
        "Salaries And Wages": NaN,
        "Gross Profit": NaN,
        "Cost Of Revenue": NaN,
        "Total Revenue": NaN,
        "Operating Revenue": NaN
    },
    "2022-06-30": {
        "Tax Effect Of Unusual Items": 0.0,
        "Tax Rate For Calcs": 0.0,
        "Normalized EBITDA": -610116.0,
        "Total Unusual Items": 524143.0,
        "Total Unusual Items Excluding Goodwill": 524143.0,
        "Net Income From Continuing Operation Net Minority Interest": -973037.0,
        "Reconciled Depreciation": 201903.0,
        "Reconciled Cost Of Revenue": 25803811.0,
        "EBITDA": -85973.0,
        "EBIT": -287876.0,
        "Net Interest Income": -604067.0,
        "Interest Expense": 604067.0,
        "Normalized Income": -1497180.0,
        "Net Income From Continuing And Discontinued Operation": -973037.0,
        "Total Expenses": 28852682.0,
        "Total Operating Income As Reported": -847538.0,
        "Diluted Average Shares": 12268669.0,
        "Basic Average Shares": 12268669.0,
        "Diluted EPS": -0.08,
        "Basic EPS": -0.08,
        "Diluted NI Availto Com Stockholders": -973037.0,
        "Net Income Common Stockholders": -973037.0,
        "Net Income": -973037.0,
        "Minority Interests": -81094.0,
        "Net Income Including Noncontrolling Interests": -891943.0,
        "Net Income Continuous Operations": -891943.0,
        "Pretax Income": -891943.0,
        "Other Income Expense": 559662.0,
        "Special Income Charges": 524143.0,
        "Gain On Sale Of Business": NaN,
        "Other Special Charges": -524143.0,
        "Earnings From Equity Interest": 35519.0,
        "Net Non Operating Interest Income Expense": -604067.0,
        "Interest Expense Non Operating": 604067.0,
        "Operating Income": -847538.0,
        "Operating Expense": 3038529.0,
        "Depreciation Amortization Depletion Income Statement": 191561.0,
        "Depreciation And Amortization In Income Statement": 191561.0,
        "Selling General And Administration": 2846968.0,
        "Selling And Marketing Expense": 52524.0,
        "General And Administrative Expense": 2794444.0,
        "Other Gand A": 1940484.0,
        "Insurance And Claims": NaN,
        "Salaries And Wages": 853960.0,
        "Gross Profit": 2190991.0,
        "Cost Of Revenue": 25814153.0,
        "Total Revenue": 28005144.0,
        "Operating Revenue": 28005144.0
    },
    "2022-03-31": {
        "Diluted EPS": -0.1,
        "Total Revenue": 21,
        "Gross Profit": 3,
        "Operating Income": -1,
        "EBIT": -1,
        "Net Income": -1
    },
    "2021-12-31": {
        "Diluted EPS": -0.66,
        "Total Revenue": 14,
        "Gross Profit": 2,
        "Operating Income": -1,
        "EBIT": 0,
        "Net Income": -7
    },
    "2021-09-30": {
        "Diluted EPS": -0.51,
        "Total Revenue": 15,
        "Gross Profit": 2,
        "Operating Income": -1,
        "EBIT": 0,
        "Net Income": -2
    },
    "2021-06-30": {
        "Diluted EPS": -0.07,
        "Total Revenue": 11,
        "Gross Profit": 1,
        "Operating Income": -1,
        "EBIT": -1,
        "Net Income": 0
    },
    "2021-03-31": {
        "Diluted EPS": -1.85,
        "Total Revenue": 11,
        "Gross Profit": 1,
        "Operating Income": -2,
        "EBIT": -1,
        "Net Income": -5
    },
    "2020-12-31": {
        "Diluted EPS": -3.88,
        "Total Revenue": 11,
        "Gross Profit": 0,
        "Operating Income": -2,
        "EBIT": -1,
        "Net Income": -3
    },
    "2020-09-30": {
        "Diluted EPS": -1.09,
        "Total Revenue": 13,
        "Gross Profit": 2,
        "Operating Income": -2,
        "EBIT": -1,
        "Net Income": -3
    },
    "2020-06-30": {
        "Diluted EPS": -0.02,
        "Total Revenue": 15,
        "Gross Profit": 0,
        "Operating Income": -4,
        "EBIT": -3,
        "Net Income": -2
    },
    "2020-03-31": {
        "Diluted EPS": -0.03,
        "Total Revenue": 16,
        "Gross Profit": 1,
        "Operating Income": -3,
        "EBIT": -2,
        "Net Income": -3
    },
    "2019-12-31": {
        "Diluted EPS": -0.03,
        "Total Revenue": 13,
        "Gross Profit": -1,
        "Operating Income": -3,
        "EBIT": -3,
        "Net Income": -3
    },
    "2019-09-30": {
        "Diluted EPS": -0.01,
        "Total Revenue": 5,
        "Gross Profit": 2,
        "Operating Income": -1,
        "EBIT": -1,
        "Net Income": -1
    },
    "2019-06-30": {
        "Diluted EPS": -0.03,
        "Total Revenue": 3,
        "Gross Profit": 1,
        "Operating Income": -3,
        "EBIT": -3,
        "Net Income": -2
    },
    "2019-03-31": {
        "Diluted EPS": -0.02,
        "Total Revenue": 4,
        "Gross Profit": 1,
        "Operating Income": -1,
        "EBIT": -1,
        "Net Income": -2
    },
    "2018-12-31": {
        "Diluted EPS": -0.03,
        "Total Revenue": 4,
        "Gross Profit": 1,
        "Operating Income": -1,
        "EBIT": -1,
        "Net Income": -1
    },
    "2018-09-30": {
        "Diluted EPS": 0.0,
        "Total Revenue": 4,
        "Gross Profit": 2,
        "Operating Income": 0,
        "EBIT": 0,
        "Net Income": 0
    },
    "2018-06-30": {
        "Diluted EPS": 0.0,
        "Total Revenue": 4,
        "Gross Profit": 2,
        "Operating Income": 0,
        "EBIT": 0,
        "Net Income": 0
    },
    "2018-03-31": {
        "Diluted EPS": 0.01,
        "Total Revenue": 3,
        "Gross Profit": 2,
        "Operating Income": 0,
        "EBIT": 0,
        "Net Income": 0
    },
    "2017-12-31": {
        "Diluted EPS": 0.0,
        "Total Revenue": NaN,
        "Gross Profit": NaN,
        "Operating Income": NaN,
        "EBIT": NaN,
        "Net Income": NaN
    },
    "2023-06-30": {
        "Tax Effect Of Unusual Items": NaN,
        "Tax Rate For Calcs": NaN,
        "Normalized EBITDA": NaN,
        "Total Unusual Items": 0.0,
        "Total Unusual Items Excluding Goodwill": 0.0,
        "Net Income From Continuing Operation Net Minority Interest": NaN,
        "Reconciled Depreciation": NaN,
        "Reconciled Cost Of Revenue": NaN,
        "EBITDA": NaN,
        "EBIT": NaN,
        "Net Interest Income": NaN,
        "Interest Expense": NaN,
        "Interest Income": NaN,
        "Normalized Income": NaN,
        "Net Income From Continuing And Discontinued Operation": NaN,
        "Total Expenses": NaN,
        "Total Operating Income As Reported": NaN,
        "Diluted Average Shares": 15076466.0,
        "Basic Average Shares": 14191083.0,
        "Diluted EPS": 0.4,
        "Basic EPS": 0.42,
        "Diluted NI Availto Com Stockholders": NaN,
        "Net Income Common Stockholders": NaN,
        "Net Income": NaN,
        "Minority Interests": NaN,
        "Net Income Including Noncontrolling Interests": NaN,
        "Net Income Continuous Operations": NaN,
        "Tax Provision": 0.0,
        "Pretax Income": NaN,
        "Other Income Expense": NaN,
        "Other Non Operating Income Expenses": NaN,
        "Special Income Charges": 0.0,
        "Other Special Charges": NaN,
        "Earnings From Equity Interest": NaN,
        "Gain On Sale Of Security": NaN,
        "Net Non Operating Interest Income Expense": NaN,
        "Interest Expense Non Operating": NaN,
        "Interest Income Non Operating": NaN,
        "Operating Income": NaN,
        "Operating Expense": NaN,
        "Depreciation Amortization Depletion Income Statement": NaN,
        "Depreciation And Amortization In Income Statement": NaN,
        "Selling General And Administration": NaN,
        "Selling And Marketing Expense": NaN,
        "General And Administrative Expense": NaN,
        "Other Gand A": NaN,
        "Insurance And Claims": NaN,
        "Salaries And Wages": NaN,
        "Gross Profit": NaN,
        "Cost Of Revenue": NaN,
        "Total Revenue": NaN,
        "Operating Revenue": NaN
    },
    "2023-09-30": {
        "Tax Effect Of Unusual Items": 0.0,
        "Tax Rate For Calcs": 0.0,
        "Normalized EBITDA": 7420423.0,
        "Total Unusual Items": 0.0,
        "Total Unusual Items Excluding Goodwill": 0.0,
        "Net Income From Continuing Operation Net Minority Interest": 7084301.0,
        "Reconciled Depreciation": 276957.0,
        "Reconciled Cost Of Revenue": 23669315.0,
        "EBITDA": 7420423.0,
        "EBIT": 7143466.0,
        "Net Interest Income": -130335.0,
        "Interest Expense": 130335.0,
        "Interest Income": 0.0,
        "Normalized Income": 7084301.0,
        "Net Income From Continuing And Discontinued Operation": 7084301.0,
        "Total Expenses": 27069262.0,
        "Total Operating Income As Reported": 7091572.0,
        "Diluted Average Shares": 14507984.0,
        "Basic Average Shares": 14291263.0,
        "Diluted EPS": 0.49,
        "Basic EPS": 0.5,
        "Diluted NI Availto Com Stockholders": 7084301.0,
        "Net Income Common Stockholders": 7084301.0,
        "Net Income": 7084301.0,
        "Minority Interests": 71170.0,
        "Net Income Including Noncontrolling Interests": 7013131.0,
        "Net Income Continuous Operations": 7013131.0,
        "Tax Provision": 0.0,
        "Pretax Income": 7013131.0,
        "Other Income Expense": 51894.0,
        "Other Non Operating Income Expenses": NaN,
        "Special Income Charges": 0.0,
        "Other Special Charges": NaN,
        "Earnings From Equity Interest": 51894.0,
        "Gain On Sale Of Security": NaN,
        "Net Non Operating Interest Income Expense": -130335.0,
        "Interest Expense Non Operating": 130335.0,
        "Interest Income Non Operating": 0.0,
        "Operating Income": 7091572.0,
        "Operating Expense": 3389015.0,
        "Depreciation Amortization Depletion Income Statement": 266025.0,
        "Depreciation And Amortization In Income Statement": 266025.0,
        "Selling General And Administration": 3122990.0,
        "Selling And Marketing Expense": 89069.0,
        "General And Administrative Expense": 3033921.0,
        "Other Gand A": 1775919.0,
        "Insurance And Claims": 339780.0,
        "Salaries And Wages": 918222.0,
        "Gross Profit": 10480587.0,
        "Cost Of Revenue": 23680247.0,
        "Total Revenue": 34160834.0,
        "Operating Revenue": 34160834.0
    },
    "2023-12-31": {
        "Tax Effect Of Unusual Items": 0.0,
        "Tax Rate For Calcs": 0.21,
        "Normalized EBITDA": 1157898.0,
        "Total Unusual Items": 0.0,
        "Total Unusual Items Excluding Goodwill": 0.0,
        "Net Income From Continuing Operation Net Minority Interest": 3021269.0,
        "Reconciled Depreciation": 277082.0,
        "Reconciled Cost Of Revenue": 24865372.0,
        "EBITDA": 1157898.0,
        "EBIT": 880816.0,
        "Net Interest Income": -117047.0,
        "Interest Expense": 117047.0,
        "Interest Income": NaN,
        "Normalized Income": 3021269.0,
        "Net Income From Continuing And Discontinued Operation": 3021269.0,
        "Total Expenses": 31451873.0,
        "Total Operating Income As Reported": 866249.0,
        "Diluted Average Shares": NaN,
        "Basic Average Shares": NaN,
        "Diluted EPS": NaN,
        "Basic EPS": NaN,
        "Diluted NI Availto Com Stockholders": 3021269.0,
        "Net Income Common Stockholders": 3021269.0,
        "Net Income": 3021269.0,
        "Minority Interests": -7500.0,
        "Net Income Including Noncontrolling Interests": 3028769.0,
        "Net Income Continuous Operations": 3028769.0,
        "Tax Provision": NaN,
        "Pretax Income": 763769.0,
        "Other Income Expense": 14567.0,
        "Other Non Operating Income Expenses": NaN,
        "Special Income Charges": 0.0,
        "Other Special Charges": NaN,
        "Earnings From Equity Interest": 14567.0,
        "Gain On Sale Of Security": NaN,
        "Net Non Operating Interest Income Expense": -117047.0,
        "Interest Expense Non Operating": 117047.0,
        "Interest Income Non Operating": NaN,
        "Operating Income": 866249.0,
        "Operating Expense": 6575444.0,
        "Depreciation Amortization Depletion Income Statement": 266025.0,
        "Depreciation And Amortization In Income Statement": 266025.0,
        "Selling General And Administration": 6309419.0,
        "Selling And Marketing Expense": 14918.0,
        "General And Administrative Expense": 6294501.0,
        "Other Gand A": 3102520.0,
        "Insurance And Claims": 258521.0,
        "Salaries And Wages": 2933460.0,
        "Gross Profit": 7441693.0,
        "Cost Of Revenue": 24876429.0,
        "Total Revenue": 32318122.0,
        "Operating Revenue": 32318122.0
    },
    "2024-03-31": {
        "Tax Effect Of Unusual Items": 0.0,
        "Tax Rate For Calcs": 0.2586,
        "Normalized EBITDA": 2080844.0,
        "Total Unusual Items": NaN,
        "Total Unusual Items Excluding Goodwill": NaN,
        "Net Income From Continuing Operation Net Minority Interest": 1224595.0,
        "Reconciled Depreciation": 312830.0,
        "Reconciled Cost Of Revenue": 23223105.0,
        "EBITDA": 2080844.0,
        "EBIT": 1768014.0,
        "Net Interest Income": -132583.0,
        "Interest Expense": 132583.0,
        "Interest Income": NaN,
        "Normalized Income": 1224595.0,
        "Net Income From Continuing And Discontinued Operation": 1224595.0,
        "Total Expenses": 29677274.0,
        "Total Operating Income As Reported": 1751861.0,
        "Diluted Average Shares": 18678136.0,
        "Basic Average Shares": 17693283.0,
        "Diluted EPS": 0.07,
        "Basic EPS": 0.07,
        "Diluted NI Availto Com Stockholders": 1224595.0,
        "Net Income Common Stockholders": 1224595.0,
        "Net Income": 1224595.0,
        "Minority Interests": 12164.0,
        "Net Income Including Noncontrolling Interests": 1212431.0,
        "Net Income Continuous Operations": 1212431.0,
        "Tax Provision": 423000.0,
        "Pretax Income": 1635431.0,
        "Other Income Expense": 16153.0,
        "Other Non Operating Income Expenses": NaN,
        "Special Income Charges": NaN,
        "Other Special Charges": NaN,
        "Earnings From Equity Interest": 16153.0,
        "Gain On Sale Of Security": NaN,
        "Net Non Operating Interest Income Expense": -132583.0,
        "Interest Expense Non Operating": 132583.0,
        "Interest Income Non Operating": NaN,
        "Operating Income": 1751861.0,
        "Operating Expense": 6430806.0,
        "Depreciation Amortization Depletion Income Statement": 289467.0,
        "Depreciation And Amortization In Income Statement": 289467.0,
        "Selling General And Administration": 6141339.0,
        "Selling And Marketing Expense": 16806.0,
        "General And Administrative Expense": 6124533.0,
        "Other Gand A": 2652630.0,
        "Insurance And Claims": 283875.0,
        "Salaries And Wages": 3188028.0,
        "Gross Profit": 8182667.0,
        "Cost Of Revenue": 23246468.0,
        "Total Revenue": 31429135.0,
        "Operating Revenue": 31429135.0
    },
    "2024-06-30": {
        "Tax Effect Of Unusual Items": 0.0,
        "Tax Rate For Calcs": 0.21,
        "Normalized EBITDA": -9908375.0,
        "Total Unusual Items": NaN,
        "Total Unusual Items Excluding Goodwill": NaN,
        "Net Income From Continuing Operation Net Minority Interest": -12865765.0,
        "Reconciled Depreciation": 313099.0,
        "Reconciled Cost Of Revenue": 18505143.0,
        "EBITDA": -9908375.0,
        "EBIT": -10221474.0,
        "Net Interest Income": -116722.0,
        "Interest Expense": 116722.0,
        "Interest Income": NaN,
        "Normalized Income": -12865765.0,
        "Net Income From Continuing And Discontinued Operation": -12865765.0,
        "Total Expenses": 25961752.0,
        "Total Operating Income As Reported": -10876053.0,
        "Diluted Average Shares": 19431549.0,
        "Basic Average Shares": 19431549.0,
        "Diluted EPS": -0.66,
        "Basic EPS": -0.66,
        "Diluted NI Availto Com Stockholders": -12865765.0,
        "Net Income Common Stockholders": -12865765.0,
        "Net Income": -12865765.0,
        "Minority Interests": 19431.0,
        "Net Income Including Noncontrolling Interests": -12885196.0,
        "Net Income Continuous Operations": -12885196.0,
        "Tax Provision": 2547000.0,
        "Pretax Income": -10338196.0,
        "Other Income Expense": 654579.0,
        "Other Non Operating Income Expenses": 636868.0,
        "Special Income Charges": NaN,
        "Other Special Charges": NaN,
        "Earnings From Equity Interest": 17711.0,
        "Gain On Sale Of Security": NaN,
        "Net Non Operating Interest Income Expense": -116722.0,
        "Interest Expense Non Operating": 116722.0,
        "Interest Income Non Operating": NaN,
        "Operating Income": -10876053.0,
        "Operating Expense": 7432978.0,
        "Depreciation Amortization Depletion Income Statement": 289468.0,
        "Depreciation And Amortization In Income Statement": 289468.0,
        "Selling General And Administration": 7143510.0,
        "Selling And Marketing Expense": 11045.0,
        "General And Administrative Expense": 7132465.0,
        "Other Gand A": 2422851.0,
        "Insurance And Claims": 288500.0,
        "Salaries And Wages": 4421114.0,
        "Gross Profit": -3443075.0,
        "Cost Of Revenue": 18528774.0,
        "Total Revenue": 15085699.0,
        "Operating Revenue": 15085699.0
    },
    "2024-09-30": {
        "Tax Effect Of Unusual Items": 0.0,
        "Tax Rate For Calcs": 0.0,
        "Normalized EBITDA": -13791057.0,
        "Total Unusual Items": -69944.0,
        "Total Unusual Items Excluding Goodwill": -69944.0,
        "Net Income From Continuing Operation Net Minority Interest": -14275347.0,
        "Reconciled Depreciation": 305929.0,
        "Reconciled Cost Of Revenue": 12578195.0,
        "EBITDA": -13861001.0,
        "EBIT": -14166930.0,
        "Net Interest Income": 70723.0,
        "Interest Expense": 112814.0,
        "Interest Income": 183537.0,
        "Normalized Income": -14205403.0,
        "Net Income From Continuing And Discontinued Operation": -14275347.0,
        "Total Expenses": 19050459.0,
        "Total Operating Income As Reported": -14280762.0,
        "Diluted Average Shares": 19689010.0,
        "Basic Average Shares": 19689010.0,
        "Diluted EPS": -0.73,
        "Basic EPS": -0.73,
        "Diluted NI Availto Com Stockholders": -14275347.0,
        "Net Income Common Stockholders": -14275347.0,
        "Net Income": -14275347.0,
        "Minority Interests": 4397.0,
        "Net Income Including Noncontrolling Interests": -14279744.0,
        "Net Income Continuous Operations": -14279744.0,
        "Tax Provision": 0.0,
        "Pretax Income": -14279744.0,
        "Other Income Expense": -69705.0,
        "Other Non Operating Income Expenses": 239.0,
        "Special Income Charges": -194862.0,
        "Other Special Charges": 194862.0,
        "Earnings From Equity Interest": 0.0,
        "Gain On Sale Of Security": 124918.0,
        "Net Non Operating Interest Income Expense": 70723.0,
        "Interest Expense Non Operating": 112814.0,
        "Interest Income Non Operating": 183537.0,
        "Operating Income": -14280762.0,
        "Operating Expense": 6448402.0,
        "Depreciation Amortization Depletion Income Statement": 282067.0,
        "Depreciation And Amortization In Income Statement": 282067.0,
        "Selling General And Administration": 6166335.0,
        "Selling And Marketing Expense": 14351.0,
        "General And Administrative Expense": 6151984.0,
        "Other Gand A": 2589786.0,
        "Insurance And Claims": 248878.0,
        "Salaries And Wages": 3313320.0,
        "Gross Profit": -7832360.0,
        "Cost Of Revenue": 12602057.0,
        "Total Revenue": 4769697.0,
        "Operating Revenue": 4769697.0
    }
}