{
    "2023-04-30": {
        "Tax Effect Of Unusual Items": NaN,
        "Tax Rate For Calcs": NaN,
        "Normalized EBITDA": NaN,
        "Net Income From Continuing Operation Net Minority Interest": NaN,
        "Reconciled Depreciation": NaN,
        "Reconciled Cost Of Revenue": NaN,
        "EBITDA": NaN,
        "EBIT": NaN,
        "Net Interest Income": NaN,
        "Interest Expense": -1030000.0,
        "Interest Income": NaN,
        "Normalized Income": NaN,
        "Net Income From Continuing And Discontinued Operation": NaN,
        "Total Expenses": NaN,
        "Total Operating Income As Reported": NaN,
        "Diluted Average Shares": NaN,
        "Basic Average Shares": NaN,
        "Diluted EPS": NaN,
        "Basic EPS": NaN,
        "Diluted NI Availto Com Stockholders": NaN,
        "Average Dilution Earnings": NaN,
        "Net Income Common Stockholders": NaN,
        "Net Income": NaN,
        "Net Income Including Noncontrolling Interests": NaN,
        "Net Income Continuous Operations": NaN,
        "Tax Provision": NaN,
        "Pretax Income": NaN,
        "Other Income Expense": NaN,
        "Other Non Operating Income Expenses": NaN,
        "Net Non Operating Interest Income Expense": NaN,
        "Total Other Finance Cost": NaN,
        "Interest Expense Non Operating": -1030000.0,
        "Interest Income Non Operating": NaN,
        "Operating Income": NaN,
        "Operating Expense": NaN,
        "Research And Development": NaN,
        "Selling General And Administration": NaN,
        "Selling And Marketing Expense": NaN,
        "General And Administrative Expense": NaN,
        "Other Gand A": NaN,
        "Gross Profit": NaN,
        "Cost Of Revenue": NaN,
        "Total Revenue": NaN,
        "Operating Revenue": NaN
    },
    "2023-01-31": {
        "Tax Effect Of Unusual Items": NaN,
        "Tax Rate For Calcs": NaN,
        "Normalized EBITDA": NaN,
        "Net Income From Continuing Operation Net Minority Interest": NaN,
        "Reconciled Depreciation": NaN,
        "Reconciled Cost Of Revenue": NaN,
        "EBITDA": NaN,
        "EBIT": NaN,
        "Net Interest Income": NaN,
        "Interest Expense": 508000.0,
        "Interest Income": NaN,
        "Normalized Income": NaN,
        "Net Income From Continuing And Discontinued Operation": NaN,
        "Total Expenses": NaN,
        "Total Operating Income As Reported": NaN,
        "Diluted Average Shares": NaN,
        "Basic Average Shares": NaN,
        "Diluted EPS": NaN,
        "Basic EPS": NaN,
        "Diluted NI Availto Com Stockholders": NaN,
        "Average Dilution Earnings": 0.0,
        "Net Income Common Stockholders": NaN,
        "Net Income": NaN,
        "Net Income Including Noncontrolling Interests": NaN,
        "Net Income Continuous Operations": NaN,
        "Tax Provision": NaN,
        "Pretax Income": NaN,
        "Other Income Expense": NaN,
        "Other Non Operating Income Expenses": NaN,
        "Net Non Operating Interest Income Expense": NaN,
        "Total Other Finance Cost": NaN,
        "Interest Expense Non Operating": 508000.0,
        "Interest Income Non Operating": NaN,
        "Operating Income": NaN,
        "Operating Expense": NaN,
        "Research And Development": NaN,
        "Selling General And Administration": NaN,
        "Selling And Marketing Expense": NaN,
        "General And Administrative Expense": NaN,
        "Other Gand A": NaN,
        "Gross Profit": NaN,
        "Cost Of Revenue": NaN,
        "Total Revenue": NaN,
        "Operating Revenue": NaN
    },
    "2022-10-31": {
        "Tax Effect Of Unusual Items": NaN,
        "Tax Rate For Calcs": NaN,
        "Normalized EBITDA": NaN,
        "Net Income From Continuing Operation Net Minority Interest": NaN,
        "Reconciled Depreciation": NaN,
        "Reconciled Cost Of Revenue": NaN,
        "EBITDA": NaN,
        "EBIT": NaN,
        "Net Interest Income": NaN,
        "Interest Expense": 420000.0,
        "Interest Income": NaN,
        "Normalized Income": NaN,
        "Net Income From Continuing And Discontinued Operation": NaN,
        "Total Expenses": NaN,
        "Total Operating Income As Reported": NaN,
        "Diluted Average Shares": NaN,
        "Basic Average Shares": NaN,
        "Diluted EPS": NaN,
        "Basic EPS": NaN,
        "Diluted NI Availto Com Stockholders": NaN,
        "Average Dilution Earnings": NaN,
        "Net Income Common Stockholders": NaN,
        "Net Income": NaN,
        "Net Income Including Noncontrolling Interests": NaN,
        "Net Income Continuous Operations": NaN,
        "Tax Provision": NaN,
        "Pretax Income": NaN,
        "Other Income Expense": NaN,
        "Other Non Operating Income Expenses": NaN,
        "Net Non Operating Interest Income Expense": NaN,
        "Interest Expense Non Operating": 420000.0,
        "Interest Income Non Operating": NaN,
        "Operating Income": NaN,
        "Operating Expense": NaN,
        "Research And Development": NaN,
        "Selling General And Administration": NaN,
        "Selling And Marketing Expense": NaN,
        "General And Administrative Expense": NaN,
        "Other Gand A": NaN,
        "Gross Profit": NaN,
        "Cost Of Revenue": NaN,
        "Total Revenue": NaN,
        "Operating Revenue": NaN
    },
    "2022-07-31": {
        "Tax Effect Of Unusual Items": 0.0,
        "Tax Rate For Calcs": 0.203,
        "Normalized EBITDA": 12139000.0,
        "Net Income From Continuing Operation Net Minority Interest": 3312000.0,
        "Reconciled Depreciation": 7549000.0,
        "Reconciled Cost Of Revenue": 52923000.0,
        "EBITDA": 12139000.0,
        "EBIT": 4590000.0,
        "Net Interest Income": -433000.0,
        "Interest Expense": 433000.0,
        "Interest Income": NaN,
        "Normalized Income": 3312000.0,
        "Net Income From Continuing And Discontinued Operation": 3312000.0,
        "Total Expenses": 80477000.0,
        "Total Operating Income As Reported": 3917000.0,
        "Diluted Average Shares": 46102000.0,
        "Basic Average Shares": 45739000.0,
        "Diluted EPS": 0.07,
        "Basic EPS": 0.07,
        "Diluted NI Availto Com Stockholders": 3312000.0,
        "Average Dilution Earnings": NaN,
        "Net Income Common Stockholders": 3312000.0,
        "Net Income": 3312000.0,
        "Net Income Including Noncontrolling Interests": 3312000.0,
        "Net Income Continuous Operations": 3312000.0,
        "Tax Provision": 845000.0,
        "Pretax Income": 4157000.0,
        "Other Income Expense": 673000.0,
        "Other Non Operating Income Expenses": 673000.0,
        "Net Non Operating Interest Income Expense": -433000.0,
        "Total Other Finance Cost": NaN,
        "Interest Expense Non Operating": 433000.0,
        "Interest Income Non Operating": NaN,
        "Operating Income": 3917000.0,
        "Operating Expense": 27554000.0,
        "Research And Development": 1673000.0,
        "Selling General And Administration": 25881000.0,
        "Selling And Marketing Expense": 8027000.0,
        "General And Administrative Expense": 17854000.0,
        "Other Gand A": 17854000.0,
        "Gross Profit": 31471000.0,
        "Cost Of Revenue": 52923000.0,
        "Total Revenue": 84394000.0,
        "Operating Revenue": 84394000.0
    },
    "2022-04-30": {
        "Diluted EPS": 0.81,
        "Total Revenue": 181,
        "Gross Profit": 72,
        "Operating Income": 47,
        "EBIT": 54,
        "Net Income": 36
    },
    "2022-01-31": {
        "Diluted EPS": 0.65,
        "Total Revenue": 178,
        "Gross Profit": 70,
        "Operating Income": 40,
        "EBIT": 47,
        "Net Income": 31
    },
    "2021-10-31": {
        "Diluted EPS": 1.05,
        "Total Revenue": 230,
        "Gross Profit": 102,
        "Operating Income": 65,
        "EBIT": 73,
        "Net Income": 51
    },
    "2021-07-31": {
        "Diluted EPS": 1.57,
        "Total Revenue": 275,
        "Gross Profit": 130,
        "Operating Income": 100,
        "EBIT": 107,
        "Net Income": 77
    },
    "2021-04-30": {
        "Diluted EPS": 1.65,
        "Total Revenue": 323,
        "Gross Profit": 146,
        "Operating Income": 116,
        "EBIT": 124,
        "Net Income": 89
    },
    "2021-01-31": {
        "Diluted EPS": 1.12,
        "Total Revenue": 258,
        "Gross Profit": 110,
        "Operating Income": 80,
        "EBIT": 87,
        "Net Income": 62
    },
    "2020-10-31": {
        "Diluted EPS": 0.92,
        "Total Revenue": 249,
        "Gross Profit": 101,
        "Operating Income": 64,
        "EBIT": 73,
        "Net Income": 52
    },
    "2020-07-31": {
        "Diluted EPS": 0.86,
        "Total Revenue": 230,
        "Gross Profit": 92,
        "Operating Income": 59,
        "EBIT": 67,
        "Net Income": 48
    },
    "2020-04-30": {
        "Diluted EPS": -1.18,
        "Total Revenue": 165,
        "Gross Profit": 50,
        "Operating Income": 37,
        "EBIT": 44,
        "Net Income": -66
    },
    "2020-01-31": {
        "Diluted EPS": 0.1,
        "Total Revenue": 127,
        "Gross Profit": 36,
        "Operating Income": 9,
        "EBIT": 17,
        "Net Income": 6
    },
    "2019-10-31": {
        "Diluted EPS": 0.02,
        "Total Revenue": 114,
        "Gross Profit": 32,
        "Operating Income": 4,
        "EBIT": 6,
        "Net Income": 1
    },
    "2019-07-31": {
        "Diluted EPS": -0.04,
        "Total Revenue": 124,
        "Gross Profit": 48,
        "Operating Income": 1,
        "EBIT": 15,
        "Net Income": -2
    },
    "2019-04-30": {
        "Diluted EPS": 0.17,
        "Total Revenue": 19,
        "Gross Profit": -17,
        "Operating Income": 21,
        "EBIT": 0,
        "Net Income": 10
    },
    "2019-01-31": {
        "Diluted EPS": -0.1,
        "Total Revenue": 162,
        "Gross Profit": 54,
        "Operating Income": -2,
        "EBIT": 22,
        "Net Income": -6
    },
    "2018-10-31": {
        "Diluted EPS": 0.12,
        "Total Revenue": 162,
        "Gross Profit": 56,
        "Operating Income": 11,
        "EBIT": 24,
        "Net Income": 7
    },
    "2018-07-31": {
        "Diluted EPS": 0.14,
        "Total Revenue": 139,
        "Gross Profit": 52,
        "Operating Income": 13,
        "EBIT": 26,
        "Net Income": 8
    },
    "2018-04-30": {
        "Diluted EPS": 0.14,
        "Total Revenue": 172,
        "Gross Profit": 57,
        "Operating Income": 16,
        "EBIT": 30,
        "Net Income": 8
    },
    "2018-01-31": {
        "Diluted EPS": 0.21,
        "Total Revenue": 157,
        "Gross Profit": 47,
        "Operating Income": 6,
        "EBIT": 18,
        "Net Income": 11
    },
    "2017-10-31": {
        "Diluted EPS": 0.06,
        "Total Revenue": 148,
        "Gross Profit": 51,
        "Operating Income": 8,
        "EBIT": 21,
        "Net Income": 3
    },
    "2017-07-31": {
        "Diluted EPS": -0.04,
        "Total Revenue": 129,
        "Gross Profit": 41,
        "Operating Income": -3,
        "EBIT": 11,
        "Net Income": -2
    },
    "2017-04-30": {
        "Diluted EPS": 0.49,
        "Total Revenue": 229,
        "Gross Profit": 91,
        "Operating Income": 45,
        "EBIT": 58,
        "Net Income": 28
    },
    "2017-01-31": {
        "Diluted EPS": 0.57,
        "Total Revenue": 234,
        "Gross Profit": 99,
        "Operating Income": 50,
        "EBIT": 64,
        "Net Income": 32
    },
    "2016-10-31": {
        "Diluted EPS": 0.57,
        "Total Revenue": 234,
        "Gross Profit": 98,
        "Operating Income": 52,
        "EBIT": 66,
        "Net Income": 32
    },
    "2016-07-31": {
        "Diluted EPS": 0.62,
        "Total Revenue": 207,
        "Gross Profit": 88,
        "Operating Income": 53,
        "EBIT": 63,
        "Net Income": 35
    },
    "2016-04-30": {
        "Diluted EPS": 0.64,
        "Total Revenue": 221,
        "Gross Profit": 92,
        "Operating Income": 57,
        "EBIT": 67,
        "Net Income": 36
    },
    "2016-01-31": {
        "Diluted EPS": 0.56,
        "Total Revenue": 211,
        "Gross Profit": 87,
        "Operating Income": 50,
        "EBIT": 60,
        "Net Income": 31
    },
    "2015-10-31": {
        "Diluted EPS": 0.22,
        "Total Revenue": 143,
        "Gross Profit": 56,
        "Operating Income": 22,
        "EBIT": 32,
        "Net Income": 12
    },
    "2015-07-31": {
        "Diluted EPS": 0.26,
        "Total Revenue": 148,
        "Gross Profit": 59,
        "Operating Income": 30,
        "EBIT": 41,
        "Net Income": 14
    },
    "2015-04-30": {
        "Diluted EPS": 0.4,
        "Total Revenue": 181,
        "Gross Profit": 67,
        "Operating Income": 38,
        "EBIT": 47,
        "Net Income": 22
    },
    "2015-01-31": {
        "Diluted EPS": 0.15,
        "Total Revenue": 131,
        "Gross Profit": 44,
        "Operating Income": 16,
        "EBIT": 24,
        "Net Income": 8
    },
    "2014-10-31": {
        "Diluted EPS": 0.09,
        "Total Revenue": 108,
        "Gross Profit": 35,
        "Operating Income": 11,
        "EBIT": 18,
        "Net Income": 5
    },
    "2014-07-31": {
        "Diluted EPS": 0.26,
        "Total Revenue": 132,
        "Gross Profit": 49,
        "Operating Income": 26,
        "EBIT": 32,
        "Net Income": 15
    },
    "2014-04-30": {
        "Diluted EPS": 0.45,
        "Total Revenue": 170,
        "Gross Profit": 70,
        "Operating Income": 43,
        "EBIT": 49,
        "Net Income": 25
    },
    "2014-01-31": {
        "Diluted EPS": 0.36,
        "Total Revenue": 146,
        "Gross Profit": 59,
        "Operating Income": 31,
        "EBIT": 36,
        "Net Income": 21
    },
    "2013-10-31": {
        "Diluted EPS": 0.28,
        "Total Revenue": 139,
        "Gross Profit": 58,
        "Operating Income": 29,
        "EBIT": 34,
        "Net Income": 17
    },
    "2013-07-31": {
        "Diluted EPS": 0.4,
        "Total Revenue": 171,
        "Gross Profit": 73,
        "Operating Income": 48,
        "EBIT": 54,
        "Net Income": 26
    },
    "2013-04-30": {
        "Diluted EPS": 0.38,
        "Total Revenue": 179,
        "Gross Profit": 68,
        "Operating Income": 47,
        "EBIT": 52,
        "Net Income": 25
    },
    "2013-01-31": {
        "Diluted EPS": 0.22,
        "Total Revenue": 136,
        "Gross Profit": 50,
        "Operating Income": 28,
        "EBIT": 32,
        "Net Income": 15
    },
    "2012-10-31": {
        "Diluted EPS": 0.31,
        "Total Revenue": 137,
        "Gross Profit": 48,
        "Operating Income": 27,
        "EBIT": 31,
        "Net Income": 21
    },
    "2012-07-31": {
        "Diluted EPS": 0.27,
        "Total Revenue": 136,
        "Gross Profit": 51,
        "Operating Income": 31,
        "EBIT": 35,
        "Net Income": 18
    },
    "2012-04-30": {
        "Diluted EPS": 0.19,
        "Total Revenue": 130,
        "Gross Profit": 47,
        "Operating Income": 26,
        "EBIT": 30,
        "Net Income": 12
    },
    "2012-01-31": {
        "Diluted EPS": 0.07,
        "Total Revenue": 98,
        "Gross Profit": 30,
        "Operating Income": 10,
        "EBIT": 14,
        "Net Income": 4
    },
    "2011-10-31": {
        "Diluted EPS": -0.02,
        "Total Revenue": 92,
        "Gross Profit": 25,
        "Operating Income": 3,
        "EBIT": 8,
        "Net Income": -2
    },
    "2011-07-31": {
        "Diluted EPS": 0.01,
        "Total Revenue": 92,
        "Gross Profit": 27,
        "Operating Income": 6,
        "EBIT": 9,
        "Net Income": 1
    },
    "2011-04-30": {
        "Diluted EPS": 0.06,
        "Total Revenue": 85,
        "Gross Profit": 28,
        "Operating Income": 8,
        "EBIT": 11,
        "Net Income": 1
    },
    "2011-01-31": {
        "Diluted EPS": -0.88,
        "Total Revenue": 79,
        "Gross Profit": 19,
        "Operating Income": -2,
        "EBIT": 2,
        "Net Income": -53
    },
    "2010-10-31": {
        "Diluted EPS": -0.58,
        "Total Revenue": 84,
        "Gross Profit": 25,
        "Operating Income": 5,
        "EBIT": 8,
        "Net Income": -37
    },
    "2010-07-31": {
        "Diluted EPS": 0.1,
        "Total Revenue": 95,
        "Gross Profit": 32,
        "Operating Income": 7,
        "EBIT": 10,
        "Net Income": 6
    },
    "2010-04-30": {
        "Diluted EPS": 0.05,
        "Total Revenue": 56,
        "Gross Profit": 21,
        "Operating Income": 7,
        "EBIT": 10,
        "Net Income": 3
    },
    "2010-01-31": {
        "Diluted EPS": 0.05,
        "Total Revenue": 91,
        "Gross Profit": 27,
        "Operating Income": 4,
        "EBIT": 8,
        "Net Income": 3
    },
    "2009-10-31": {
        "Diluted EPS": 0.22,
        "Total Revenue": 110,
        "Gross Profit": 36,
        "Operating Income": 13,
        "EBIT": 17,
        "Net Income": 14
    },
    "2009-07-31": {
        "Diluted EPS": 0.21,
        "Total Revenue": 102,
        "Gross Profit": 35,
        "Operating Income": 16,
        "EBIT": 19,
        "Net Income": 12
    },
    "2009-04-30": {
        "Diluted EPS": 0.15,
        "Total Revenue": 100,
        "Gross Profit": 31,
        "Operating Income": 12,
        "EBIT": 15,
        "Net Income": 7
    },
    "2009-01-31": {
        "Diluted EPS": 0.05,
        "Total Revenue": 84,
        "Gross Profit": 22,
        "Operating Income": 5,
        "EBIT": 7,
        "Net Income": 2
    },
    "2023-07-31": {
        "Tax Effect Of Unusual Items": NaN,
        "Tax Rate For Calcs": NaN,
        "Normalized EBITDA": NaN,
        "Net Income From Continuing Operation Net Minority Interest": NaN,
        "Reconciled Depreciation": NaN,
        "Reconciled Cost Of Revenue": NaN,
        "EBITDA": NaN,
        "EBIT": NaN,
        "Net Interest Income": NaN,
        "Interest Expense": NaN,
        "Interest Income": 153000.0,
        "Normalized Income": NaN,
        "Net Income From Continuing And Discontinued Operation": NaN,
        "Total Expenses": NaN,
        "Total Operating Income As Reported": NaN,
        "Diluted Average Shares": 46551000.0,
        "Basic Average Shares": 46103000.0,
        "Diluted EPS": 0.07,
        "Basic EPS": 0.07,
        "Diluted NI Availto Com Stockholders": NaN,
        "Average Dilution Earnings": 0.0,
        "Net Income Common Stockholders": NaN,
        "Net Income": NaN,
        "Net Income Including Noncontrolling Interests": NaN,
        "Net Income Continuous Operations": NaN,
        "Tax Provision": NaN,
        "Pretax Income": NaN,
        "Other Income Expense": NaN,
        "Other Non Operating Income Expenses": NaN,
        "Net Non Operating Interest Income Expense": NaN,
        "Total Other Finance Cost": -153000.0,
        "Interest Expense Non Operating": NaN,
        "Interest Income Non Operating": 153000.0,
        "Operating Income": NaN,
        "Operating Expense": NaN,
        "Research And Development": NaN,
        "Selling General And Administration": NaN,
        "Selling And Marketing Expense": NaN,
        "General And Administrative Expense": NaN,
        "Other Gand A": NaN,
        "Gross Profit": NaN,
        "Cost Of Revenue": NaN,
        "Total Revenue": NaN,
        "Operating Revenue": NaN
    },
    "2023-10-31": {
        "Tax Effect Of Unusual Items": 0.0,
        "Tax Rate For Calcs": 0.234,
        "Normalized EBITDA": 11983000.0,
        "Net Income From Continuing Operation Net Minority Interest": 2498000.0,
        "Reconciled Depreciation": 8074000.0,
        "Reconciled Cost Of Revenue": 93192000.0,
        "EBITDA": 11983000.0,
        "EBIT": 3909000.0,
        "Net Interest Income": -646000.0,
        "Interest Expense": 646000.0,
        "Interest Income": NaN,
        "Normalized Income": 2498000.0,
        "Net Income From Continuing And Discontinued Operation": 2498000.0,
        "Total Expenses": 121190000.0,
        "Total Operating Income As Reported": 3768000.0,
        "Diluted Average Shares": 46361000.0,
        "Basic Average Shares": 45977000.0,
        "Diluted EPS": 0.05,
        "Basic EPS": 0.05,
        "Diluted NI Availto Com Stockholders": 2498000.0,
        "Average Dilution Earnings": 0.0,
        "Net Income Common Stockholders": 2498000.0,
        "Net Income": 2498000.0,
        "Net Income Including Noncontrolling Interests": 2498000.0,
        "Net Income Continuous Operations": 2498000.0,
        "Tax Provision": 765000.0,
        "Pretax Income": 3263000.0,
        "Other Income Expense": 141000.0,
        "Other Non Operating Income Expenses": 141000.0,
        "Net Non Operating Interest Income Expense": -646000.0,
        "Total Other Finance Cost": NaN,
        "Interest Expense Non Operating": 646000.0,
        "Interest Income Non Operating": NaN,
        "Operating Income": 3768000.0,
        "Operating Expense": 27998000.0,
        "Research And Development": 1724000.0,
        "Selling General And Administration": 26274000.0,
        "Selling And Marketing Expense": 10952000.0,
        "General And Administrative Expense": 15322000.0,
        "Other Gand A": 15322000.0,
        "Gross Profit": 31766000.0,
        "Cost Of Revenue": 93192000.0,
        "Total Revenue": 124958000.0,
        "Operating Revenue": 124958000.0
    },
    "2024-01-31": {
        "Tax Effect Of Unusual Items": 0.0,
        "Tax Rate For Calcs": 0.236,
        "Normalized EBITDA": 18235000.0,
        "Net Income From Continuing Operation Net Minority Interest": 7882000.0,
        "Reconciled Depreciation": 6964000.0,
        "Reconciled Cost Of Revenue": 98060000.0,
        "EBITDA": 18235000.0,
        "EBIT": 11271000.0,
        "Net Interest Income": -955000.0,
        "Interest Expense": 955000.0,
        "Interest Income": NaN,
        "Normalized Income": 7882000.0,
        "Net Income From Continuing And Discontinued Operation": 7882000.0,
        "Total Expenses": 126202000.0,
        "Total Operating Income As Reported": 11282000.0,
        "Diluted Average Shares": 46028000.0,
        "Basic Average Shares": 45618000.0,
        "Diluted EPS": 0.17,
        "Basic EPS": 0.17,
        "Diluted NI Availto Com Stockholders": 7882000.0,
        "Average Dilution Earnings": NaN,
        "Net Income Common Stockholders": 7882000.0,
        "Net Income": 7882000.0,
        "Net Income Including Noncontrolling Interests": 7882000.0,
        "Net Income Continuous Operations": 7882000.0,
        "Tax Provision": 2434000.0,
        "Pretax Income": 10316000.0,
        "Other Income Expense": -11000.0,
        "Other Non Operating Income Expenses": -11000.0,
        "Net Non Operating Interest Income Expense": -955000.0,
        "Total Other Finance Cost": NaN,
        "Interest Expense Non Operating": 955000.0,
        "Interest Income Non Operating": NaN,
        "Operating Income": 11282000.0,
        "Operating Expense": 28142000.0,
        "Research And Development": 1969000.0,
        "Selling General And Administration": 26173000.0,
        "Selling And Marketing Expense": 10108000.0,
        "General And Administrative Expense": 16065000.0,
        "Other Gand A": 16065000.0,
        "Gross Profit": 39424000.0,
        "Cost Of Revenue": 98060000.0,
        "Total Revenue": 137484000.0,
        "Operating Revenue": 137484000.0
    },
    "2024-04-30": {
        "Tax Effect Of Unusual Items": 0.0,
        "Tax Rate For Calcs": 0.164961,
        "Normalized EBITDA": 40142000.0,
        "Net Income From Continuing Operation Net Minority Interest": 26110000.0,
        "Reconciled Depreciation": 8267000.0,
        "Reconciled Cost Of Revenue": 102646000.0,
        "EBITDA": 40142000.0,
        "EBIT": 31875000.0,
        "Net Interest Income": -607000.0,
        "Interest Expense": 607000.0,
        "Interest Income": NaN,
        "Normalized Income": 26110000.0,
        "Net Income From Continuing And Discontinued Operation": 26110000.0,
        "Total Expenses": 133768000.0,
        "Total Operating Income As Reported": 25379000.0,
        "Diluted Average Shares": NaN,
        "Basic Average Shares": NaN,
        "Diluted EPS": NaN,
        "Basic EPS": NaN,
        "Diluted NI Availto Com Stockholders": 26110000.0,
        "Average Dilution Earnings": NaN,
        "Net Income Common Stockholders": 26110000.0,
        "Net Income": 26110000.0,
        "Net Income Including Noncontrolling Interests": 26110000.0,
        "Net Income Continuous Operations": 26110000.0,
        "Tax Provision": 5158000.0,
        "Pretax Income": 31268000.0,
        "Other Income Expense": 6496000.0,
        "Other Non Operating Income Expenses": 6496000.0,
        "Net Non Operating Interest Income Expense": -607000.0,
        "Total Other Finance Cost": NaN,
        "Interest Expense Non Operating": 607000.0,
        "Interest Income Non Operating": NaN,
        "Operating Income": 25379000.0,
        "Operating Expense": 31122000.0,
        "Research And Development": 1774000.0,
        "Selling General And Administration": 29348000.0,
        "Selling And Marketing Expense": 9463000.0,
        "General And Administrative Expense": 19885000.0,
        "Other Gand A": 19885000.0,
        "Gross Profit": 56501000.0,
        "Cost Of Revenue": 102646000.0,
        "Total Revenue": 159147000.0,
        "Operating Revenue": 159147000.0
    },
    "2024-07-31": {
        "Tax Effect Of Unusual Items": 0.0,
        "Tax Rate For Calcs": 0.19,
        "Normalized EBITDA": 6186000.0,
        "Net Income From Continuing Operation Net Minority Interest": -2106000.0,
        "Reconciled Depreciation": 8048000.0,
        "Reconciled Cost Of Revenue": 64142000.0,
        "EBITDA": 6186000.0,
        "EBIT": -1862000.0,
        "Net Interest Income": -732000.0,
        "Interest Expense": NaN,
        "Interest Income": NaN,
        "Normalized Income": -2106000.0,
        "Net Income From Continuing And Discontinued Operation": -2106000.0,
        "Total Expenses": 90196000.0,
        "Total Operating Income As Reported": -1862000.0,
        "Diluted Average Shares": 45321000.0,
        "Basic Average Shares": 45321000.0,
        "Diluted EPS": -0.05,
        "Basic EPS": -0.05,
        "Diluted NI Availto Com Stockholders": -2106000.0,
        "Average Dilution Earnings": 0.0,
        "Net Income Common Stockholders": -2106000.0,
        "Net Income": -2106000.0,
        "Net Income Including Noncontrolling Interests": -2106000.0,
        "Net Income Continuous Operations": -2106000.0,
        "Tax Provision": -494000.0,
        "Pretax Income": -2600000.0,
        "Other Income Expense": -6000.0,
        "Other Non Operating Income Expenses": -6000.0,
        "Net Non Operating Interest Income Expense": -732000.0,
        "Total Other Finance Cost": 732000.0,
        "Interest Expense Non Operating": NaN,
        "Interest Income Non Operating": NaN,
        "Operating Income": -1862000.0,
        "Operating Expense": 26054000.0,
        "Research And Development": 2515000.0,
        "Selling General And Administration": 23539000.0,
        "Selling And Marketing Expense": 9837000.0,
        "General And Administrative Expense": 13702000.0,
        "Other Gand A": 13702000.0,
        "Gross Profit": 24192000.0,
        "Cost Of Revenue": 64142000.0,
        "Total Revenue": 88334000.0,
        "Operating Revenue": 88334000.0
    },
    "2024-10-31": {
        "Tax Effect Of Unusual Items": 0.0,
        "Tax Rate For Calcs": 0.255,
        "Normalized EBITDA": 15180000.0,
        "Net Income From Continuing Operation Net Minority Interest": 4134000.0,
        "Reconciled Depreciation": 8213000.0,
        "Reconciled Cost Of Revenue": 95133000.0,
        "EBITDA": 15180000.0,
        "EBIT": 6967000.0,
        "Net Interest Income": -1419000.0,
        "Interest Expense": 1419000.0,
        "Interest Income": NaN,
        "Normalized Income": 4134000.0,
        "Net Income From Continuing And Discontinued Operation": 4134000.0,
        "Total Expenses": 122707000.0,
        "Total Operating Income As Reported": 6972000.0,
        "Diluted Average Shares": 44935000.0,
        "Basic Average Shares": 44523000.0,
        "Diluted EPS": 0.09,
        "Basic EPS": 0.09,
        "Diluted NI Availto Com Stockholders": 4134000.0,
        "Average Dilution Earnings": 0.0,
        "Net Income Common Stockholders": 4134000.0,
        "Net Income": 4134000.0,
        "Net Income Including Noncontrolling Interests": 4134000.0,
        "Net Income Continuous Operations": 4134000.0,
        "Tax Provision": 1414000.0,
        "Pretax Income": 5548000.0,
        "Other Income Expense": -5000.0,
        "Other Non Operating Income Expenses": -5000.0,
        "Net Non Operating Interest Income Expense": -1419000.0,
        "Total Other Finance Cost": NaN,
        "Interest Expense Non Operating": 1419000.0,
        "Interest Income Non Operating": NaN,
        "Operating Income": 6972000.0,
        "Operating Expense": 27574000.0,
        "Research And Development": 2221000.0,
        "Selling General And Administration": 25353000.0,
        "Selling And Marketing Expense": 9574000.0,
        "General And Administrative Expense": 15779000.0,
        "Other Gand A": 15779000.0,
        "Gross Profit": 34546000.0,
        "Cost Of Revenue": 95133000.0,
        "Total Revenue": 129679000.0,
        "Operating Revenue": 129679000.0
    }
}