{
    "2023-03-31": {
        "Tax Effect Of Unusual Items": 0.0,
        "Tax Rate For Calcs": 0.21,
        "Normalized EBITDA": 58478000.0,
        "Total Unusual Items": NaN,
        "Total Unusual Items Excluding Goodwill": NaN,
        "Net Income From Continuing Operation Net Minority Interest": -5621000.0,
        "Reconciled Depreciation": 22018000.0,
        "Reconciled Cost Of Revenue": 12817000.0,
        "EBITDA": 58478000.0,
        "EBIT": 36460000.0,
        "Net Interest Income": -28581000.0,
        "Interest Expense": 29297000.0,
        "Interest Income": 716000.0,
        "Normalized Income": -5621000.0,
        "Net Income From Continuing And Discontinued Operation": -5621000.0,
        "Total Expenses": 150143000.0,
        "Total Operating Income As Reported": 35833000.0,
        "Diluted Average Shares": 162773000.0,
        "Basic Average Shares": 162773000.0,
        "Diluted EPS": -0.03,
        "Basic EPS": -0.03,
        "Diluted NI Availto Com Stockholders": -5621000.0,
        "Net Income Common Stockholders": -5621000.0,
        "Otherunder Preferred Stock Dividend": NaN,
        "Net Income": -5621000.0,
        "Net Income Including Noncontrolling Interests": -5621000.0,
        "Net Income Continuous Operations": -5621000.0,
        "Tax Provision": 12784000.0,
        "Pretax Income": 7163000.0,
        "Other Income Expense": -89000.0,
        "Other Non Operating Income Expenses": -89000.0,
        "Special Income Charges": NaN,
        "Impairment Of Capital Assets": NaN,
        "Net Non Operating Interest Income Expense": -28581000.0,
        "Total Other Finance Cost": 28581000.0,
        "Interest Expense Non Operating": 29297000.0,
        "Interest Income Non Operating": 716000.0,
        "Operating Income": 35833000.0,
        "Operating Expense": 128313000.0,
        "Depreciation Amortization Depletion Income Statement": 13005000.0,
        "Depreciation And Amortization In Income Statement": 13005000.0,
        "Amortization": 13005000.0,
        "Amortization Of Intangibles Income Statement": 13005000.0,
        "Research And Development": 23791000.0,
        "Selling General And Administration": 91517000.0,
        "Selling And Marketing Expense": 65916000.0,
        "General And Administrative Expense": 25601000.0,
        "Other Gand A": 25601000.0,
        "Gross Profit": 164146000.0,
        "Cost Of Revenue": 21830000.0,
        "Total Revenue": 185976000.0,
        "Operating Revenue": 185976000.0
    },
    "2022-12-31": {
        "Tax Effect Of Unusual Items": 0.0,
        "Tax Rate For Calcs": 0.21,
        "Normalized EBITDA": 45698000.0,
        "Total Unusual Items": 0.0,
        "Total Unusual Items Excluding Goodwill": 0.0,
        "Net Income From Continuing Operation Net Minority Interest": -10411000.0,
        "Reconciled Depreciation": 20874000.0,
        "Reconciled Cost Of Revenue": 13690000.0,
        "EBITDA": 45698000.0,
        "EBIT": 24824000.0,
        "Net Interest Income": -25705000.0,
        "Interest Expense": 25705000.0,
        "Normalized Income": -10411000.0,
        "Net Income From Continuing And Discontinued Operation": -10411000.0,
        "Total Expenses": 159032000.0,
        "Total Operating Income As Reported": 28037000.0,
        "Diluted Average Shares": 161721000.0,
        "Basic Average Shares": 161721000.0,
        "Diluted EPS": -0.06,
        "Basic EPS": -0.06,
        "Diluted NI Availto Com Stockholders": -10411000.0,
        "Net Income Common Stockholders": -10411000.0,
        "Otherunder Preferred Stock Dividend": NaN,
        "Net Income": -10411000.0,
        "Net Income Including Noncontrolling Interests": -10411000.0,
        "Net Income Discontinuous Operations": 0.0,
        "Net Income Continuous Operations": -10411000.0,
        "Tax Provision": 9530000.0,
        "Pretax Income": -881000.0,
        "Other Income Expense": -3213000.0,
        "Other Non Operating Income Expenses": -3213000.0,
        "Special Income Charges": 0.0,
        "Impairment Of Capital Assets": 0.0,
        "Net Non Operating Interest Income Expense": -25705000.0,
        "Interest Expense Non Operating": 25705000.0,
        "Operating Income": 28037000.0,
        "Operating Expense": 137406000.0,
        "Depreciation Amortization Depletion Income Statement": 12938000.0,
        "Depreciation And Amortization In Income Statement": 12938000.0,
        "Amortization": 12938000.0,
        "Amortization Of Intangibles Income Statement": 12938000.0,
        "Research And Development": 24238000.0,
        "Selling General And Administration": 100230000.0,
        "Selling And Marketing Expense": 67274000.0,
        "General And Administrative Expense": 32956000.0,
        "Other Gand A": 32956000.0,
        "Gross Profit": 165443000.0,
        "Cost Of Revenue": 21626000.0,
        "Total Revenue": 187069000.0,
        "Operating Revenue": 187069000.0
    },
    "2022-09-30": {
        "Tax Effect Of Unusual Items": -58528260.0,
        "Tax Rate For Calcs": 0.21,
        "Normalized EBITDA": 33857000.0,
        "Total Unusual Items": -278706000.0,
        "Total Unusual Items Excluding Goodwill": -278706000.0,
        "Net Income From Continuing Operation Net Minority Interest": -292219000.0,
        "Reconciled Depreciation": 20048000.0,
        "Reconciled Cost Of Revenue": 13188000.0,
        "EBITDA": -244849000.0,
        "EBIT": -264897000.0,
        "Net Interest Income": -23181000.0,
        "Interest Expense": 23181000.0,
        "Normalized Income": -72041260.0,
        "Net Income From Continuing And Discontinued Operation": -292219000.0,
        "Total Expenses": 163169000.0,
        "Total Operating Income As Reported": -262479000.0,
        "Diluted Average Shares": 161111000.0,
        "Basic Average Shares": 161111000.0,
        "Diluted EPS": -1.81,
        "Basic EPS": -1.81,
        "Diluted NI Availto Com Stockholders": -292219000.0,
        "Net Income Common Stockholders": -292219000.0,
        "Otherunder Preferred Stock Dividend": NaN,
        "Net Income": -292219000.0,
        "Net Income Including Noncontrolling Interests": -292219000.0,
        "Net Income Discontinuous Operations": 0.0,
        "Net Income Continuous Operations": -292219000.0,
        "Tax Provision": 4141000.0,
        "Pretax Income": -288078000.0,
        "Other Income Expense": -281124000.0,
        "Other Non Operating Income Expenses": -2418000.0,
        "Special Income Charges": -278706000.0,
        "Impairment Of Capital Assets": 278706000.0,
        "Net Non Operating Interest Income Expense": -23181000.0,
        "Interest Expense Non Operating": 23181000.0,
        "Operating Income": 16227000.0,
        "Operating Expense": 142978000.0,
        "Depreciation Amortization Depletion Income Statement": 13045000.0,
        "Depreciation And Amortization In Income Statement": 13045000.0,
        "Amortization": 13045000.0,
        "Amortization Of Intangibles Income Statement": 13045000.0,
        "Research And Development": 22562000.0,
        "Selling General And Administration": 107371000.0,
        "Selling And Marketing Expense": 64813000.0,
        "General And Administrative Expense": 42558000.0,
        "Other Gand A": 42558000.0,
        "Gross Profit": 159205000.0,
        "Cost Of Revenue": 20191000.0,
        "Total Revenue": 179396000.0,
        "Operating Revenue": 179396000.0
    },
    "2022-06-30": {
        "Tax Effect Of Unusual Items": -244958000.0,
        "Tax Rate For Calcs": 0.4,
        "Normalized EBITDA": 29646000.0,
        "Total Unusual Items": -612395000.0,
        "Total Unusual Items Excluding Goodwill": -612395000.0,
        "Net Income From Continuing Operation Net Minority Interest": -622124000.0,
        "Reconciled Depreciation": 13103000.0,
        "Reconciled Cost Of Revenue": 19108000.0,
        "EBITDA": -582749000.0,
        "EBIT": -595852000.0,
        "Net Interest Income": -18401000.0,
        "Interest Expense": 18401000.0,
        "Normalized Income": -254687000.0,
        "Net Income From Continuing And Discontinued Operation": -622124000.0,
        "Total Expenses": 160217000.0,
        "Total Operating Income As Reported": -596578000.0,
        "Diluted Average Shares": 160663000.0,
        "Basic Average Shares": 160663000.0,
        "Diluted EPS": -3.87,
        "Basic EPS": -3.87,
        "Diluted NI Availto Com Stockholders": -622124000.0,
        "Net Income Common Stockholders": -622124000.0,
        "Otherunder Preferred Stock Dividend": NaN,
        "Net Income": -622124000.0,
        "Net Income Including Noncontrolling Interests": -622124000.0,
        "Net Income Discontinuous Operations": 0.0,
        "Net Income Continuous Operations": -622124000.0,
        "Tax Provision": 7871000.0,
        "Pretax Income": -614253000.0,
        "Other Income Expense": -611669000.0,
        "Other Non Operating Income Expenses": 726000.0,
        "Special Income Charges": -612395000.0,
        "Impairment Of Capital Assets": 612395000.0,
        "Net Non Operating Interest Income Expense": -18401000.0,
        "Interest Expense Non Operating": 18401000.0,
        "Operating Income": 15817000.0,
        "Operating Expense": 141109000.0,
        "Depreciation Amortization Depletion Income Statement": 13103000.0,
        "Depreciation And Amortization In Income Statement": 13103000.0,
        "Amortization": 13103000.0,
        "Amortization Of Intangibles Income Statement": 13103000.0,
        "Research And Development": 22108000.0,
        "Selling General And Administration": 105898000.0,
        "Selling And Marketing Expense": 64615000.0,
        "General And Administrative Expense": 41283000.0,
        "Other Gand A": 41283000.0,
        "Gross Profit": 156926000.0,
        "Cost Of Revenue": 19108000.0,
        "Total Revenue": 176034000.0,
        "Operating Revenue": 176034000.0
    },
    "2023-06-30": {
        "Tax Effect Of Unusual Items": 0.0,
        "Tax Rate For Calcs": 0.21,
        "Normalized EBITDA": 53759000.0,
        "Total Unusual Items": 0.0,
        "Total Unusual Items Excluding Goodwill": 0.0,
        "Net Income From Continuing Operation Net Minority Interest": 260000.0,
        "Reconciled Depreciation": 21114000.0,
        "Reconciled Cost Of Revenue": 12938000.0,
        "EBITDA": 53759000.0,
        "EBIT": 32645000.0,
        "Net Interest Income": -29443000.0,
        "Interest Expense": 29443000.0,
        "Interest Income": NaN,
        "Normalized Income": 260000.0,
        "Net Income From Continuing And Discontinued Operation": 260000.0,
        "Total Expenses": 152389000.0,
        "Total Operating Income As Reported": 32645000.0,
        "Diluted Average Shares": 164193000.0,
        "Basic Average Shares": 164193000.0,
        "Diluted EPS": 0.001584,
        "Basic EPS": 0.001584,
        "Diluted NI Availto Com Stockholders": 260000.0,
        "Net Income Common Stockholders": 260000.0,
        "Otherunder Preferred Stock Dividend": 0.0,
        "Net Income": 260000.0,
        "Net Income Including Noncontrolling Interests": 260000.0,
        "Net Income Continuous Operations": 260000.0,
        "Tax Provision": 2955000.0,
        "Pretax Income": 3215000.0,
        "Other Income Expense": 13000.0,
        "Other Non Operating Income Expenses": 13000.0,
        "Special Income Charges": 0.0,
        "Impairment Of Capital Assets": 0.0,
        "Net Non Operating Interest Income Expense": -29443000.0,
        "Total Other Finance Cost": 29443000.0,
        "Interest Expense Non Operating": 29443000.0,
        "Interest Income Non Operating": NaN,
        "Operating Income": 32645000.0,
        "Operating Expense": 130431000.0,
        "Depreciation Amortization Depletion Income Statement": 12094000.0,
        "Depreciation And Amortization In Income Statement": 12094000.0,
        "Amortization": 12094000.0,
        "Amortization Of Intangibles Income Statement": 12094000.0,
        "Research And Development": 24081000.0,
        "Selling General And Administration": 94256000.0,
        "Selling And Marketing Expense": 59838000.0,
        "General And Administrative Expense": 34418000.0,
        "Other Gand A": 34418000.0,
        "Gross Profit": 163076000.0,
        "Cost Of Revenue": 21958000.0,
        "Total Revenue": 185034000.0,
        "Operating Revenue": 185034000.0
    },
    "2022-03-31": {
        "Diluted EPS": -0.03,
        "Total Revenue": 177,
        "Gross Profit": 142,
        "Operating Income": 11,
        "EBIT": 48,
        "Net Income": -5
    },
    "2021-12-31": {
        "Diluted EPS": -0.15,
        "Total Revenue": 187,
        "Gross Profit": 129,
        "Operating Income": -10,
        "EBIT": 49,
        "Net Income": -23
    },
    "2021-09-30": {
        "Diluted EPS": -0.06,
        "Total Revenue": 181,
        "Gross Profit": 123,
        "Operating Income": -4,
        "EBIT": 56,
        "Net Income": -10
    },
    "2021-06-30": {
        "Diluted EPS": -0.07,
        "Total Revenue": 177,
        "Gross Profit": 121,
        "Operating Income": -8,
        "EBIT": 52,
        "Net Income": -12
    },
    "2021-03-31": {
        "Diluted EPS": -0.05,
        "Total Revenue": 174,
        "Gross Profit": 118,
        "Operating Income": -11,
        "EBIT": 49,
        "Net Income": -7
    },
    "2020-12-31": {
        "Diluted EPS": 0.84,
        "Total Revenue": 39,
        "Gross Profit": 14,
        "Operating Income": -32,
        "EBIT": 28,
        "Net Income": 135
    },
    "2020-09-30": {
        "Diluted EPS": 0.08,
        "Total Revenue": 185,
        "Gross Profit": 132,
        "Operating Income": 21,
        "EBIT": 51,
        "Net Income": 10
    },
    "2020-06-30": {
        "Diluted EPS": 0.08,
        "Total Revenue": 246,
        "Gross Profit": 179,
        "Operating Income": 35,
        "EBIT": 106,
        "Net Income": 13
    },
    "2020-03-31": {
        "Diluted EPS": 0.0,
        "Total Revenue": 247,
        "Gross Profit": 180,
        "Operating Income": 28,
        "EBIT": 98,
        "Net Income": 0
    },
    "2019-12-31": {
        "Diluted EPS": 0.1,
        "Total Revenue": -16,
        "Gross Profit": -24,
        "Operating Income": -15,
        "EBIT": 0,
        "Net Income": 13
    },
    "2019-09-30": {
        "Diluted EPS": 0.02,
        "Total Revenue": 240,
        "Gross Profit": 176,
        "Operating Income": 34,
        "EBIT": 103,
        "Net Income": 4
    },
    "2019-06-30": {
        "Diluted EPS": -0.02,
        "Total Revenue": 229,
        "Gross Profit": 165,
        "Operating Income": 30,
        "EBIT": 98,
        "Net Income": -2
    },
    "2019-03-31": {
        "Diluted EPS": 0.02,
        "Total Revenue": 216,
        "Gross Profit": 154,
        "Operating Income": 30,
        "EBIT": 97,
        "Net Income": 3
    },
    "2018-12-31": {
        "Diluted EPS": 11.08,
        "Total Revenue": 221,
        "Gross Profit": 159,
        "Operating Income": 36,
        "EBIT": 103,
        "Net Income": 669
    },
    "2018-09-30": {
        "Diluted EPS": -1.46,
        "Total Revenue": 213,
        "Gross Profit": 151,
        "Operating Income": 35,
        "EBIT": 102,
        "Net Income": -75
    },
    "2018-06-30": {
        "Diluted EPS": -1.94,
        "Total Revenue": 202,
        "Gross Profit": 140,
        "Operating Income": 22,
        "EBIT": 89,
        "Net Income": -99
    },
    "2018-03-31": {
        "Diluted EPS": -2.56,
        "Total Revenue": 197,
        "Gross Profit": 136,
        "Operating Income": 22,
        "EBIT": 91,
        "Net Income": -130
    },
    "2017-12-31": {
        "Diluted EPS": 0.0,
        "Total Revenue": NaN,
        "Gross Profit": NaN,
        "Operating Income": NaN,
        "EBIT": NaN,
        "Net Income": NaN
    },
    "2017-09-30": {
        "Diluted EPS": -1.32,
        "Total Revenue": 189,
        "Gross Profit": 130,
        "Operating Income": 27,
        "EBIT": 27,
        "Net Income": -67
    },
    "2016-12-31": {
        "Diluted EPS": 0.0,
        "Total Revenue": NaN,
        "Gross Profit": NaN,
        "Operating Income": NaN,
        "EBIT": NaN,
        "Net Income": NaN
    },
    "2023-09-30": {
        "Tax Effect Of Unusual Items": 0.0,
        "Tax Rate For Calcs": 0.21,
        "Normalized EBITDA": 58203000.0,
        "Total Unusual Items": 0.0,
        "Total Unusual Items Excluding Goodwill": 0.0,
        "Net Income From Continuing Operation Net Minority Interest": -3172000.0,
        "Reconciled Depreciation": 19678000.0,
        "Reconciled Cost Of Revenue": 13304000.0,
        "EBITDA": 58203000.0,
        "EBIT": 38525000.0,
        "Net Interest Income": -29314000.0,
        "Interest Expense": 29314000.0,
        "Interest Income": NaN,
        "Normalized Income": -3172000.0,
        "Net Income From Continuing And Discontinued Operation": -3172000.0,
        "Total Expenses": 151066000.0,
        "Total Operating Income As Reported": 38525000.0,
        "Diluted Average Shares": 165275000.0,
        "Basic Average Shares": 165275000.0,
        "Diluted EPS": -0.02,
        "Basic EPS": -0.02,
        "Diluted NI Availto Com Stockholders": -3172000.0,
        "Net Income Common Stockholders": -3172000.0,
        "Otherunder Preferred Stock Dividend": NaN,
        "Net Income": -3172000.0,
        "Net Income Including Noncontrolling Interests": -3172000.0,
        "Net Income Continuous Operations": -3172000.0,
        "Tax Provision": 12262000.0,
        "Pretax Income": 9090000.0,
        "Other Income Expense": -121000.0,
        "Other Non Operating Income Expenses": -121000.0,
        "Special Income Charges": 0.0,
        "Impairment Of Capital Assets": 0.0,
        "Net Non Operating Interest Income Expense": -29314000.0,
        "Total Other Finance Cost": 29314000.0,
        "Interest Expense Non Operating": 29314000.0,
        "Interest Income Non Operating": NaN,
        "Operating Income": 38525000.0,
        "Operating Expense": 129697000.0,
        "Depreciation Amortization Depletion Income Statement": 11613000.0,
        "Depreciation And Amortization In Income Statement": 11613000.0,
        "Amortization": 11613000.0,
        "Amortization Of Intangibles Income Statement": 11613000.0,
        "Research And Development": 27308000.0,
        "Selling General And Administration": 90776000.0,
        "Selling And Marketing Expense": 59675000.0,
        "General And Administrative Expense": 31101000.0,
        "Other Gand A": 31101000.0,
        "Gross Profit": 168222000.0,
        "Cost Of Revenue": 21369000.0,
        "Total Revenue": 189591000.0,
        "Operating Revenue": 189591000.0
    },
    "2023-12-31": {
        "Tax Effect Of Unusual Items": 0.0,
        "Tax Rate For Calcs": 0.21,
        "Normalized EBITDA": 62758000.0,
        "Total Unusual Items": 0.0,
        "Total Unusual Items Excluding Goodwill": 0.0,
        "Net Income From Continuing Operation Net Minority Interest": -576000.0,
        "Reconciled Depreciation": 19388000.0,
        "Reconciled Cost Of Revenue": 13956000.0,
        "EBITDA": 62758000.0,
        "EBIT": 43370000.0,
        "Net Interest Income": -28510000.0,
        "Interest Expense": 28510000.0,
        "Interest Income": NaN,
        "Normalized Income": -576000.0,
        "Net Income From Continuing And Discontinued Operation": -576000.0,
        "Total Expenses": 154769000.0,
        "Total Operating Income As Reported": 43370000.0,
        "Diluted Average Shares": 166239000.0,
        "Basic Average Shares": 166239000.0,
        "Diluted EPS": -0.003465,
        "Basic EPS": -0.003465,
        "Diluted NI Availto Com Stockholders": -576000.0,
        "Net Income Common Stockholders": -576000.0,
        "Otherunder Preferred Stock Dividend": NaN,
        "Net Income": -576000.0,
        "Net Income Including Noncontrolling Interests": -576000.0,
        "Net Income Continuous Operations": -576000.0,
        "Tax Provision": 15247000.0,
        "Pretax Income": 14671000.0,
        "Other Income Expense": -189000.0,
        "Other Non Operating Income Expenses": -189000.0,
        "Special Income Charges": 0.0,
        "Impairment Of Capital Assets": 0.0,
        "Net Non Operating Interest Income Expense": -28510000.0,
        "Total Other Finance Cost": 28510000.0,
        "Interest Expense Non Operating": 28510000.0,
        "Interest Income Non Operating": NaN,
        "Operating Income": 43370000.0,
        "Operating Expense": 132921000.0,
        "Depreciation Amortization Depletion Income Statement": 11496000.0,
        "Depreciation And Amortization In Income Statement": 11496000.0,
        "Amortization": 11496000.0,
        "Amortization Of Intangibles Income Statement": 11496000.0,
        "Research And Development": 24993000.0,
        "Selling General And Administration": 96432000.0,
        "Selling And Marketing Expense": 63836000.0,
        "General And Administrative Expense": 32596000.0,
        "Other Gand A": 32596000.0,
        "Gross Profit": 176291000.0,
        "Cost Of Revenue": 21848000.0,
        "Total Revenue": 198139000.0,
        "Operating Revenue": 198139000.0
    },
    "2024-03-31": {
        "Tax Effect Of Unusual Items": 0.0,
        "Tax Rate For Calcs": 0.227,
        "Normalized EBITDA": 69378000.0,
        "Total Unusual Items": NaN,
        "Total Unusual Items Excluding Goodwill": NaN,
        "Net Income From Continuing Operation Net Minority Interest": 15559000.0,
        "Reconciled Depreciation": 19277000.0,
        "Reconciled Cost Of Revenue": 13078000.0,
        "EBITDA": 69378000.0,
        "EBIT": 50101000.0,
        "Net Interest Income": -26830000.0,
        "Interest Expense": 29981000.0,
        "Interest Income": 3151000.0,
        "Normalized Income": 15559000.0,
        "Net Income From Continuing And Discontinued Operation": 15559000.0,
        "Total Expenses": 146412000.0,
        "Total Operating Income As Reported": 46899000.0,
        "Diluted Average Shares": 171169000.0,
        "Basic Average Shares": 167419000.0,
        "Diluted EPS": 0.09,
        "Basic EPS": 0.09,
        "Diluted NI Availto Com Stockholders": 15559000.0,
        "Net Income Common Stockholders": 15559000.0,
        "Otherunder Preferred Stock Dividend": NaN,
        "Net Income": 15559000.0,
        "Net Income Including Noncontrolling Interests": 15559000.0,
        "Net Income Continuous Operations": 15559000.0,
        "Tax Provision": 4561000.0,
        "Pretax Income": 20120000.0,
        "Other Income Expense": 51000.0,
        "Other Non Operating Income Expenses": 51000.0,
        "Special Income Charges": NaN,
        "Impairment Of Capital Assets": NaN,
        "Net Non Operating Interest Income Expense": -26830000.0,
        "Total Other Finance Cost": NaN,
        "Interest Expense Non Operating": 29981000.0,
        "Interest Income Non Operating": 3151000.0,
        "Operating Income": 46899000.0,
        "Operating Expense": 125576000.0,
        "Depreciation Amortization Depletion Income Statement": 11519000.0,
        "Depreciation And Amortization In Income Statement": 11519000.0,
        "Amortization": 11519000.0,
        "Amortization Of Intangibles Income Statement": 11519000.0,
        "Research And Development": 27828000.0,
        "Selling General And Administration": 86229000.0,
        "Selling And Marketing Expense": 54921000.0,
        "General And Administrative Expense": 31308000.0,
        "Other Gand A": 31308000.0,
        "Gross Profit": 172475000.0,
        "Cost Of Revenue": 20836000.0,
        "Total Revenue": 193311000.0,
        "Operating Revenue": 193311000.0
    }
}