{
    "2023-03-31": {
        "Tax Effect Of Unusual Items": NaN,
        "Tax Rate For Calcs": NaN,
        "Normalized EBITDA": NaN,
        "Total Unusual Items": 0.0,
        "Total Unusual Items Excluding Goodwill": 0.0,
        "Net Income From Continuing Operation Net Minority Interest": NaN,
        "Reconciled Depreciation": NaN,
        "Reconciled Cost Of Revenue": NaN,
        "EBITDA": NaN,
        "EBIT": NaN,
        "Net Interest Income": NaN,
        "Interest Expense": NaN,
        "Normalized Income": NaN,
        "Net Income From Continuing And Discontinued Operation": NaN,
        "Total Expenses": NaN,
        "Total Operating Income As Reported": NaN,
        "Diluted Average Shares": NaN,
        "Basic Average Shares": NaN,
        "Diluted EPS": NaN,
        "Basic EPS": NaN,
        "Diluted NI Availto Com Stockholders": NaN,
        "Net Income Common Stockholders": NaN,
        "Net Income": NaN,
        "Net Income Including Noncontrolling Interests": NaN,
        "Net Income Continuous Operations": NaN,
        "Tax Provision": NaN,
        "Pretax Income": NaN,
        "Other Income Expense": NaN,
        "Other Non Operating Income Expenses": NaN,
        "Special Income Charges": 0.0,
        "Other Special Charges": NaN,
        "Earnings From Equity Interest": NaN,
        "Net Non Operating Interest Income Expense": NaN,
        "Interest Expense Non Operating": NaN,
        "Operating Income": NaN,
        "Operating Expense": NaN,
        "Other Operating Expenses": NaN,
        "Depreciation Amortization Depletion Income Statement": NaN,
        "Depreciation And Amortization In Income Statement": NaN,
        "Amortization": NaN,
        "Amortization Of Intangibles Income Statement": NaN,
        "Selling General And Administration": NaN,
        "Gross Profit": NaN,
        "Cost Of Revenue": NaN,
        "Total Revenue": NaN,
        "Operating Revenue": NaN
    },
    "2022-12-31": {
        "Tax Effect Of Unusual Items": NaN,
        "Tax Rate For Calcs": NaN,
        "Normalized EBITDA": NaN,
        "Total Unusual Items": 0.0,
        "Total Unusual Items Excluding Goodwill": 0.0,
        "Net Income From Continuing Operation Net Minority Interest": NaN,
        "Reconciled Depreciation": NaN,
        "Reconciled Cost Of Revenue": NaN,
        "EBITDA": NaN,
        "EBIT": NaN,
        "Net Interest Income": NaN,
        "Interest Expense": NaN,
        "Normalized Income": NaN,
        "Net Income From Continuing And Discontinued Operation": NaN,
        "Total Expenses": NaN,
        "Total Operating Income As Reported": NaN,
        "Diluted Average Shares": NaN,
        "Basic Average Shares": NaN,
        "Diluted EPS": NaN,
        "Basic EPS": NaN,
        "Diluted NI Availto Com Stockholders": NaN,
        "Net Income Common Stockholders": NaN,
        "Net Income": NaN,
        "Net Income Including Noncontrolling Interests": NaN,
        "Net Income Continuous Operations": NaN,
        "Tax Provision": NaN,
        "Pretax Income": NaN,
        "Other Income Expense": NaN,
        "Other Non Operating Income Expenses": NaN,
        "Special Income Charges": 0.0,
        "Other Special Charges": 0.0,
        "Earnings From Equity Interest": NaN,
        "Net Non Operating Interest Income Expense": NaN,
        "Interest Expense Non Operating": NaN,
        "Operating Income": NaN,
        "Operating Expense": NaN,
        "Other Operating Expenses": 0.0,
        "Depreciation Amortization Depletion Income Statement": NaN,
        "Depreciation And Amortization In Income Statement": NaN,
        "Amortization": NaN,
        "Amortization Of Intangibles Income Statement": NaN,
        "Selling General And Administration": NaN,
        "Gross Profit": NaN,
        "Cost Of Revenue": NaN,
        "Total Revenue": NaN,
        "Operating Revenue": NaN
    },
    "2022-09-30": {
        "Tax Effect Of Unusual Items": 0.0,
        "Tax Rate For Calcs": 0.4,
        "Normalized EBITDA": 34809000.0,
        "Total Unusual Items": 0.0,
        "Total Unusual Items Excluding Goodwill": 0.0,
        "Net Income From Continuing Operation Net Minority Interest": 11876000.0,
        "Reconciled Depreciation": 9560000.0,
        "Reconciled Cost Of Revenue": 128117000.0,
        "EBITDA": 34809000.0,
        "EBIT": 25249000.0,
        "Net Interest Income": -4264000.0,
        "Interest Expense": 4264000.0,
        "Normalized Income": 11876000.0,
        "Net Income From Continuing And Discontinued Operation": 11876000.0,
        "Total Expenses": 164426000.0,
        "Total Operating Income As Reported": 24972000.0,
        "Diluted Average Shares": 113202846.0,
        "Basic Average Shares": 113171655.0,
        "Diluted EPS": 0.1,
        "Basic EPS": 0.1,
        "Diluted NI Availto Com Stockholders": 11876000.0,
        "Net Income Common Stockholders": 11876000.0,
        "Net Income": 11876000.0,
        "Net Income Including Noncontrolling Interests": 11876000.0,
        "Net Income Continuous Operations": 11876000.0,
        "Tax Provision": 9109000.0,
        "Pretax Income": 20985000.0,
        "Other Income Expense": 277000.0,
        "Other Non Operating Income Expenses": -1052000.0,
        "Special Income Charges": 0.0,
        "Other Special Charges": NaN,
        "Earnings From Equity Interest": 1329000.0,
        "Net Non Operating Interest Income Expense": -4264000.0,
        "Interest Expense Non Operating": 4264000.0,
        "Operating Income": 24972000.0,
        "Operating Expense": 33905000.0,
        "Other Operating Expenses": NaN,
        "Depreciation Amortization Depletion Income Statement": 7156000.0,
        "Depreciation And Amortization In Income Statement": 7156000.0,
        "Amortization": 7156000.0,
        "Amortization Of Intangibles Income Statement": 7156000.0,
        "Selling General And Administration": 26749000.0,
        "Gross Profit": 58877000.0,
        "Cost Of Revenue": 130521000.0,
        "Total Revenue": 189398000.0,
        "Operating Revenue": 189398000.0
    },
    "2022-06-30": {
        "Tax Effect Of Unusual Items": 0.0,
        "Tax Rate For Calcs": 0.4,
        "Normalized EBITDA": 28230000.0,
        "Total Unusual Items": 0.0,
        "Total Unusual Items Excluding Goodwill": 0.0,
        "Net Income From Continuing Operation Net Minority Interest": 4303000.0,
        "Reconciled Depreciation": 9780000.0,
        "Reconciled Cost Of Revenue": 136569000.0,
        "EBITDA": 28230000.0,
        "EBIT": 18450000.0,
        "Net Interest Income": -3164000.0,
        "Interest Expense": 3164000.0,
        "Normalized Income": 4303000.0,
        "Net Income From Continuing And Discontinued Operation": 4303000.0,
        "Total Expenses": 188153000.0,
        "Total Operating Income As Reported": 18647000.0,
        "Diluted Average Shares": 115384273.0,
        "Basic Average Shares": 113692160.0,
        "Diluted EPS": 0.04,
        "Basic EPS": 0.04,
        "Diluted NI Availto Com Stockholders": 4303000.0,
        "Net Income Common Stockholders": 4303000.0,
        "Net Income": 4303000.0,
        "Net Income Including Noncontrolling Interests": 4303000.0,
        "Net Income Continuous Operations": 4303000.0,
        "Tax Provision": 10983000.0,
        "Pretax Income": 15286000.0,
        "Other Income Expense": -197000.0,
        "Other Non Operating Income Expenses": -917000.0,
        "Special Income Charges": 0.0,
        "Other Special Charges": NaN,
        "Earnings From Equity Interest": 720000.0,
        "Net Non Operating Interest Income Expense": -3164000.0,
        "Interest Expense Non Operating": 3164000.0,
        "Operating Income": 18647000.0,
        "Operating Expense": 48960000.0,
        "Other Operating Expenses": NaN,
        "Depreciation Amortization Depletion Income Statement": 7156000.0,
        "Depreciation And Amortization In Income Statement": 7156000.0,
        "Amortization": 7156000.0,
        "Amortization Of Intangibles Income Statement": 7156000.0,
        "Selling General And Administration": 41804000.0,
        "General And Administrative Expense": 41804000.0,
        "Other Gand A": 41804000.0,
        "Gross Profit": 67607000.0,
        "Cost Of Revenue": 139193000.0,
        "Total Revenue": 206800000.0,
        "Operating Revenue": 206800000.0
    },
    "2022-03-31": {
        "Diluted EPS": -0.02,
        "Total Revenue": 192,
        "Gross Profit": 71,
        "Operating Income": 7,
        "EBIT": 17,
        "Net Income": -3
    },
    "2021-12-31": {
        "Diluted EPS": -0.04,
        "Total Revenue": 139,
        "Gross Profit": 42,
        "Operating Income": -11,
        "EBIT": -2,
        "Net Income": -6
    },
    "2021-09-30": {
        "Diluted EPS": -0.1,
        "Total Revenue": 162,
        "Gross Profit": 51,
        "Operating Income": -3,
        "EBIT": 6,
        "Net Income": -11
    },
    "2021-06-30": {
        "Diluted EPS": -0.49,
        "Total Revenue": 181,
        "Gross Profit": 58,
        "Operating Income": -42,
        "EBIT": -32,
        "Net Income": -54
    },
    "2021-03-31": {
        "Diluted EPS": 0.07,
        "Total Revenue": 149,
        "Gross Profit": 52,
        "Operating Income": 20,
        "EBIT": 30,
        "Net Income": 9
    },
    "2020-12-31": {
        "Diluted EPS": -0.05,
        "Total Revenue": 112,
        "Gross Profit": 38,
        "Operating Income": -2,
        "EBIT": 7,
        "Net Income": -3
    },
    "2020-09-30": {
        "Diluted EPS": 0.18,
        "Total Revenue": 128,
        "Gross Profit": 50,
        "Operating Income": 26,
        "EBIT": 33,
        "Net Income": 18
    },
    "2020-06-30": {
        "Diluted EPS": 0.17,
        "Total Revenue": 113,
        "Gross Profit": 44,
        "Operating Income": 25,
        "EBIT": 31,
        "Net Income": 16
    },
    "2020-03-31": {
        "Diluted EPS": -0.14,
        "Total Revenue": 51,
        "Gross Profit": 10,
        "Operating Income": -9,
        "EBIT": -3,
        "Net Income": -15
    },
    "2019-12-31": {
        "Diluted EPS": 0.0,
        "Total Revenue": NaN,
        "Gross Profit": NaN,
        "Operating Income": NaN,
        "EBIT": NaN,
        "Net Income": NaN
    },
    "2023-06-30": {
        "Tax Effect Of Unusual Items": 0.0,
        "Tax Rate For Calcs": 0.21,
        "Normalized EBITDA": 25111000.0,
        "Total Unusual Items": 0.0,
        "Total Unusual Items Excluding Goodwill": 0.0,
        "Net Income From Continuing Operation Net Minority Interest": 5715000.0,
        "Reconciled Depreciation": 10026000.0,
        "Reconciled Cost Of Revenue": 123504000.0,
        "EBITDA": 25111000.0,
        "EBIT": 15085000.0,
        "Net Interest Income": -4486000.0,
        "Interest Expense": 4486000.0,
        "Normalized Income": 5715000.0,
        "Net Income From Continuing And Discontinued Operation": 5715000.0,
        "Total Expenses": 163739000.0,
        "Total Operating Income As Reported": 13389000.0,
        "Diluted Average Shares": 112692543.0,
        "Basic Average Shares": 112248822.0,
        "Diluted EPS": 0.05,
        "Basic EPS": 0.05,
        "Diluted NI Availto Com Stockholders": 5715000.0,
        "Net Income Common Stockholders": 5715000.0,
        "Net Income": 5715000.0,
        "Net Income Including Noncontrolling Interests": 5715000.0,
        "Net Income Continuous Operations": 5715000.0,
        "Tax Provision": 4884000.0,
        "Pretax Income": 10599000.0,
        "Other Income Expense": 1696000.0,
        "Other Non Operating Income Expenses": 1036000.0,
        "Special Income Charges": 0.0,
        "Other Special Charges": NaN,
        "Earnings From Equity Interest": 660000.0,
        "Net Non Operating Interest Income Expense": -4486000.0,
        "Interest Expense Non Operating": 4486000.0,
        "Operating Income": 13389000.0,
        "Operating Expense": 36844000.0,
        "Other Operating Expenses": NaN,
        "Depreciation Amortization Depletion Income Statement": 6635000.0,
        "Depreciation And Amortization In Income Statement": 6635000.0,
        "Amortization": 6635000.0,
        "Amortization Of Intangibles Income Statement": 6635000.0,
        "Selling General And Administration": 30209000.0,
        "Gross Profit": 50233000.0,
        "Cost Of Revenue": 126895000.0,
        "Total Revenue": 177128000.0,
        "Operating Revenue": 177128000.0
    },
    "2023-09-30": {
        "Tax Effect Of Unusual Items": 0.0,
        "Tax Rate For Calcs": 0.21,
        "Normalized EBITDA": 29319000.0,
        "Total Unusual Items": 0.0,
        "Total Unusual Items Excluding Goodwill": 0.0,
        "Net Income From Continuing Operation Net Minority Interest": 6153000.0,
        "Reconciled Depreciation": 10500000.0,
        "Reconciled Cost Of Revenue": 108768000.0,
        "EBITDA": 29319000.0,
        "EBIT": 18819000.0,
        "Net Interest Income": -5980000.0,
        "Interest Expense": 5980000.0,
        "Normalized Income": 6153000.0,
        "Net Income From Continuing And Discontinued Operation": 6153000.0,
        "Total Expenses": 142699000.0,
        "Total Operating Income As Reported": 18079000.0,
        "Diluted Average Shares": 114656761.0,
        "Basic Average Shares": 113538533.0,
        "Diluted EPS": 0.05,
        "Basic EPS": 0.05,
        "Diluted NI Availto Com Stockholders": 6153000.0,
        "Net Income Common Stockholders": 6153000.0,
        "Net Income": 6153000.0,
        "Net Income Including Noncontrolling Interests": 6153000.0,
        "Net Income Continuous Operations": 6153000.0,
        "Tax Provision": 6686000.0,
        "Pretax Income": 12839000.0,
        "Other Income Expense": 740000.0,
        "Other Non Operating Income Expenses": -1031000.0,
        "Special Income Charges": 0.0,
        "Other Special Charges": NaN,
        "Earnings From Equity Interest": 1771000.0,
        "Net Non Operating Interest Income Expense": -5980000.0,
        "Interest Expense Non Operating": 5980000.0,
        "Operating Income": 18079000.0,
        "Operating Expense": 30066000.0,
        "Other Operating Expenses": NaN,
        "Depreciation Amortization Depletion Income Statement": 6635000.0,
        "Depreciation And Amortization In Income Statement": 6635000.0,
        "Amortization": 6635000.0,
        "Amortization Of Intangibles Income Statement": 6635000.0,
        "Selling General And Administration": 23431000.0,
        "Gross Profit": 48145000.0,
        "Cost Of Revenue": 112633000.0,
        "Total Revenue": 160778000.0,
        "Operating Revenue": 160778000.0
    },
    "2023-12-31": {
        "Tax Effect Of Unusual Items": 0.0,
        "Tax Rate For Calcs": 0.21,
        "Normalized EBITDA": 4411000.0,
        "Total Unusual Items": 0.0,
        "Total Unusual Items Excluding Goodwill": 0.0,
        "Net Income From Continuing Operation Net Minority Interest": 112000.0,
        "Reconciled Depreciation": 10967000.0,
        "Reconciled Cost Of Revenue": 65321000.0,
        "EBITDA": 4411000.0,
        "EBIT": -6556000.0,
        "Net Interest Income": -9646000.0,
        "Interest Expense": 9646000.0,
        "Normalized Income": 112000.0,
        "Net Income From Continuing And Discontinued Operation": 112000.0,
        "Total Expenses": 99887000.0,
        "Total Operating Income As Reported": -9020000.0,
        "Diluted Average Shares": 114818226.0,
        "Basic Average Shares": 113638130.0,
        "Diluted EPS": 0.000967,
        "Basic EPS": 0.000977,
        "Diluted NI Availto Com Stockholders": 112000.0,
        "Net Income Common Stockholders": 112000.0,
        "Net Income": 112000.0,
        "Net Income Including Noncontrolling Interests": 112000.0,
        "Net Income Continuous Operations": 112000.0,
        "Tax Provision": -16314000.0,
        "Pretax Income": -16202000.0,
        "Other Income Expense": 2464000.0,
        "Other Non Operating Income Expenses": 1209000.0,
        "Special Income Charges": 0.0,
        "Other Special Charges": NaN,
        "Earnings From Equity Interest": 1255000.0,
        "Net Non Operating Interest Income Expense": -9646000.0,
        "Interest Expense Non Operating": 9646000.0,
        "Operating Income": -9020000.0,
        "Operating Expense": 30216000.0,
        "Other Operating Expenses": NaN,
        "Depreciation Amortization Depletion Income Statement": 6617000.0,
        "Depreciation And Amortization In Income Statement": 6617000.0,
        "Amortization": 6617000.0,
        "Amortization Of Intangibles Income Statement": 6617000.0,
        "Selling General And Administration": 23599000.0,
        "Gross Profit": 21196000.0,
        "Cost Of Revenue": 69671000.0,
        "Total Revenue": 90867000.0,
        "Operating Revenue": 90867000.0
    },
    "2024-03-31": {
        "Tax Effect Of Unusual Items": 0.0,
        "Tax Rate For Calcs": 0.21,
        "Normalized EBITDA": 8024000.0,
        "Total Unusual Items": NaN,
        "Total Unusual Items Excluding Goodwill": NaN,
        "Net Income From Continuing Operation Net Minority Interest": -7864000.0,
        "Reconciled Depreciation": 10374000.0,
        "Reconciled Cost Of Revenue": 76078000.0,
        "EBITDA": 8024000.0,
        "EBIT": -2350000.0,
        "Net Interest Income": -4982000.0,
        "Interest Expense": 4982000.0,
        "Normalized Income": -7864000.0,
        "Net Income From Continuing And Discontinued Operation": -7864000.0,
        "Total Expenses": 112702000.0,
        "Total Operating Income As Reported": -2073000.0,
        "Diluted Average Shares": 115038929.0,
        "Basic Average Shares": 115038929.0,
        "Diluted EPS": -0.07,
        "Basic EPS": -0.07,
        "Diluted NI Availto Com Stockholders": -7864000.0,
        "Net Income Common Stockholders": -7864000.0,
        "Net Income": -7864000.0,
        "Net Income Including Noncontrolling Interests": -7864000.0,
        "Net Income Continuous Operations": -7864000.0,
        "Tax Provision": 532000.0,
        "Pretax Income": -7332000.0,
        "Other Income Expense": -277000.0,
        "Other Non Operating Income Expenses": -1586000.0,
        "Special Income Charges": NaN,
        "Other Special Charges": NaN,
        "Earnings From Equity Interest": 1309000.0,
        "Net Non Operating Interest Income Expense": -4982000.0,
        "Interest Expense Non Operating": 4982000.0,
        "Operating Income": -2073000.0,
        "Operating Expense": 32662000.0,
        "Other Operating Expenses": NaN,
        "Depreciation Amortization Depletion Income Statement": 6412000.0,
        "Depreciation And Amortization In Income Statement": 6412000.0,
        "Amortization": 6412000.0,
        "Amortization Of Intangibles Income Statement": 6412000.0,
        "Selling General And Administration": 26250000.0,
        "Gross Profit": 30589000.0,
        "Cost Of Revenue": 80040000.0,
        "Total Revenue": 110629000.0,
        "Operating Revenue": 110629000.0
    },
    "2024-06-30": {
        "Tax Effect Of Unusual Items": 0.0,
        "Tax Rate For Calcs": 0.032,
        "Normalized EBITDA": 30327000.0,
        "Total Unusual Items": NaN,
        "Total Unusual Items Excluding Goodwill": NaN,
        "Net Income From Continuing Operation Net Minority Interest": 13279000.0,
        "Reconciled Depreciation": 10593000.0,
        "Reconciled Cost Of Revenue": 102935000.0,
        "EBITDA": 30327000.0,
        "EBIT": 19734000.0,
        "Net Interest Income": -6013000.0,
        "Interest Expense": 6013000.0,
        "Normalized Income": 13279000.0,
        "Net Income From Continuing And Discontinued Operation": 13279000.0,
        "Total Expenses": 140116000.0,
        "Total Operating Income As Reported": 20006000.0,
        "Diluted Average Shares": 117023112.0,
        "Basic Average Shares": 115469246.0,
        "Diluted EPS": 0.11,
        "Basic EPS": 0.12,
        "Diluted NI Availto Com Stockholders": 13279000.0,
        "Net Income Common Stockholders": 13279000.0,
        "Net Income": 13279000.0,
        "Net Income Including Noncontrolling Interests": 13279000.0,
        "Net Income Continuous Operations": 13279000.0,
        "Tax Provision": 442000.0,
        "Pretax Income": 13721000.0,
        "Other Income Expense": -272000.0,
        "Other Non Operating Income Expenses": -804000.0,
        "Special Income Charges": NaN,
        "Other Special Charges": NaN,
        "Earnings From Equity Interest": 532000.0,
        "Net Non Operating Interest Income Expense": -6013000.0,
        "Interest Expense Non Operating": 6013000.0,
        "Operating Income": 20006000.0,
        "Operating Expense": 33016000.0,
        "Other Operating Expenses": NaN,
        "Depreciation Amortization Depletion Income Statement": 6428000.0,
        "Depreciation And Amortization In Income Statement": 6428000.0,
        "Amortization": 6428000.0,
        "Amortization Of Intangibles Income Statement": 6428000.0,
        "Selling General And Administration": 26588000.0,
        "Gross Profit": 53022000.0,
        "Cost Of Revenue": 107100000.0,
        "Total Revenue": 160122000.0,
        "Operating Revenue": 160122000.0
    }
}