{
    "2023-03-31": {
        "Tax Effect Of Unusual Items": NaN,
        "Tax Rate For Calcs": NaN,
        "Normalized EBITDA": NaN,
        "Total Unusual Items": NaN,
        "Total Unusual Items Excluding Goodwill": NaN,
        "Net Income From Continuing Operation Net Minority Interest": NaN,
        "Reconciled Depreciation": NaN,
        "Reconciled Cost Of Revenue": NaN,
        "EBITDA": NaN,
        "EBIT": NaN,
        "Net Interest Income": NaN,
        "Interest Expense": NaN,
        "Normalized Income": NaN,
        "Net Income From Continuing And Discontinued Operation": NaN,
        "Total Expenses": NaN,
        "Total Operating Income As Reported": NaN,
        "Diluted Average Shares": 1102396636.0,
        "Basic Average Shares": 1100278261.0,
        "Diluted EPS": 1.76,
        "Basic EPS": 1.76,
        "Diluted NI Availto Com Stockholders": NaN,
        "Net Income Common Stockholders": NaN,
        "Net Income": NaN,
        "Net Income Including Noncontrolling Interests": NaN,
        "Net Income Continuous Operations": NaN,
        "Tax Provision": NaN,
        "Pretax Income": NaN,
        "Other Income Expense": NaN,
        "Other Non Operating Income Expenses": -1000000.0,
        "Special Income Charges": NaN,
        "Other Special Charges": 19000000.0,
        "Impairment Of Capital Assets": 0.0,
        "Restructuring And Mergern Acquisition": NaN,
        "Gain On Sale Of Security": NaN,
        "Net Non Operating Interest Income Expense": NaN,
        "Total Other Finance Cost": NaN,
        "Interest Expense Non Operating": NaN,
        "Operating Income": NaN,
        "Operating Expense": NaN,
        "Other Operating Expenses": NaN,
        "Other Taxes": NaN,
        "Selling General And Administration": NaN,
        "General And Administrative Expense": NaN,
        "Other Gand A": NaN,
        "Gross Profit": NaN,
        "Cost Of Revenue": NaN,
        "Total Revenue": NaN,
        "Operating Revenue": NaN
    },
    "2022-12-31": {
        "Tax Effect Of Unusual Items": NaN,
        "Tax Rate For Calcs": NaN,
        "Normalized EBITDA": NaN,
        "Total Unusual Items": NaN,
        "Total Unusual Items Excluding Goodwill": NaN,
        "Net Income From Continuing Operation Net Minority Interest": NaN,
        "Reconciled Depreciation": NaN,
        "Reconciled Cost Of Revenue": NaN,
        "EBITDA": NaN,
        "EBIT": NaN,
        "Net Interest Income": NaN,
        "Interest Expense": NaN,
        "Normalized Income": NaN,
        "Net Income From Continuing And Discontinued Operation": NaN,
        "Total Expenses": NaN,
        "Total Operating Income As Reported": NaN,
        "Diluted Average Shares": 1103844154.0,
        "Basic Average Shares": 1101245262.0,
        "Diluted EPS": 2.63,
        "Basic EPS": 2.63,
        "Diluted NI Availto Com Stockholders": NaN,
        "Net Income Common Stockholders": NaN,
        "Net Income": NaN,
        "Net Income Including Noncontrolling Interests": NaN,
        "Net Income Continuous Operations": NaN,
        "Tax Provision": NaN,
        "Pretax Income": NaN,
        "Other Income Expense": NaN,
        "Other Non Operating Income Expenses": NaN,
        "Special Income Charges": NaN,
        "Other Special Charges": 8000000.0,
        "Impairment Of Capital Assets": 0.0,
        "Restructuring And Mergern Acquisition": NaN,
        "Gain On Sale Of Security": NaN,
        "Net Non Operating Interest Income Expense": NaN,
        "Total Other Finance Cost": 3000000.0,
        "Interest Expense Non Operating": NaN,
        "Operating Income": NaN,
        "Operating Expense": NaN,
        "Other Operating Expenses": NaN,
        "Other Taxes": NaN,
        "Selling General And Administration": NaN,
        "General And Administrative Expense": NaN,
        "Other Gand A": NaN,
        "Gross Profit": NaN,
        "Cost Of Revenue": NaN,
        "Total Revenue": NaN,
        "Operating Revenue": NaN
    },
    "2022-09-30": {
        "Tax Effect Of Unusual Items": NaN,
        "Tax Rate For Calcs": NaN,
        "Normalized EBITDA": NaN,
        "Total Unusual Items": NaN,
        "Total Unusual Items Excluding Goodwill": NaN,
        "Net Income From Continuing Operation Net Minority Interest": NaN,
        "Reconciled Depreciation": NaN,
        "Reconciled Cost Of Revenue": NaN,
        "EBITDA": NaN,
        "EBIT": NaN,
        "Net Interest Income": NaN,
        "Interest Expense": NaN,
        "Normalized Income": NaN,
        "Net Income From Continuing And Discontinued Operation": NaN,
        "Total Expenses": NaN,
        "Total Operating Income As Reported": NaN,
        "Diluted Average Shares": NaN,
        "Basic Average Shares": NaN,
        "Diluted EPS": NaN,
        "Basic EPS": NaN,
        "Diluted NI Availto Com Stockholders": NaN,
        "Net Income Common Stockholders": NaN,
        "Net Income": NaN,
        "Net Income Including Noncontrolling Interests": NaN,
        "Net Income Continuous Operations": NaN,
        "Tax Provision": NaN,
        "Pretax Income": NaN,
        "Other Income Expense": NaN,
        "Other Non Operating Income Expenses": NaN,
        "Special Income Charges": NaN,
        "Other Special Charges": NaN,
        "Write Off": 0.0,
        "Impairment Of Capital Assets": 0.0,
        "Restructuring And Mergern Acquisition": NaN,
        "Gain On Sale Of Security": NaN,
        "Net Non Operating Interest Income Expense": NaN,
        "Total Other Finance Cost": 3000000.0,
        "Interest Expense Non Operating": NaN,
        "Operating Income": NaN,
        "Operating Expense": NaN,
        "Other Operating Expenses": NaN,
        "Other Taxes": NaN,
        "Selling General And Administration": NaN,
        "General And Administrative Expense": NaN,
        "Other Gand A": NaN,
        "Gross Profit": NaN,
        "Cost Of Revenue": NaN,
        "Total Revenue": NaN,
        "Operating Revenue": NaN
    },
    "2022-06-30": {
        "Tax Effect Of Unusual Items": -17700000.0,
        "Tax Rate For Calcs": 0.02,
        "Normalized EBITDA": 2416000000.0,
        "Total Unusual Items": -885000000.0,
        "Total Unusual Items Excluding Goodwill": -885000000.0,
        "Net Income From Continuing Operation Net Minority Interest": 1173000000.0,
        "Reconciled Depreciation": 288000000.0,
        "Reconciled Cost Of Revenue": 1503000000.0,
        "EBITDA": 1531000000.0,
        "EBIT": 1243000000.0,
        "Net Interest Income": -48000000.0,
        "Interest Expense": 44000000.0,
        "Normalized Income": 2040300000.0,
        "Net Income From Continuing And Discontinued Operation": 1173000000.0,
        "Total Expenses": 2005000000.0,
        "Total Operating Income As Reported": 2131000000.0,
        "Diluted Average Shares": 1118244778.0,
        "Basic Average Shares": 1116175758.0,
        "Diluted EPS": 1.05,
        "Basic EPS": 1.05,
        "Diluted NI Availto Com Stockholders": 1173000000.0,
        "Net Income Common Stockholders": 1173000000.0,
        "Net Income": 1173000000.0,
        "Net Income Including Noncontrolling Interests": 1173000000.0,
        "Net Income Continuous Operations": 1173000000.0,
        "Tax Provision": 26000000.0,
        "Pretax Income": 1199000000.0,
        "Other Income Expense": -886000000.0,
        "Other Non Operating Income Expenses": -1000000.0,
        "Special Income Charges": -6000000.0,
        "Other Special Charges": 4000000.0,
        "Write Off": NaN,
        "Impairment Of Capital Assets": NaN,
        "Restructuring And Mergern Acquisition": 2000000.0,
        "Gain On Sale Of Security": -879000000.0,
        "Net Non Operating Interest Income Expense": -48000000.0,
        "Total Other Finance Cost": 4000000.0,
        "Interest Expense Non Operating": 44000000.0,
        "Operating Income": 2133000000.0,
        "Operating Expense": 502000000.0,
        "Other Operating Expenses": 402000000.0,
        "Other Taxes": 65000000.0,
        "Selling General And Administration": 35000000.0,
        "General And Administrative Expense": 35000000.0,
        "Other Gand A": 35000000.0,
        "Gross Profit": 2635000000.0,
        "Cost Of Revenue": 1503000000.0,
        "Total Revenue": 4138000000.0,
        "Operating Revenue": 4140000000.0
    },
    "2023-06-30": {
        "Tax Effect Of Unusual Items": 66570000.0,
        "Tax Rate For Calcs": 0.21,
        "Normalized EBITDA": 271000000.0,
        "Total Unusual Items": 317000000.0,
        "Total Unusual Items Excluding Goodwill": 317000000.0,
        "Net Income From Continuing Operation Net Minority Interest": 231000000.0,
        "Reconciled Depreciation": 328000000.0,
        "Reconciled Cost Of Revenue": 809000000.0,
        "EBITDA": 588000000.0,
        "EBIT": 260000000.0,
        "Net Interest Income": -34000000.0,
        "Interest Expense": 34000000.0,
        "Normalized Income": -19430000.0,
        "Net Income From Continuing And Discontinued Operation": 231000000.0,
        "Total Expenses": 1326000000.0,
        "Total Operating Income As Reported": -57000000.0,
        "Diluted Average Shares": 1102724782.0,
        "Basic Average Shares": 1101167082.0,
        "Diluted EPS": 0.21,
        "Basic EPS": 0.21,
        "Diluted NI Availto Com Stockholders": 231000000.0,
        "Net Income Common Stockholders": 231000000.0,
        "Net Income": 231000000.0,
        "Net Income Including Noncontrolling Interests": 231000000.0,
        "Net Income Continuous Operations": 231000000.0,
        "Tax Provision": -5000000.0,
        "Pretax Income": 226000000.0,
        "Other Income Expense": 317000000.0,
        "Other Non Operating Income Expenses": NaN,
        "Special Income Charges": 0.0,
        "Other Special Charges": NaN,
        "Impairment Of Capital Assets": NaN,
        "Restructuring And Mergern Acquisition": 0.0,
        "Gain On Sale Of Security": 317000000.0,
        "Net Non Operating Interest Income Expense": -34000000.0,
        "Total Other Finance Cost": NaN,
        "Interest Expense Non Operating": 34000000.0,
        "Operating Income": -57000000.0,
        "Operating Expense": 517000000.0,
        "Other Operating Expenses": 418000000.0,
        "Other Taxes": 58000000.0,
        "Selling General And Administration": 41000000.0,
        "General And Administrative Expense": 41000000.0,
        "Other Gand A": 41000000.0,
        "Gross Profit": 460000000.0,
        "Cost Of Revenue": 809000000.0,
        "Total Revenue": 1269000000.0,
        "Operating Revenue": 1271000000.0
    },
    "2022-03-31": {
        "Diluted EPS": -2.4,
        "Total Revenue": NaN,
        "Gross Profit": NaN,
        "Operating Income": NaN,
        "EBIT": NaN,
        "Net Income": NaN
    },
    "2021-12-31": {
        "Diluted EPS": 3.11,
        "Total Revenue": NaN,
        "Gross Profit": NaN,
        "Operating Income": NaN,
        "EBIT": NaN,
        "Net Income": NaN
    },
    "2021-09-30": {
        "Diluted EPS": -2.36,
        "Total Revenue": NaN,
        "Gross Profit": NaN,
        "Operating Income": 636,
        "EBIT": 776,
        "Net Income": NaN
    },
    "2021-06-30": {
        "Diluted EPS": -0.9,
        "Total Revenue": NaN,
        "Gross Profit": 717,
        "Operating Income": 293,
        "EBIT": 395,
        "Net Income": -609
    },
    "2021-03-31": {
        "Diluted EPS": 0.12,
        "Total Revenue": NaN,
        "Gross Profit": 716,
        "Operating Income": 301,
        "EBIT": 399,
        "Net Income": 80
    },
    "2020-12-31": {
        "Diluted EPS": 0.11,
        "Total Revenue": 779,
        "Gross Profit": 508,
        "Operating Income": -244,
        "EBIT": -151,
        "Net Income": -92
    },
    "2020-09-30": {
        "Diluted EPS": -1.04,
        "Total Revenue": 527,
        "Gross Profit": 301,
        "Operating Income": -381,
        "EBIT": -309,
        "Net Income": -593
    },
    "2020-06-30": {
        "Diluted EPS": -1.63,
        "Total Revenue": 410,
        "Gross Profit": 209,
        "Operating Income": -756,
        "EBIT": -669,
        "Net Income": -880
    },
    "2020-03-31": {
        "Diluted EPS": -2.86,
        "Total Revenue": 592,
        "Gross Profit": 344,
        "Operating Income": NaN,
        "EBIT": NaN,
        "Net Income": NaN
    },
    "2019-12-31": {
        "Diluted EPS": 0.2,
        "Total Revenue": 745,
        "Gross Profit": 447,
        "Operating Income": 64,
        "EBIT": 186,
        "Net Income": 110
    },
    "2019-09-30": {
        "Diluted EPS": 0.09,
        "Total Revenue": 636,
        "Gross Profit": 348,
        "Operating Income": -29,
        "EBIT": 99,
        "Net Income": 49
    },
    "2019-06-30": {
        "Diluted EPS": 0.26,
        "Total Revenue": 667,
        "Gross Profit": 374,
        "Operating Income": 22,
        "EBIT": 138,
        "Net Income": 138
    },
    "2019-03-31": {
        "Diluted EPS": 1.1,
        "Total Revenue": 990,
        "Gross Profit": 549,
        "Operating Income": 213,
        "EBIT": 326,
        "Net Income": 594
    },
    "2018-12-31": {
        "Diluted EPS": 0.53,
        "Total Revenue": NaN,
        "Gross Profit": 754,
        "Operating Income": 352,
        "EBIT": 488,
        "Net Income": 308
    },
    "2018-09-30": {
        "Diluted EPS": -0.05,
        "Total Revenue": 951,
        "Gross Profit": 663,
        "Operating Income": 66,
        "EBIT": 209,
        "Net Income": -29
    },
    "2018-06-30": {
        "Diluted EPS": 0.09,
        "Total Revenue": 816,
        "Gross Profit": 551,
        "Operating Income": 124,
        "EBIT": 268,
        "Net Income": 51
    },
    "2018-03-31": {
        "Diluted EPS": 0.36,
        "Total Revenue": 920,
        "Gross Profit": 665,
        "Operating Income": 255,
        "EBIT": 400,
        "Net Income": 205
    },
    "2017-12-31": {
        "Diluted EPS": 0.52,
        "Total Revenue": 809,
        "Gross Profit": 573,
        "Operating Income": 167,
        "EBIT": 309,
        "Net Income": 267
    },
    "2017-09-30": {
        "Diluted EPS": 0.09,
        "Total Revenue": 737,
        "Gross Profit": 501,
        "Operating Income": 110,
        "EBIT": 248,
        "Net Income": 43
    },
    "2017-06-30": {
        "Diluted EPS": 0.45,
        "Total Revenue": 811,
        "Gross Profit": 558,
        "Operating Income": 188,
        "EBIT": 313,
        "Net Income": 224
    },
    "2017-03-31": {
        "Diluted EPS": 0.57,
        "Total Revenue": 846,
        "Gross Profit": 595,
        "Operating Income": 266,
        "EBIT": 374,
        "Net Income": 281
    },
    "2016-12-31": {
        "Diluted EPS": -0.16,
        "Total Revenue": 684,
        "Gross Profit": 447,
        "Operating Income": 127,
        "EBIT": 216,
        "Net Income": -237
    },
    "2016-09-30": {
        "Diluted EPS": -1.52,
        "Total Revenue": 651,
        "Gross Profit": 417,
        "Operating Income": -725,
        "EBIT": -618,
        "Net Income": -735
    },
    "2016-06-30": {
        "Diluted EPS": -1.61,
        "Total Revenue": 522,
        "Gross Profit": 325,
        "Operating Income": -492,
        "EBIT": -383,
        "Net Income": -620
    },
    "2016-03-31": {
        "Diluted EPS": -3.03,
        "Total Revenue": 579,
        "Gross Profit": 383,
        "Operating Income": NaN,
        "EBIT": -955,
        "Net Income": NaN
    },
    "2015-12-31": {
        "Diluted EPS": -5.62,
        "Total Revenue": 687,
        "Gross Profit": 489,
        "Operating Income": NaN,
        "EBIT": NaN,
        "Net Income": NaN
    },
    "2015-09-30": {
        "Diluted EPS": -4.62,
        "Total Revenue": 749,
        "Gross Profit": 536,
        "Operating Income": NaN,
        "EBIT": NaN,
        "Net Income": NaN
    },
    "2015-06-30": {
        "Diluted EPS": -2.13,
        "Total Revenue": 764,
        "Gross Profit": 545,
        "Operating Income": NaN,
        "EBIT": -971,
        "Net Income": -815
    },
    "2015-03-31": {
        "Diluted EPS": 0.12,
        "Total Revenue": 933,
        "Gross Profit": 711,
        "Operating Income": 165,
        "EBIT": 504,
        "Net Income": 46
    },
    "2014-12-31": {
        "Diluted EPS": 0.88,
        "Total Revenue": 962,
        "Gross Profit": 734,
        "Operating Income": 285,
        "EBIT": 541,
        "Net Income": 312
    },
    "2014-09-30": {
        "Diluted EPS": 0.6,
        "Total Revenue": 928,
        "Gross Profit": 708,
        "Operating Income": 286,
        "EBIT": 525,
        "Net Income": 211
    },
    "2014-06-30": {
        "Diluted EPS": 0.59,
        "Total Revenue": NaN,
        "Gross Profit": 774,
        "Operating Income": 367,
        "EBIT": 598,
        "Net Income": 207
    },
    "2014-03-31": {
        "Diluted EPS": 0.55,
        "Total Revenue": NaN,
        "Gross Profit": 842,
        "Operating Income": 435,
        "EBIT": 661,
        "Net Income": 194
    },
    "2013-12-31": {
        "Diluted EPS": 0.41,
        "Total Revenue": 907,
        "Gross Profit": 700,
        "Operating Income": 318,
        "EBIT": 535,
        "Net Income": 144
    },
    "2013-09-30": {
        "Diluted EPS": 0.53,
        "Total Revenue": 868,
        "Gross Profit": 673,
        "Operating Income": 309,
        "EBIT": 515,
        "Net Income": 186
    },
    "2013-06-30": {
        "Diluted EPS": 0.7,
        "Total Revenue": 862,
        "Gross Profit": 662,
        "Operating Income": 325,
        "EBIT": 513,
        "Net Income": 246
    },
    "2013-03-31": {
        "Diluted EPS": 0.36,
        "Total Revenue": 734,
        "Gross Profit": 554,
        "Operating Income": 252,
        "EBIT": 432,
        "Net Income": 128
    },
    "2012-12-31": {
        "Diluted EPS": -1.02,
        "Total Revenue": 777,
        "Gross Profit": 609,
        "Operating Income": -573,
        "EBIT": -366,
        "Net Income": -356
    },
    "2012-09-30": {
        "Diluted EPS": -0.16,
        "Total Revenue": 692,
        "Gross Profit": 542,
        "Operating Income": -66,
        "EBIT": 139,
        "Net Income": -54
    },
    "2012-06-30": {
        "Diluted EPS": -1.16,
        "Total Revenue": 606,
        "Gross Profit": 478,
        "Operating Income": -646,
        "EBIT": -437,
        "Net Income": -405
    },
    "2012-03-31": {
        "Diluted EPS": 0.31,
        "Total Revenue": 655,
        "Gross Profit": 508,
        "Operating Income": 184,
        "EBIT": 379,
        "Net Income": 108
    },
    "2011-12-31": {
        "Diluted EPS": 0.45,
        "Total Revenue": 743,
        "Gross Profit": 579,
        "Operating Income": 262,
        "EBIT": 453,
        "Net Income": 159
    },
    "2011-09-30": {
        "Diluted EPS": 0.5,
        "Total Revenue": 767,
        "Gross Profit": 592,
        "Operating Income": 296,
        "EBIT": 476,
        "Net Income": 175
    },
    "2011-06-30": {
        "Diluted EPS": 0.48,
        "Total Revenue": 765,
        "Gross Profit": 565,
        "Operating Income": 283,
        "EBIT": 455,
        "Net Income": 167
    },
    "2011-03-31": {
        "Diluted EPS": 0.39,
        "Total Revenue": 676,
        "Gross Profit": 506,
        "Operating Income": 233,
        "EBIT": 397,
        "Net Income": 137
    },
    "2010-12-31": {
        "Diluted EPS": 0.43,
        "Total Revenue": 670,
        "Gross Profit": 517,
        "Operating Income": 257,
        "EBIT": 413,
        "Net Income": 150
    },
    "2010-09-30": {
        "Diluted EPS": 0.46,
        "Total Revenue": 682,
        "Gross Profit": 524,
        "Operating Income": 270,
        "EBIT": 422,
        "Net Income": 161
    },
    "2010-06-30": {
        "Diluted EPS": 0.35,
        "Total Revenue": 590,
        "Gross Profit": 448,
        "Operating Income": 206,
        "EBIT": 351,
        "Net Income": 122
    },
    "2010-03-31": {
        "Diluted EPS": 0.49,
        "Total Revenue": 668,
        "Gross Profit": 510,
        "Operating Income": 288,
        "EBIT": 428,
        "Net Income": 172
    },
    "2009-12-31": {
        "Diluted EPS": 0.47,
        "Total Revenue": 624,
        "Gross Profit": 495,
        "Operating Income": 266,
        "EBIT": 404,
        "Net Income": 158
    },
    "2009-09-30": {
        "Diluted EPS": 0.34,
        "Total Revenue": 503,
        "Gross Profit": 390,
        "Operating Income": 197,
        "EBIT": 311,
        "Net Income": 118
    },
    "2009-06-30": {
        "Diluted EPS": 0.35,
        "Total Revenue": 478,
        "Gross Profit": 386,
        "Operating Income": 202,
        "EBIT": 321,
        "Net Income": 121
    },
    "2009-03-31": {
        "Diluted EPS": -1.26,
        "Total Revenue": 541,
        "Gross Profit": 392,
        "Operating Income": -700,
        "EBIT": -576,
        "Net Income": -433
    },
    "2023-09-30": {
        "Tax Effect Of Unusual Items": 30690000.0,
        "Tax Rate For Calcs": 0.33,
        "Normalized EBITDA": 347000000.0,
        "Total Unusual Items": 93000000.0,
        "Total Unusual Items Excluding Goodwill": 93000000.0,
        "Net Income From Continuing Operation Net Minority Interest": 45000000.0,
        "Reconciled Depreciation": 338000000.0,
        "Reconciled Cost Of Revenue": 883000000.0,
        "EBITDA": 440000000.0,
        "EBIT": 102000000.0,
        "Net Interest Income": -36000000.0,
        "Interest Expense": 36000000.0,
        "Normalized Income": -17310000.0,
        "Net Income From Continuing And Discontinued Operation": 45000000.0,
        "Total Expenses": 1436000000.0,
        "Total Operating Income As Reported": 7000000.0,
        "Diluted Average Shares": 1104027634.0,
        "Basic Average Shares": 1101231113.0,
        "Diluted EPS": 0.04,
        "Basic EPS": 0.04,
        "Diluted NI Availto Com Stockholders": 45000000.0,
        "Net Income Common Stockholders": 45000000.0,
        "Net Income": 45000000.0,
        "Net Income Including Noncontrolling Interests": 45000000.0,
        "Net Income Continuous Operations": 45000000.0,
        "Tax Provision": 21000000.0,
        "Pretax Income": 66000000.0,
        "Other Income Expense": 95000000.0,
        "Other Non Operating Income Expenses": 2000000.0,
        "Special Income Charges": 0.0,
        "Other Special Charges": NaN,
        "Impairment Of Capital Assets": NaN,
        "Restructuring And Mergern Acquisition": 0.0,
        "Gain On Sale Of Security": 93000000.0,
        "Net Non Operating Interest Income Expense": -36000000.0,
        "Total Other Finance Cost": NaN,
        "Interest Expense Non Operating": 36000000.0,
        "Operating Income": 7000000.0,
        "Operating Expense": 553000000.0,
        "Other Operating Expenses": 444000000.0,
        "Other Taxes": 63000000.0,
        "Selling General And Administration": 46000000.0,
        "General And Administrative Expense": 46000000.0,
        "Other Gand A": 46000000.0,
        "Gross Profit": 560000000.0,
        "Cost Of Revenue": 883000000.0,
        "Total Revenue": 1443000000.0,
        "Operating Revenue": 1443000000.0
    },
    "2023-12-31": {
        "Tax Effect Of Unusual Items": -328822905.620361,
        "Tax Rate For Calcs": 0.302227,
        "Normalized EBITDA": 509000000.0,
        "Total Unusual Items": -1088000000.0,
        "Total Unusual Items Excluding Goodwill": -1088000000.0,
        "Net Income From Continuing Operation Net Minority Interest": -658000000.0,
        "Reconciled Depreciation": 328000000.0,
        "Reconciled Cost Of Revenue": 966000000.0,
        "EBITDA": -579000000.0,
        "EBIT": -907000000.0,
        "Net Interest Income": -36000000.0,
        "Interest Expense": 36000000.0,
        "Normalized Income": 101177094.379639,
        "Net Income From Continuing And Discontinued Operation": -658000000.0,
        "Total Expenses": 1512000000.0,
        "Total Operating Income As Reported": -1530000000.0,
        "Diluted Average Shares": NaN,
        "Basic Average Shares": NaN,
        "Diluted EPS": NaN,
        "Basic EPS": NaN,
        "Diluted NI Availto Com Stockholders": -658000000.0,
        "Net Income Common Stockholders": -658000000.0,
        "Net Income": -658000000.0,
        "Net Income Including Noncontrolling Interests": -658000000.0,
        "Net Income Continuous Operations": -658000000.0,
        "Tax Provision": -285000000.0,
        "Pretax Income": -943000000.0,
        "Other Income Expense": -1087000000.0,
        "Other Non Operating Income Expenses": 1000000.0,
        "Special Income Charges": -1710000000.0,
        "Other Special Charges": 0.0,
        "Impairment Of Capital Assets": NaN,
        "Restructuring And Mergern Acquisition": 0.0,
        "Gain On Sale Of Security": 622000000.0,
        "Net Non Operating Interest Income Expense": -36000000.0,
        "Total Other Finance Cost": NaN,
        "Interest Expense Non Operating": 36000000.0,
        "Operating Income": 180000000.0,
        "Operating Expense": 546000000.0,
        "Other Operating Expenses": 437000000.0,
        "Other Taxes": 55000000.0,
        "Selling General And Administration": 54000000.0,
        "General And Administrative Expense": 54000000.0,
        "Other Gand A": 54000000.0,
        "Gross Profit": 726000000.0,
        "Cost Of Revenue": 966000000.0,
        "Total Revenue": 1692000000.0,
        "Operating Revenue": 1691000000.0
    },
    "2024-03-31": {
        "Tax Effect Of Unusual Items": -434720000.0,
        "Tax Rate For Calcs": 0.22,
        "Normalized EBITDA": 308000000.0,
        "Total Unusual Items": -1976000000.0,
        "Total Unusual Items Excluding Goodwill": -1976000000.0,
        "Net Income From Continuing Operation Net Minority Interest": -1535000000.0,
        "Reconciled Depreciation": 262000000.0,
        "Reconciled Cost Of Revenue": 850000000.0,
        "EBITDA": -1668000000.0,
        "EBIT": -1930000000.0,
        "Net Interest Income": -35000000.0,
        "Interest Expense": 35000000.0,
        "Normalized Income": 6280000.0,
        "Net Income From Continuing And Discontinued Operation": -1535000000.0,
        "Total Expenses": 1372000000.0,
        "Total Operating Income As Reported": -2057000000.0,
        "Diluted Average Shares": 1101824856.0,
        "Basic Average Shares": 1101824856.0,
        "Diluted EPS": -1.39,
        "Basic EPS": -1.39,
        "Diluted NI Availto Com Stockholders": -1535000000.0,
        "Net Income Common Stockholders": -1535000000.0,
        "Net Income": -1535000000.0,
        "Net Income Including Noncontrolling Interests": -1535000000.0,
        "Net Income Continuous Operations": -1535000000.0,
        "Tax Provision": -430000000.0,
        "Pretax Income": -1965000000.0,
        "Other Income Expense": -1975000000.0,
        "Other Non Operating Income Expenses": 1000000.0,
        "Special Income Charges": -2102000000.0,
        "Other Special Charges": NaN,
        "Impairment Of Capital Assets": 2093000000.0,
        "Restructuring And Mergern Acquisition": 9000000.0,
        "Gain On Sale Of Security": 126000000.0,
        "Net Non Operating Interest Income Expense": -35000000.0,
        "Total Other Finance Cost": NaN,
        "Interest Expense Non Operating": 35000000.0,
        "Operating Income": 45000000.0,
        "Operating Expense": 522000000.0,
        "Other Operating Expenses": 417000000.0,
        "Other Taxes": 49000000.0,
        "Selling General And Administration": 56000000.0,
        "General And Administrative Expense": 56000000.0,
        "Other Gand A": 56000000.0,
        "Gross Profit": 567000000.0,
        "Cost Of Revenue": 850000000.0,
        "Total Revenue": 1417000000.0,
        "Operating Revenue": 1419000000.0
    },
    "2024-06-30": {
        "Tax Effect Of Unusual Items": -148720000.0,
        "Tax Rate For Calcs": 0.22,
        "Normalized EBITDA": 155000000.0,
        "Total Unusual Items": -676000000.0,
        "Total Unusual Items Excluding Goodwill": -676000000.0,
        "Net Income From Continuing Operation Net Minority Interest": -608000000.0,
        "Reconciled Depreciation": 226000000.0,
        "Reconciled Cost Of Revenue": 659000000.0,
        "EBITDA": -521000000.0,
        "EBIT": -747000000.0,
        "Net Interest Income": -37000000.0,
        "Interest Expense": 37000000.0,
        "Normalized Income": -80720000.0,
        "Net Income From Continuing And Discontinued Operation": -608000000.0,
        "Total Expenses": 1151000000.0,
        "Total Operating Income As Reported": -709000000.0,
        "Diluted Average Shares": NaN,
        "Basic Average Shares": NaN,
        "Diluted EPS": NaN,
        "Basic EPS": NaN,
        "Diluted NI Availto Com Stockholders": -608000000.0,
        "Net Income Common Stockholders": -608000000.0,
        "Net Income": -608000000.0,
        "Net Income Including Noncontrolling Interests": -608000000.0,
        "Net Income Continuous Operations": -608000000.0,
        "Tax Provision": -176000000.0,
        "Pretax Income": -784000000.0,
        "Other Income Expense": -679000000.0,
        "Other Non Operating Income Expenses": -3000000.0,
        "Special Income Charges": -641000000.0,
        "Other Special Charges": NaN,
        "Impairment Of Capital Assets": 631000000.0,
        "Restructuring And Mergern Acquisition": 10000000.0,
        "Gain On Sale Of Security": -35000000.0,
        "Net Non Operating Interest Income Expense": -37000000.0,
        "Total Other Finance Cost": NaN,
        "Interest Expense Non Operating": 37000000.0,
        "Operating Income": -68000000.0,
        "Operating Expense": 492000000.0,
        "Other Operating Expenses": 403000000.0,
        "Other Taxes": 44000000.0,
        "Selling General And Administration": 45000000.0,
        "General And Administrative Expense": 45000000.0,
        "Other Gand A": 45000000.0,
        "Gross Profit": 424000000.0,
        "Cost Of Revenue": 659000000.0,
        "Total Revenue": 1083000000.0,
        "Operating Revenue": 1083000000.0
    }
}