{
    "2023-03-31": {
        "Tax Effect Of Unusual Items": NaN,
        "Tax Rate For Calcs": NaN,
        "Normalized EBITDA": NaN,
        "Total Unusual Items": NaN,
        "Total Unusual Items Excluding Goodwill": NaN,
        "Net Income From Continuing Operation Net Minority Interest": NaN,
        "Reconciled Depreciation": NaN,
        "Reconciled Cost Of Revenue": NaN,
        "EBITDA": NaN,
        "EBIT": NaN,
        "Net Interest Income": NaN,
        "Interest Expense": NaN,
        "Interest Income": NaN,
        "Normalized Income": NaN,
        "Net Income From Continuing And Discontinued Operation": NaN,
        "Total Expenses": NaN,
        "Total Operating Income As Reported": NaN,
        "Diluted Average Shares": NaN,
        "Basic Average Shares": NaN,
        "Diluted EPS": NaN,
        "Basic EPS": NaN,
        "Diluted NI Availto Com Stockholders": NaN,
        "Net Income Common Stockholders": NaN,
        "Net Income": NaN,
        "Minority Interests": NaN,
        "Net Income Including Noncontrolling Interests": NaN,
        "Net Income Continuous Operations": NaN,
        "Tax Provision": NaN,
        "Pretax Income": NaN,
        "Other Income Expense": NaN,
        "Other Non Operating Income Expenses": NaN,
        "Special Income Charges": NaN,
        "Other Special Charges": -82000.0,
        "Impairment Of Capital Assets": NaN,
        "Earnings From Equity Interest": NaN,
        "Gain On Sale Of Security": NaN,
        "Net Non Operating Interest Income Expense": NaN,
        "Interest Expense Non Operating": NaN,
        "Interest Income Non Operating": NaN,
        "Operating Income": NaN,
        "Operating Expense": NaN,
        "Other Taxes": NaN,
        "Depreciation Amortization Depletion Income Statement": NaN,
        "Depreciation And Amortization In Income Statement": NaN,
        "Selling General And Administration": NaN,
        "General And Administrative Expense": NaN,
        "Other Gand A": NaN,
        "Gross Profit": NaN,
        "Cost Of Revenue": NaN,
        "Total Revenue": NaN,
        "Operating Revenue": NaN
    },
    "2022-12-31": {
        "Tax Effect Of Unusual Items": NaN,
        "Tax Rate For Calcs": NaN,
        "Normalized EBITDA": NaN,
        "Total Unusual Items": NaN,
        "Total Unusual Items Excluding Goodwill": NaN,
        "Net Income From Continuing Operation Net Minority Interest": NaN,
        "Reconciled Depreciation": NaN,
        "Reconciled Cost Of Revenue": NaN,
        "EBITDA": NaN,
        "EBIT": NaN,
        "Net Interest Income": NaN,
        "Interest Expense": NaN,
        "Interest Income": NaN,
        "Normalized Income": NaN,
        "Net Income From Continuing And Discontinued Operation": NaN,
        "Total Expenses": NaN,
        "Total Operating Income As Reported": NaN,
        "Diluted Average Shares": NaN,
        "Basic Average Shares": NaN,
        "Diluted EPS": NaN,
        "Basic EPS": NaN,
        "Diluted NI Availto Com Stockholders": NaN,
        "Net Income Common Stockholders": NaN,
        "Net Income": NaN,
        "Minority Interests": NaN,
        "Net Income Including Noncontrolling Interests": NaN,
        "Net Income Continuous Operations": NaN,
        "Tax Provision": NaN,
        "Pretax Income": NaN,
        "Other Income Expense": NaN,
        "Other Non Operating Income Expenses": NaN,
        "Special Income Charges": NaN,
        "Other Special Charges": 447000.0,
        "Impairment Of Capital Assets": NaN,
        "Earnings From Equity Interest": NaN,
        "Gain On Sale Of Security": NaN,
        "Net Non Operating Interest Income Expense": NaN,
        "Interest Expense Non Operating": NaN,
        "Interest Income Non Operating": NaN,
        "Operating Income": NaN,
        "Operating Expense": NaN,
        "Other Taxes": NaN,
        "Depreciation Amortization Depletion Income Statement": NaN,
        "Depreciation And Amortization In Income Statement": NaN,
        "Selling General And Administration": NaN,
        "General And Administrative Expense": NaN,
        "Other Gand A": NaN,
        "Gross Profit": NaN,
        "Cost Of Revenue": NaN,
        "Total Revenue": NaN,
        "Operating Revenue": NaN
    },
    "2022-09-30": {
        "Tax Effect Of Unusual Items": NaN,
        "Tax Rate For Calcs": NaN,
        "Normalized EBITDA": NaN,
        "Total Unusual Items": NaN,
        "Total Unusual Items Excluding Goodwill": NaN,
        "Net Income From Continuing Operation Net Minority Interest": NaN,
        "Reconciled Depreciation": NaN,
        "Reconciled Cost Of Revenue": NaN,
        "EBITDA": NaN,
        "EBIT": NaN,
        "Net Interest Income": NaN,
        "Interest Expense": NaN,
        "Interest Income": NaN,
        "Normalized Income": NaN,
        "Net Income From Continuing And Discontinued Operation": NaN,
        "Total Expenses": NaN,
        "Total Operating Income As Reported": NaN,
        "Diluted Average Shares": NaN,
        "Basic Average Shares": NaN,
        "Diluted EPS": NaN,
        "Basic EPS": NaN,
        "Diluted NI Availto Com Stockholders": NaN,
        "Net Income Common Stockholders": NaN,
        "Net Income": NaN,
        "Minority Interests": NaN,
        "Net Income Including Noncontrolling Interests": NaN,
        "Net Income Continuous Operations": NaN,
        "Tax Provision": NaN,
        "Pretax Income": NaN,
        "Other Income Expense": NaN,
        "Other Non Operating Income Expenses": NaN,
        "Special Income Charges": NaN,
        "Other Special Charges": -337000.0,
        "Impairment Of Capital Assets": NaN,
        "Earnings From Equity Interest": NaN,
        "Gain On Sale Of Security": NaN,
        "Net Non Operating Interest Income Expense": NaN,
        "Interest Expense Non Operating": NaN,
        "Interest Income Non Operating": NaN,
        "Operating Income": NaN,
        "Operating Expense": NaN,
        "Other Taxes": NaN,
        "Depreciation Amortization Depletion Income Statement": NaN,
        "Depreciation And Amortization In Income Statement": NaN,
        "Selling General And Administration": NaN,
        "General And Administrative Expense": NaN,
        "Other Gand A": NaN,
        "Gross Profit": NaN,
        "Cost Of Revenue": NaN,
        "Total Revenue": NaN,
        "Operating Revenue": NaN
    },
    "2022-06-30": {
        "Tax Effect Of Unusual Items": 212400.0,
        "Tax Rate For Calcs": 0.4,
        "Normalized EBITDA": 150304000.0,
        "Total Unusual Items": 531000.0,
        "Total Unusual Items Excluding Goodwill": 531000.0,
        "Net Income From Continuing Operation Net Minority Interest": -6575000.0,
        "Reconciled Depreciation": 108010000.0,
        "Reconciled Cost Of Revenue": 969844000.0,
        "EBITDA": 150835000.0,
        "EBIT": 42825000.0,
        "Net Interest Income": -50008000.0,
        "Interest Expense": 53206000.0,
        "Interest Income": 3198000.0,
        "Normalized Income": -6893600.0,
        "Net Income From Continuing And Discontinued Operation": -6575000.0,
        "Total Expenses": 1100460000.0,
        "Total Operating Income As Reported": 45660000.0,
        "Diluted Average Shares": 67045000.0,
        "Basic Average Shares": 67045000.0,
        "Diluted EPS": -0.1,
        "Basic EPS": -0.1,
        "Diluted NI Availto Com Stockholders": -6575000.0,
        "Net Income Common Stockholders": -6575000.0,
        "Net Income": -6575000.0,
        "Minority Interests": -494000.0,
        "Net Income Including Noncontrolling Interests": -6081000.0,
        "Net Income Continuous Operations": -6081000.0,
        "Tax Provision": -4300000.0,
        "Pretax Income": -10381000.0,
        "Other Income Expense": -6033000.0,
        "Other Non Operating Income Expenses": -7292000.0,
        "Special Income Charges": 317000.0,
        "Other Special Charges": -317000.0,
        "Impairment Of Capital Assets": NaN,
        "Earnings From Equity Interest": 728000.0,
        "Gain On Sale Of Security": 214000.0,
        "Net Non Operating Interest Income Expense": -50008000.0,
        "Interest Expense Non Operating": 53206000.0,
        "Interest Income Non Operating": 3198000.0,
        "Operating Income": 45660000.0,
        "Operating Expense": 130616000.0,
        "Other Taxes": 22606000.0,
        "Depreciation Amortization Depletion Income Statement": 108010000.0,
        "Depreciation And Amortization In Income Statement": 108010000.0,
        "Selling General And Administration": NaN,
        "General And Administrative Expense": NaN,
        "Other Gand A": NaN,
        "Gross Profit": 176276000.0,
        "Cost Of Revenue": 969844000.0,
        "Total Revenue": 1146120000.0,
        "Operating Revenue": 1146120000.0
    },
    "2022-03-31": {
        "Diluted EPS": 1.58,
        "Total Revenue": NaN,
        "Gross Profit": 968,
        "Operating Income": 168,
        "EBIT": 291,
        "Net Income": 96
    },
    "2021-12-31": {
        "Diluted EPS": 1.12,
        "Total Revenue": NaN,
        "Gross Profit": 950,
        "Operating Income": 114,
        "EBIT": 217,
        "Net Income": 70
    },
    "2021-09-30": {
        "Diluted EPS": -0.19,
        "Total Revenue": 889,
        "Gross Profit": 825,
        "Operating Income": 23,
        "EBIT": 115,
        "Net Income": -12
    },
    "2021-06-30": {
        "Diluted EPS": 0.43,
        "Total Revenue": 821,
        "Gross Profit": 745,
        "Operating Income": 59,
        "EBIT": 142,
        "Net Income": 25
    },
    "2021-03-31": {
        "Diluted EPS": 2.03,
        "Total Revenue": 886,
        "Gross Profit": 730,
        "Operating Income": 173,
        "EBIT": 267,
        "Net Income": 117
    },
    "2020-12-31": {
        "Diluted EPS": 1.83,
        "Total Revenue": 914,
        "Gross Profit": 836,
        "Operating Income": 153,
        "EBIT": 240,
        "Net Income": 104
    },
    "2020-09-30": {
        "Diluted EPS": 0.32,
        "Total Revenue": 791,
        "Gross Profit": 755,
        "Operating Income": 54,
        "EBIT": 134,
        "Net Income": 18
    },
    "2020-06-30": {
        "Diluted EPS": 0.68,
        "Total Revenue": 757,
        "Gross Profit": 690,
        "Operating Income": 68,
        "EBIT": 145,
        "Net Income": 38
    },
    "2020-03-31": {
        "Diluted EPS": 1.31,
        "Total Revenue": 836,
        "Gross Profit": 675,
        "Operating Income": 148,
        "EBIT": 236,
        "Net Income": 73
    },
    "2019-12-31": {
        "Diluted EPS": 1.66,
        "Total Revenue": 848,
        "Gross Profit": 756,
        "Operating Income": 138,
        "EBIT": 218,
        "Net Income": 92
    },
    "2019-09-30": {
        "Diluted EPS": 0.1,
        "Total Revenue": 725,
        "Gross Profit": 690,
        "Operating Income": 38,
        "EBIT": 114,
        "Net Income": 5
    },
    "2019-06-30": {
        "Diluted EPS": 0.41,
        "Total Revenue": 713,
        "Gross Profit": 648,
        "Operating Income": 55,
        "EBIT": 125,
        "Net Income": 22
    },
    "2019-03-31": {
        "Diluted EPS": 1.77,
        "Total Revenue": 834,
        "Gross Profit": 641,
        "Operating Income": 140,
        "EBIT": 218,
        "Net Income": 95
    },
    "2018-12-31": {
        "Diluted EPS": 1.36,
        "Total Revenue": 787,
        "Gross Profit": 686,
        "Operating Income": 135,
        "EBIT": 198,
        "Net Income": 69
    },
    "2018-09-30": {
        "Diluted EPS": 0.25,
        "Total Revenue": 668,
        "Gross Profit": 618,
        "Operating Income": 40,
        "EBIT": 102,
        "Net Income": 12
    },
    "2018-06-30": {
        "Diluted EPS": 0.44,
        "Total Revenue": 671,
        "Gross Profit": 587,
        "Operating Income": 53,
        "EBIT": 115,
        "Net Income": 22
    },
    "2018-03-31": {
        "Diluted EPS": 1.63,
        "Total Revenue": 754,
        "Gross Profit": 569,
        "Operating Income": 130,
        "EBIT": 192,
        "Net Income": 79
    },
    "2017-12-31": {
        "Diluted EPS": 2.01,
        "Total Revenue": 740,
        "Gross Profit": 647,
        "Operating Income": 136,
        "EBIT": 197,
        "Net Income": 96
    },
    "2017-09-30": {
        "Diluted EPS": 0.21,
        "Total Revenue": 593,
        "Gross Profit": 548,
        "Operating Income": 35,
        "EBIT": 94,
        "Net Income": 10
    },
    "2017-06-30": {
        "Diluted EPS": 0.37,
        "Total Revenue": 560,
        "Gross Profit": 491,
        "Operating Income": 48,
        "EBIT": 106,
        "Net Income": 18
    },
    "2017-03-31": {
        "Diluted EPS": 1.45,
        "Total Revenue": 655,
        "Gross Profit": 508,
        "Operating Income": 124,
        "EBIT": 197,
        "Net Income": 69
    },
    "2016-12-31": {
        "Diluted EPS": 1.36,
        "Total Revenue": 642,
        "Gross Profit": 568,
        "Operating Income": 138,
        "EBIT": 209,
        "Net Income": 65
    },
    "2016-09-30": {
        "Diluted EPS": 0.05,
        "Total Revenue": 540,
        "Gross Profit": 501,
        "Operating Income": 16,
        "EBIT": 85,
        "Net Income": 2
    },
    "2016-06-30": {
        "Diluted EPS": 0.19,
        "Total Revenue": 548,
        "Gross Profit": 476,
        "Operating Income": 28,
        "EBIT": 101,
        "Net Income": 9
    },
    "2016-03-31": {
        "Diluted EPS": 1.58,
        "Total Revenue": 731,
        "Gross Profit": 518,
        "Operating Income": 134,
        "EBIT": 209,
        "Net Income": 75
    },
    "2015-12-31": {
        "Diluted EPS": 1.39,
        "Total Revenue": 685,
        "Gross Profit": 549,
        "Operating Income": 118,
        "EBIT": 187,
        "Net Income": 66
    },
    "2015-09-30": {
        "Diluted EPS": -0.1,
        "Total Revenue": 505,
        "Gross Profit": 441,
        "Operating Income": 16,
        "EBIT": 83,
        "Net Income": -5
    },
    "2015-06-30": {
        "Diluted EPS": 0.1,
        "Total Revenue": 539,
        "Gross Profit": 430,
        "Operating Income": 25,
        "EBIT": 92,
        "Net Income": 5
    },
    "2015-03-31": {
        "Diluted EPS": 1.53,
        "Total Revenue": 734,
        "Gross Profit": 480,
        "Operating Income": 130,
        "EBIT": 197,
        "Net Income": 72
    },
    "2014-12-31": {
        "Diluted EPS": 1.25,
        "Total Revenue": 628,
        "Gross Profit": 485,
        "Operating Income": 112,
        "EBIT": 178,
        "Net Income": 59
    },
    "2014-09-30": {
        "Diluted EPS": 0.04,
        "Total Revenue": 432,
        "Gross Profit": 359,
        "Operating Income": 18,
        "EBIT": 80,
        "Net Income": 2
    },
    "2014-06-30": {
        "Diluted EPS": 0.21,
        "Total Revenue": 453,
        "Gross Profit": 355,
        "Operating Income": 27,
        "EBIT": 89,
        "Net Income": 10
    },
    "2014-03-31": {
        "Diluted EPS": 1.51,
        "Total Revenue": 608,
        "Gross Profit": 417,
        "Operating Income": 127,
        "EBIT": 190,
        "Net Income": 71
    },
    "2013-12-31": {
        "Diluted EPS": 1.22,
        "Total Revenue": 538,
        "Gross Profit": 420,
        "Operating Income": 101,
        "EBIT": 161,
        "Net Income": 57
    },
    "2013-09-30": {
        "Diluted EPS": -0.06,
        "Total Revenue": 387,
        "Gross Profit": 340,
        "Operating Income": 6,
        "EBIT": 65,
        "Net Income": -3
    },
    "2013-06-30": {
        "Diluted EPS": 0.22,
        "Total Revenue": 412,
        "Gross Profit": 342,
        "Operating Income": 29,
        "EBIT": 87,
        "Net Income": 10
    },
    "2013-03-31": {
        "Diluted EPS": 1.73,
        "Total Revenue": 614,
        "Gross Profit": 413,
        "Operating Income": 138,
        "EBIT": 197,
        "Net Income": 81
    },
    "2012-12-31": {
        "Diluted EPS": 1.33,
        "Total Revenue": 489,
        "Gross Profit": 397,
        "Operating Income": 115,
        "EBIT": 172,
        "Net Income": 62
    },
    "2012-09-30": {
        "Diluted EPS": -0.09,
        "Total Revenue": 372,
        "Gross Profit": 319,
        "Operating Income": 6,
        "EBIT": 63,
        "Net Income": -4
    },
    "2012-06-30": {
        "Diluted EPS": -0.08,
        "Total Revenue": 410,
        "Gross Profit": 318,
        "Operating Income": 15,
        "EBIT": 71,
        "Net Income": -4
    },
    "2012-03-31": {
        "Diluted EPS": 1.7,
        "Total Revenue": 658,
        "Gross Profit": 415,
        "Operating Income": 135,
        "EBIT": 189,
        "Net Income": 79
    },
    "2011-12-31": {
        "Diluted EPS": 1.2,
        "Total Revenue": 518,
        "Gross Profit": 372,
        "Operating Income": 102,
        "EBIT": 154,
        "Net Income": 55
    },
    "2011-09-30": {
        "Diluted EPS": -0.34,
        "Total Revenue": 353,
        "Gross Profit": 285,
        "Operating Income": 1,
        "EBIT": 52,
        "Net Income": -16
    },
    "2011-06-30": {
        "Diluted EPS": 0.09,
        "Total Revenue": 389,
        "Gross Profit": 271,
        "Operating Income": 21,
        "EBIT": 70,
        "Net Income": 4
    },
    "2011-03-31": {
        "Diluted EPS": 1.48,
        "Total Revenue": 628,
        "Gross Profit": 345,
        "Operating Income": 126,
        "EBIT": 175,
        "Net Income": 69
    },
    "2010-12-31": {
        "Diluted EPS": 0.98,
        "Total Revenue": 468,
        "Gross Profit": 313,
        "Operating Income": 86,
        "EBIT": 134,
        "Net Income": 45
    },
    "2010-09-30": {
        "Diluted EPS": -0.11,
        "Total Revenue": 308,
        "Gross Profit": 226,
        "Operating Income": 0,
        "EBIT": 48,
        "Net Income": -5
    },
    "2010-06-30": {
        "Diluted EPS": -0.02,
        "Total Revenue": 386,
        "Gross Profit": 238,
        "Operating Income": 24,
        "EBIT": 71,
        "Net Income": -1
    },
    "2010-03-31": {
        "Diluted EPS": 1.42,
        "Total Revenue": 669,
        "Gross Profit": 316,
        "Operating Income": 122,
        "EBIT": 169,
        "Net Income": 65
    },
    "2009-12-31": {
        "Diluted EPS": 1.01,
        "Total Revenue": 499,
        "Gross Profit": 300,
        "Operating Income": 90,
        "EBIT": 137,
        "Net Income": 46
    },
    "2009-09-30": {
        "Diluted EPS": -0.18,
        "Total Revenue": 318,
        "Gross Profit": 213,
        "Operating Income": 1,
        "EBIT": 47,
        "Net Income": -8
    },
    "2009-06-30": {
        "Diluted EPS": -0.01,
        "Total Revenue": 388,
        "Gross Profit": 220,
        "Operating Income": 15,
        "EBIT": 62,
        "Net Income": -1
    },
    "2009-03-31": {
        "Diluted EPS": 1.12,
        "Total Revenue": 690,
        "Gross Profit": 294,
        "Operating Income": 103,
        "EBIT": 151,
        "Net Income": 50
    },
    "2023-06-30": {
        "Tax Effect Of Unusual Items": NaN,
        "Tax Rate For Calcs": NaN,
        "Normalized EBITDA": NaN,
        "Total Unusual Items": NaN,
        "Total Unusual Items Excluding Goodwill": NaN,
        "Net Income From Continuing Operation Net Minority Interest": NaN,
        "Reconciled Depreciation": NaN,
        "Reconciled Cost Of Revenue": NaN,
        "EBITDA": NaN,
        "EBIT": NaN,
        "Net Interest Income": NaN,
        "Interest Expense": NaN,
        "Interest Income": NaN,
        "Normalized Income": NaN,
        "Net Income From Continuing And Discontinued Operation": NaN,
        "Total Expenses": NaN,
        "Total Operating Income As Reported": NaN,
        "Diluted Average Shares": 71722000.0,
        "Basic Average Shares": 71536000.0,
        "Diluted EPS": 0.4,
        "Basic EPS": 0.4,
        "Diluted NI Availto Com Stockholders": NaN,
        "Net Income Common Stockholders": NaN,
        "Net Income": NaN,
        "Minority Interests": NaN,
        "Net Income Including Noncontrolling Interests": NaN,
        "Net Income Continuous Operations": NaN,
        "Tax Provision": NaN,
        "Pretax Income": NaN,
        "Other Income Expense": NaN,
        "Other Non Operating Income Expenses": NaN,
        "Special Income Charges": NaN,
        "Other Special Charges": NaN,
        "Impairment Of Capital Assets": NaN,
        "Earnings From Equity Interest": NaN,
        "Gain On Sale Of Security": NaN,
        "Net Non Operating Interest Income Expense": NaN,
        "Interest Expense Non Operating": NaN,
        "Interest Income Non Operating": NaN,
        "Operating Income": NaN,
        "Operating Expense": NaN,
        "Other Taxes": NaN,
        "Depreciation Amortization Depletion Income Statement": NaN,
        "Depreciation And Amortization In Income Statement": NaN,
        "Selling General And Administration": NaN,
        "General And Administrative Expense": NaN,
        "Other Gand A": NaN,
        "Gross Profit": NaN,
        "Cost Of Revenue": NaN,
        "Total Revenue": NaN,
        "Operating Revenue": NaN
    },
    "2023-09-30": {
        "Tax Effect Of Unusual Items": 3780.0,
        "Tax Rate For Calcs": 0.21,
        "Normalized EBITDA": 180197000.0,
        "Total Unusual Items": 18000.0,
        "Total Unusual Items Excluding Goodwill": 18000.0,
        "Net Income From Continuing Operation Net Minority Interest": 3231000.0,
        "Reconciled Depreciation": 105520000.0,
        "Reconciled Cost Of Revenue": 982594000.0,
        "EBITDA": 180215000.0,
        "EBIT": 74695000.0,
        "Net Interest Income": -58749000.0,
        "Interest Expense": 71998000.0,
        "Interest Income": 13249000.0,
        "Normalized Income": 3216780.0,
        "Net Income From Continuing And Discontinued Operation": 3231000.0,
        "Total Expenses": 1109444000.0,
        "Total Operating Income As Reported": 60231000.0,
        "Diluted Average Shares": 71851000.0,
        "Basic Average Shares": 71626000.0,
        "Diluted EPS": 0.04,
        "Basic EPS": 0.05,
        "Diluted NI Availto Com Stockholders": 3231000.0,
        "Net Income Common Stockholders": 3231000.0,
        "Net Income": 3231000.0,
        "Minority Interests": -736000.0,
        "Net Income Including Noncontrolling Interests": 3967000.0,
        "Net Income Continuous Operations": 3967000.0,
        "Tax Provision": -1270000.0,
        "Pretax Income": 2697000.0,
        "Other Income Expense": 1398000.0,
        "Other Non Operating Income Expenses": 1238000.0,
        "Special Income Charges": 0.0,
        "Other Special Charges": NaN,
        "Impairment Of Capital Assets": 0.0,
        "Earnings From Equity Interest": 142000.0,
        "Gain On Sale Of Security": 18000.0,
        "Net Non Operating Interest Income Expense": -58749000.0,
        "Interest Expense Non Operating": 71998000.0,
        "Interest Income Non Operating": 13249000.0,
        "Operating Income": 60048000.0,
        "Operating Expense": 126850000.0,
        "Other Taxes": 21147000.0,
        "Depreciation Amortization Depletion Income Statement": 105520000.0,
        "Depreciation And Amortization In Income Statement": 105520000.0,
        "Selling General And Administration": 183000.0,
        "General And Administrative Expense": 183000.0,
        "Other Gand A": 183000.0,
        "Gross Profit": 186898000.0,
        "Cost Of Revenue": 982594000.0,
        "Total Revenue": 1169492000.0,
        "Operating Revenue": 1169492000.0
    },
    "2023-12-31": {
        "Tax Effect Of Unusual Items": 203017.539226,
        "Tax Rate For Calcs": 0.115944,
        "Normalized EBITDA": 266318000.0,
        "Total Unusual Items": 1751000.0,
        "Total Unusual Items Excluding Goodwill": 1751000.0,
        "Net Income From Continuing Operation Net Minority Interest": 72869000.0,
        "Reconciled Depreciation": 111163000.0,
        "Reconciled Cost Of Revenue": 1096469000.0,
        "EBITDA": 268069000.0,
        "EBIT": 156906000.0,
        "Net Interest Income": -63085000.0,
        "Interest Expense": 73607000.0,
        "Interest Income": 10522000.0,
        "Normalized Income": 71321017.539226,
        "Net Income From Continuing And Discontinued Operation": 72869000.0,
        "Total Expenses": 1229317000.0,
        "Total Operating Income As Reported": 138129000.0,
        "Diluted Average Shares": NaN,
        "Basic Average Shares": NaN,
        "Diluted EPS": NaN,
        "Basic EPS": NaN,
        "Diluted NI Availto Com Stockholders": 72869000.0,
        "Net Income Common Stockholders": 72869000.0,
        "Net Income": 72869000.0,
        "Minority Interests": -772000.0,
        "Net Income Including Noncontrolling Interests": 73641000.0,
        "Net Income Continuous Operations": 73641000.0,
        "Tax Provision": 9658000.0,
        "Pretax Income": 83299000.0,
        "Other Income Expense": 8170000.0,
        "Other Non Operating Income Expenses": 6142000.0,
        "Special Income Charges": 1869000.0,
        "Other Special Charges": -1869000.0,
        "Impairment Of Capital Assets": 0.0,
        "Earnings From Equity Interest": 277000.0,
        "Gain On Sale Of Security": -118000.0,
        "Net Non Operating Interest Income Expense": -63085000.0,
        "Interest Expense Non Operating": 73607000.0,
        "Interest Income Non Operating": 10522000.0,
        "Operating Income": 138214000.0,
        "Operating Expense": 132848000.0,
        "Other Taxes": 21770000.0,
        "Depreciation Amortization Depletion Income Statement": 111163000.0,
        "Depreciation And Amortization In Income Statement": 111163000.0,
        "Selling General And Administration": -85000.0,
        "General And Administrative Expense": -85000.0,
        "Other Gand A": -85000.0,
        "Gross Profit": 271062000.0,
        "Cost Of Revenue": 1096469000.0,
        "Total Revenue": 1367531000.0,
        "Operating Revenue": 1367531000.0
    },
    "2024-03-31": {
        "Tax Effect Of Unusual Items": 316383.0,
        "Tax Rate For Calcs": 0.163,
        "Normalized EBITDA": 293447000.0,
        "Total Unusual Items": 1941000.0,
        "Total Unusual Items Excluding Goodwill": 1941000.0,
        "Net Income From Continuing Operation Net Minority Interest": 87737000.0,
        "Reconciled Depreciation": 119142000.0,
        "Reconciled Cost Of Revenue": 1280786000.0,
        "EBITDA": 295388000.0,
        "EBIT": 176246000.0,
        "Net Interest Income": -61829000.0,
        "Interest Expense": 71605000.0,
        "Interest Income": 9776000.0,
        "Normalized Income": 86112383.0,
        "Net Income From Continuing And Discontinued Operation": 87737000.0,
        "Total Expenses": 1422842000.0,
        "Total Operating Income As Reported": 158125000.0,
        "Diluted Average Shares": 71882000.0,
        "Basic Average Shares": 71728000.0,
        "Diluted EPS": 1.22,
        "Basic EPS": 1.22,
        "Diluted NI Availto Com Stockholders": 87737000.0,
        "Net Income Common Stockholders": 87737000.0,
        "Net Income": 87737000.0,
        "Minority Interests": 175000.0,
        "Net Income Including Noncontrolling Interests": 87562000.0,
        "Net Income Continuous Operations": 87562000.0,
        "Tax Provision": 17079000.0,
        "Pretax Income": 104641000.0,
        "Other Income Expense": 8356000.0,
        "Other Non Operating Income Expenses": 6528000.0,
        "Special Income Charges": 1839000.0,
        "Other Special Charges": -1839000.0,
        "Impairment Of Capital Assets": 0.0,
        "Earnings From Equity Interest": -113000.0,
        "Gain On Sale Of Security": 102000.0,
        "Net Non Operating Interest Income Expense": -61829000.0,
        "Interest Expense Non Operating": 71605000.0,
        "Interest Income Non Operating": 9776000.0,
        "Operating Income": 158114000.0,
        "Operating Expense": 142056000.0,
        "Other Taxes": 22903000.0,
        "Depreciation Amortization Depletion Income Statement": 119142000.0,
        "Depreciation And Amortization In Income Statement": 119142000.0,
        "Selling General And Administration": 11000.0,
        "General And Administrative Expense": 11000.0,
        "Other Gand A": 11000.0,
        "Gross Profit": 300170000.0,
        "Cost Of Revenue": 1280786000.0,
        "Total Revenue": 1580956000.0,
        "Operating Revenue": 1580956000.0
    },
    "2024-06-30": {
        "Tax Effect Of Unusual Items": 296172.0,
        "Tax Rate For Calcs": 0.171,
        "Normalized EBITDA": 192500000.0,
        "Total Unusual Items": 1732000.0,
        "Total Unusual Items Excluding Goodwill": 1732000.0,
        "Net Income From Continuing Operation Net Minority Interest": 18333000.0,
        "Reconciled Depreciation": 96072000.0,
        "Reconciled Cost Of Revenue": 981647000.0,
        "EBITDA": 194232000.0,
        "EBIT": 98160000.0,
        "Net Interest Income": -64632000.0,
        "Interest Expense": 73769000.0,
        "Interest Income": 9137000.0,
        "Normalized Income": 16897172.0,
        "Net Income From Continuing And Discontinued Operation": 18333000.0,
        "Total Expenses": 1098927000.0,
        "Total Operating Income As Reported": 83221000.0,
        "Diluted Average Shares": 72015000.0,
        "Basic Average Shares": 71839000.0,
        "Diluted EPS": 0.25,
        "Basic EPS": 0.26,
        "Diluted NI Availto Com Stockholders": 18333000.0,
        "Net Income Common Stockholders": 18333000.0,
        "Net Income": 18333000.0,
        "Minority Interests": -1877000.0,
        "Net Income Including Noncontrolling Interests": 20210000.0,
        "Net Income Continuous Operations": 20210000.0,
        "Tax Provision": 4181000.0,
        "Pretax Income": 24391000.0,
        "Other Income Expense": 5782000.0,
        "Other Non Operating Income Expenses": 4094000.0,
        "Special Income Charges": 1835000.0,
        "Other Special Charges": -1835000.0,
        "Impairment Of Capital Assets": 0.0,
        "Earnings From Equity Interest": -44000.0,
        "Gain On Sale Of Security": -103000.0,
        "Net Non Operating Interest Income Expense": -64632000.0,
        "Interest Expense Non Operating": 73769000.0,
        "Interest Income Non Operating": 9137000.0,
        "Operating Income": 83241000.0,
        "Operating Expense": 117280000.0,
        "Other Taxes": 21228000.0,
        "Depreciation Amortization Depletion Income Statement": 96072000.0,
        "Depreciation And Amortization In Income Statement": 96072000.0,
        "Selling General And Administration": -20000.0,
        "General And Administrative Expense": -20000.0,
        "Other Gand A": -20000.0,
        "Gross Profit": 200521000.0,
        "Cost Of Revenue": 981647000.0,
        "Total Revenue": 1182168000.0,
        "Operating Revenue": 1182168000.0
    },
    "2024-09-30": {
        "Tax Effect Of Unusual Items": 392490.0,
        "Tax Rate For Calcs": 0.21,
        "Normalized EBITDA": 183734000.0,
        "Total Unusual Items": 1869000.0,
        "Total Unusual Items Excluding Goodwill": 1869000.0,
        "Net Income From Continuing Operation Net Minority Interest": 289000.0,
        "Reconciled Depreciation": 107361000.0,
        "Reconciled Cost Of Revenue": 888056000.0,
        "EBITDA": 185603000.0,
        "EBIT": 78242000.0,
        "Net Interest Income": -68995000.0,
        "Interest Expense": 77731000.0,
        "Interest Income": 8736000.0,
        "Normalized Income": -1187510.0,
        "Net Income From Continuing And Discontinued Operation": 289000.0,
        "Total Expenses": 1017766000.0,
        "Total Operating Income As Reported": 61484000.0,
        "Diluted Average Shares": 72086000.0,
        "Basic Average Shares": 71880000.0,
        "Diluted EPS": 0.004009,
        "Basic EPS": 0.004021,
        "Diluted NI Availto Com Stockholders": 289000.0,
        "Net Income Common Stockholders": 289000.0,
        "Net Income": 289000.0,
        "Minority Interests": -2374000.0,
        "Net Income Including Noncontrolling Interests": 2663000.0,
        "Net Income Continuous Operations": 2663000.0,
        "Tax Provision": -2152000.0,
        "Pretax Income": 511000.0,
        "Other Income Expense": 8088000.0,
        "Other Non Operating Income Expenses": 6092000.0,
        "Special Income Charges": 1874000.0,
        "Other Special Charges": -1874000.0,
        "Impairment Of Capital Assets": 0.0,
        "Earnings From Equity Interest": 127000.0,
        "Gain On Sale Of Security": -5000.0,
        "Net Non Operating Interest Income Expense": -68995000.0,
        "Interest Expense Non Operating": 77731000.0,
        "Interest Income Non Operating": 8736000.0,
        "Operating Income": 61418000.0,
        "Operating Expense": 129710000.0,
        "Other Taxes": 22283000.0,
        "Depreciation Amortization Depletion Income Statement": 107361000.0,
        "Depreciation And Amortization In Income Statement": 107361000.0,
        "Selling General And Administration": 66000.0,
        "General And Administrative Expense": 66000.0,
        "Other Gand A": 66000.0,
        "Gross Profit": 191128000.0,
        "Cost Of Revenue": 888056000.0,
        "Total Revenue": 1079184000.0,
        "Operating Revenue": 1079184000.0
    }
}