{
    "2023-03-31": {
        "Tax Effect Of Unusual Items": NaN,
        "Tax Rate For Calcs": NaN,
        "Normalized EBITDA": NaN,
        "Total Unusual Items": NaN,
        "Total Unusual Items Excluding Goodwill": NaN,
        "Net Income From Continuing Operation Net Minority Interest": NaN,
        "Reconciled Depreciation": NaN,
        "Reconciled Cost Of Revenue": NaN,
        "EBITDA": NaN,
        "EBIT": NaN,
        "Net Interest Income": NaN,
        "Interest Expense": NaN,
        "Normalized Income": NaN,
        "Net Income From Continuing And Discontinued Operation": NaN,
        "Total Expenses": NaN,
        "Total Operating Income As Reported": NaN,
        "Diluted Average Shares": NaN,
        "Basic Average Shares": NaN,
        "Diluted EPS": NaN,
        "Basic EPS": NaN,
        "Diluted NI Availto Com Stockholders": NaN,
        "Net Income Common Stockholders": NaN,
        "Net Income": NaN,
        "Net Income Including Noncontrolling Interests": NaN,
        "Net Income Discontinuous Operations": NaN,
        "Net Income Continuous Operations": NaN,
        "Tax Provision": NaN,
        "Pretax Income": NaN,
        "Other Income Expense": NaN,
        "Other Non Operating Income Expenses": NaN,
        "Special Income Charges": NaN,
        "Gain On Sale Of Business": NaN,
        "Restructuring And Mergern Acquisition": NaN,
        "Net Non Operating Interest Income Expense": NaN,
        "Interest Expense Non Operating": NaN,
        "Operating Income": NaN,
        "Operating Expense": NaN,
        "Other Operating Expenses": -727000.0,
        "Selling General And Administration": NaN,
        "Gross Profit": NaN,
        "Cost Of Revenue": NaN,
        "Total Revenue": NaN,
        "Operating Revenue": NaN
    },
    "2022-12-31": {
        "Tax Effect Of Unusual Items": NaN,
        "Tax Rate For Calcs": NaN,
        "Normalized EBITDA": NaN,
        "Total Unusual Items": NaN,
        "Total Unusual Items Excluding Goodwill": NaN,
        "Net Income From Continuing Operation Net Minority Interest": NaN,
        "Reconciled Depreciation": NaN,
        "Reconciled Cost Of Revenue": NaN,
        "EBITDA": NaN,
        "EBIT": NaN,
        "Net Interest Income": NaN,
        "Interest Expense": NaN,
        "Normalized Income": NaN,
        "Net Income From Continuing And Discontinued Operation": NaN,
        "Total Expenses": NaN,
        "Total Operating Income As Reported": NaN,
        "Diluted Average Shares": NaN,
        "Basic Average Shares": NaN,
        "Diluted EPS": NaN,
        "Basic EPS": NaN,
        "Diluted NI Availto Com Stockholders": NaN,
        "Net Income Common Stockholders": NaN,
        "Net Income": NaN,
        "Net Income Including Noncontrolling Interests": NaN,
        "Net Income Discontinuous Operations": NaN,
        "Net Income Continuous Operations": NaN,
        "Tax Provision": NaN,
        "Pretax Income": NaN,
        "Other Income Expense": NaN,
        "Other Non Operating Income Expenses": NaN,
        "Special Income Charges": NaN,
        "Gain On Sale Of Business": NaN,
        "Restructuring And Mergern Acquisition": NaN,
        "Net Non Operating Interest Income Expense": NaN,
        "Interest Expense Non Operating": NaN,
        "Operating Income": NaN,
        "Operating Expense": NaN,
        "Other Operating Expenses": 116000.0,
        "Selling General And Administration": NaN,
        "Gross Profit": NaN,
        "Cost Of Revenue": NaN,
        "Total Revenue": NaN,
        "Operating Revenue": NaN
    },
    "2022-09-30": {
        "Tax Effect Of Unusual Items": -209760.0,
        "Tax Rate For Calcs": 0.24,
        "Normalized EBITDA": 33154000.0,
        "Total Unusual Items": -874000.0,
        "Total Unusual Items Excluding Goodwill": -874000.0,
        "Net Income From Continuing Operation Net Minority Interest": 18316000.0,
        "Reconciled Depreciation": 7008000.0,
        "Reconciled Cost Of Revenue": 112347000.0,
        "EBITDA": 32280000.0,
        "EBIT": 25272000.0,
        "Net Interest Income": -1187000.0,
        "Interest Expense": 1187000.0,
        "Normalized Income": 18980240.0,
        "Net Income From Continuing And Discontinued Operation": 18270000.0,
        "Total Expenses": 153436000.0,
        "Total Operating Income As Reported": 26290000.0,
        "Diluted Average Shares": 11952000.0,
        "Basic Average Shares": 11823000.0,
        "Diluted EPS": 1.53,
        "Basic EPS": 1.55,
        "Diluted NI Availto Com Stockholders": 18270000.0,
        "Net Income Common Stockholders": 18270000.0,
        "Net Income": 18270000.0,
        "Net Income Including Noncontrolling Interests": 18270000.0,
        "Net Income Discontinuous Operations": -46000.0,
        "Net Income Continuous Operations": 18316000.0,
        "Tax Provision": 5769000.0,
        "Pretax Income": 24085000.0,
        "Other Income Expense": -1892000.0,
        "Other Non Operating Income Expenses": -1018000.0,
        "Special Income Charges": -874000.0,
        "Gain On Sale Of Business": NaN,
        "Restructuring And Mergern Acquisition": 874000.0,
        "Net Non Operating Interest Income Expense": -1187000.0,
        "Interest Expense Non Operating": 1187000.0,
        "Operating Income": 27164000.0,
        "Operating Expense": 41089000.0,
        "Other Operating Expenses": NaN,
        "Selling General And Administration": 41089000.0,
        "Gross Profit": 68253000.0,
        "Cost Of Revenue": 112347000.0,
        "Total Revenue": 180600000.0,
        "Operating Revenue": 180600000.0
    },
    "2022-06-30": {
        "Tax Effect Of Unusual Items": -472904.396934,
        "Tax Rate For Calcs": 0.237999,
        "Normalized EBITDA": 20730000.0,
        "Total Unusual Items": -1987000.0,
        "Total Unusual Items Excluding Goodwill": -1987000.0,
        "Net Income From Continuing Operation Net Minority Interest": 13223000.0,
        "Reconciled Depreciation": 7286000.0,
        "Reconciled Cost Of Revenue": 118183000.0,
        "EBITDA": 18743000.0,
        "EBIT": 18743000.0,
        "Net Interest Income": -1390000.0,
        "Interest Expense": 1390000.0,
        "Normalized Income": 14737095.603066,
        "Net Income From Continuing And Discontinued Operation": 13269000.0,
        "Total Expenses": 163529000.0,
        "Total Operating Income As Reported": 19223000.0,
        "Diluted Average Shares": 12129000.0,
        "Basic Average Shares": 11869000.0,
        "Diluted EPS": 1.1,
        "Basic EPS": 1.12,
        "Diluted NI Availto Com Stockholders": 13269000.0,
        "Net Income Common Stockholders": 13269000.0,
        "Net Income": 13269000.0,
        "Net Income Including Noncontrolling Interests": 13269000.0,
        "Net Income Discontinuous Operations": 46000.0,
        "Net Income Continuous Operations": 13223000.0,
        "Tax Provision": 4130000.0,
        "Pretax Income": 17353000.0,
        "Other Income Expense": -2467000.0,
        "Other Non Operating Income Expenses": -480000.0,
        "Special Income Charges": -1987000.0,
        "Gain On Sale Of Business": 0.0,
        "Restructuring And Mergern Acquisition": 1987000.0,
        "Net Non Operating Interest Income Expense": -1390000.0,
        "Interest Expense Non Operating": 1390000.0,
        "Operating Income": 21210000.0,
        "Operating Expense": 45346000.0,
        "Other Operating Expenses": 4045000.0,
        "Selling General And Administration": 41301000.0,
        "Gross Profit": 66556000.0,
        "Cost Of Revenue": 118183000.0,
        "Total Revenue": 184739000.0,
        "Operating Revenue": 184739000.0
    },
    "2022-03-31": {
        "Diluted EPS": 1.34,
        "Total Revenue": 189,
        "Gross Profit": 68,
        "Operating Income": 24,
        "EBIT": 32,
        "Net Income": 17
    },
    "2021-12-31": {
        "Diluted EPS": 1.24,
        "Total Revenue": 186,
        "Gross Profit": 69,
        "Operating Income": 22,
        "EBIT": 29,
        "Net Income": 15
    },
    "2021-09-30": {
        "Diluted EPS": 1.3,
        "Total Revenue": 176,
        "Gross Profit": 66,
        "Operating Income": 23,
        "EBIT": 31,
        "Net Income": 16
    },
    "2021-06-30": {
        "Diluted EPS": 1.14,
        "Total Revenue": 176,
        "Gross Profit": 66,
        "Operating Income": 22,
        "EBIT": 31,
        "Net Income": 14
    },
    "2021-03-31": {
        "Diluted EPS": 0.11,
        "Total Revenue": 172,
        "Gross Profit": 63,
        "Operating Income": 6,
        "EBIT": 14,
        "Net Income": 1
    },
    "2020-12-31": {
        "Diluted EPS": 0.93,
        "Total Revenue": 156,
        "Gross Profit": 58,
        "Operating Income": 17,
        "EBIT": 25,
        "Net Income": 11
    },
    "2020-09-30": {
        "Diluted EPS": 0.79,
        "Total Revenue": 151,
        "Gross Profit": 55,
        "Operating Income": 14,
        "EBIT": 23,
        "Net Income": 10
    },
    "2020-06-30": {
        "Diluted EPS": 0.15,
        "Total Revenue": 139,
        "Gross Profit": 47,
        "Operating Income": 10,
        "EBIT": 18,
        "Net Income": 2
    },
    "2020-03-31": {
        "Diluted EPS": -0.51,
        "Total Revenue": 155,
        "Gross Profit": 53,
        "Operating Income": 17,
        "EBIT": 25,
        "Net Income": -6
    },
    "2019-12-31": {
        "Diluted EPS": 0.99,
        "Total Revenue": 154,
        "Gross Profit": 58,
        "Operating Income": 18,
        "EBIT": 26,
        "Net Income": 12
    },
    "2019-09-30": {
        "Diluted EPS": 1.0,
        "Total Revenue": 156,
        "Gross Profit": 58,
        "Operating Income": 16,
        "EBIT": 24,
        "Net Income": 12
    },
    "2019-06-30": {
        "Diluted EPS": 1.0,
        "Total Revenue": 91,
        "Gross Profit": 43,
        "Operating Income": 20,
        "EBIT": 27,
        "Net Income": 12
    },
    "2019-03-31": {
        "Diluted EPS": 2.09,
        "Total Revenue": 160,
        "Gross Profit": 55,
        "Operating Income": 17,
        "EBIT": 24,
        "Net Income": 26
    },
    "2018-12-31": {
        "Diluted EPS": 1.05,
        "Total Revenue": 196,
        "Gross Profit": 67,
        "Operating Income": 20,
        "EBIT": 28,
        "Net Income": 13
    },
    "2018-09-30": {
        "Diluted EPS": 1.24,
        "Total Revenue": 193,
        "Gross Profit": 69,
        "Operating Income": 23,
        "EBIT": 29,
        "Net Income": 16
    },
    "2018-06-30": {
        "Diluted EPS": 0.99,
        "Total Revenue": 29,
        "Gross Profit": 31,
        "Operating Income": 24,
        "EBIT": 29,
        "Net Income": 13
    },
    "2018-03-31": {
        "Diluted EPS": 1.0,
        "Total Revenue": 192,
        "Gross Profit": 66,
        "Operating Income": 19,
        "EBIT": 26,
        "Net Income": 13
    },
    "2017-12-31": {
        "Diluted EPS": -0.22,
        "Total Revenue": 186,
        "Gross Profit": 63,
        "Operating Income": 17,
        "EBIT": 24,
        "Net Income": -3
    },
    "2017-09-30": {
        "Diluted EPS": 1.09,
        "Total Revenue": 189,
        "Gross Profit": 66,
        "Operating Income": 19,
        "EBIT": 25,
        "Net Income": 14
    },
    "2017-06-30": {
        "Diluted EPS": 1.11,
        "Total Revenue": 110,
        "Gross Profit": 36,
        "Operating Income": 12,
        "EBIT": 16,
        "Net Income": 14
    },
    "2017-03-31": {
        "Diluted EPS": 0.6,
        "Total Revenue": 185,
        "Gross Profit": 61,
        "Operating Income": 11,
        "EBIT": 16,
        "Net Income": 8
    },
    "2016-12-31": {
        "Diluted EPS": 0.82,
        "Total Revenue": 174,
        "Gross Profit": 57,
        "Operating Income": 13,
        "EBIT": 18,
        "Net Income": 10
    },
    "2016-09-30": {
        "Diluted EPS": 1.12,
        "Total Revenue": 180,
        "Gross Profit": 62,
        "Operating Income": 20,
        "EBIT": 24,
        "Net Income": 14
    },
    "2016-06-30": {
        "Diluted EPS": 0.96,
        "Total Revenue": 194,
        "Gross Profit": 67,
        "Operating Income": 14,
        "EBIT": 19,
        "Net Income": 12
    },
    "2016-03-31": {
        "Diluted EPS": 0.91,
        "Total Revenue": 177,
        "Gross Profit": 59,
        "Operating Income": 17,
        "EBIT": 22,
        "Net Income": 12
    },
    "2015-12-31": {
        "Diluted EPS": 0.96,
        "Total Revenue": 182,
        "Gross Profit": 58,
        "Operating Income": 16,
        "EBIT": 20,
        "Net Income": 12
    },
    "2015-09-30": {
        "Diluted EPS": 1.25,
        "Total Revenue": 198,
        "Gross Profit": 69,
        "Operating Income": 23,
        "EBIT": 28,
        "Net Income": 16
    },
    "2015-06-30": {
        "Diluted EPS": 1.28,
        "Total Revenue": 200,
        "Gross Profit": 65,
        "Operating Income": 24,
        "EBIT": 28,
        "Net Income": 16
    },
    "2015-03-31": {
        "Diluted EPS": 0.99,
        "Total Revenue": 181,
        "Gross Profit": 57,
        "Operating Income": 18,
        "EBIT": 22,
        "Net Income": 13
    },
    "2014-12-31": {
        "Diluted EPS": 0.87,
        "Total Revenue": 189,
        "Gross Profit": 59,
        "Operating Income": 16,
        "EBIT": 20,
        "Net Income": 11
    },
    "2014-09-30": {
        "Diluted EPS": 1.13,
        "Total Revenue": 202,
        "Gross Profit": 66,
        "Operating Income": 21,
        "EBIT": 25,
        "Net Income": 15
    },
    "2014-06-30": {
        "Diluted EPS": 0.78,
        "Total Revenue": 197,
        "Gross Profit": 64,
        "Operating Income": 19,
        "EBIT": 23,
        "Net Income": 10
    },
    "2014-03-31": {
        "Diluted EPS": 1.04,
        "Total Revenue": 174,
        "Gross Profit": 58,
        "Operating Income": 14,
        "EBIT": 18,
        "Net Income": 13
    },
    "2013-12-31": {
        "Diluted EPS": 0.82,
        "Total Revenue": 167,
        "Gross Profit": 56,
        "Operating Income": 15,
        "EBIT": 19,
        "Net Income": 11
    },
    "2013-09-30": {
        "Diluted EPS": 0.71,
        "Total Revenue": 178,
        "Gross Profit": 60,
        "Operating Income": 17,
        "EBIT": 21,
        "Net Income": 9
    },
    "2013-06-30": {
        "Diluted EPS": 0.98,
        "Total Revenue": 155,
        "Gross Profit": 50,
        "Operating Income": 16,
        "EBIT": 20,
        "Net Income": 12
    },
    "2013-03-31": {
        "Diluted EPS": 0.75,
        "Total Revenue": 166,
        "Gross Profit": 53,
        "Operating Income": 12,
        "EBIT": 16,
        "Net Income": 10
    },
    "2012-12-31": {
        "Diluted EPS": 0.86,
        "Total Revenue": 169,
        "Gross Profit": 56,
        "Operating Income": 16,
        "EBIT": 20,
        "Net Income": 11
    },
    "2012-09-30": {
        "Diluted EPS": 0.92,
        "Total Revenue": 183,
        "Gross Profit": 59,
        "Operating Income": 18,
        "EBIT": 21,
        "Net Income": 12
    },
    "2012-06-30": {
        "Diluted EPS": 1.1,
        "Total Revenue": 146,
        "Gross Profit": 51,
        "Operating Income": 17,
        "EBIT": 20,
        "Net Income": 14
    },
    "2012-03-31": {
        "Diluted EPS": 0.71,
        "Total Revenue": 151,
        "Gross Profit": 48,
        "Operating Income": 16,
        "EBIT": 19,
        "Net Income": 9
    },
    "2011-12-31": {
        "Diluted EPS": -0.33,
        "Total Revenue": 155,
        "Gross Profit": 50,
        "Operating Income": 14,
        "EBIT": 18,
        "Net Income": -4
    },
    "2011-09-30": {
        "Diluted EPS": 0.94,
        "Total Revenue": 159,
        "Gross Profit": 53,
        "Operating Income": 16,
        "EBIT": 20,
        "Net Income": 12
    },
    "2011-06-30": {
        "Diluted EPS": 0.8,
        "Total Revenue": 148,
        "Gross Profit": 50,
        "Operating Income": 16,
        "EBIT": 20,
        "Net Income": 10
    },
    "2011-03-31": {
        "Diluted EPS": 0.4,
        "Total Revenue": 134,
        "Gross Profit": 42,
        "Operating Income": 8,
        "EBIT": 11,
        "Net Income": 5
    },
    "2010-12-31": {
        "Diluted EPS": 0.71,
        "Total Revenue": 142,
        "Gross Profit": 48,
        "Operating Income": 13,
        "EBIT": 16,
        "Net Income": 9
    },
    "2010-09-30": {
        "Diluted EPS": 0.86,
        "Total Revenue": 157,
        "Gross Profit": 51,
        "Operating Income": 18,
        "EBIT": 21,
        "Net Income": 11
    },
    "2010-06-30": {
        "Diluted EPS": 0.65,
        "Total Revenue": 101,
        "Gross Profit": 40,
        "Operating Income": 16,
        "EBIT": 18,
        "Net Income": 8
    },
    "2010-03-31": {
        "Diluted EPS": 0.36,
        "Total Revenue": 135,
        "Gross Profit": 41,
        "Operating Income": 7,
        "EBIT": 10,
        "Net Income": 5
    },
    "2009-12-31": {
        "Diluted EPS": 0.47,
        "Total Revenue": 139,
        "Gross Profit": 45,
        "Operating Income": 10,
        "EBIT": 14,
        "Net Income": 6
    },
    "2009-09-30": {
        "Diluted EPS": 0.78,
        "Total Revenue": 152,
        "Gross Profit": 49,
        "Operating Income": 13,
        "EBIT": 17,
        "Net Income": 10
    },
    "2009-06-30": {
        "Diluted EPS": 0.47,
        "Total Revenue": 140,
        "Gross Profit": 41,
        "Operating Income": 9,
        "EBIT": -9,
        "Net Income": 6
    },
    "2009-03-31": {
        "Diluted EPS": -1.48,
        "Total Revenue": 131,
        "Gross Profit": 32,
        "Operating Income": -20,
        "EBIT": 5,
        "Net Income": -18
    },
    "2023-06-30": {
        "Tax Effect Of Unusual Items": NaN,
        "Tax Rate For Calcs": NaN,
        "Normalized EBITDA": NaN,
        "Total Unusual Items": NaN,
        "Total Unusual Items Excluding Goodwill": NaN,
        "Net Income From Continuing Operation Net Minority Interest": NaN,
        "Reconciled Depreciation": NaN,
        "Reconciled Cost Of Revenue": NaN,
        "EBITDA": NaN,
        "EBIT": NaN,
        "Net Interest Income": NaN,
        "Interest Expense": NaN,
        "Normalized Income": NaN,
        "Net Income From Continuing And Discontinued Operation": NaN,
        "Total Expenses": NaN,
        "Total Operating Income As Reported": NaN,
        "Diluted Average Shares": NaN,
        "Basic Average Shares": NaN,
        "Diluted EPS": NaN,
        "Basic EPS": NaN,
        "Diluted NI Availto Com Stockholders": NaN,
        "Net Income Common Stockholders": NaN,
        "Net Income": NaN,
        "Net Income Including Noncontrolling Interests": NaN,
        "Net Income Discontinuous Operations": NaN,
        "Net Income Continuous Operations": NaN,
        "Tax Provision": NaN,
        "Pretax Income": NaN,
        "Other Income Expense": NaN,
        "Other Non Operating Income Expenses": NaN,
        "Special Income Charges": NaN,
        "Gain On Sale Of Business": NaN,
        "Restructuring And Mergern Acquisition": NaN,
        "Net Non Operating Interest Income Expense": NaN,
        "Interest Expense Non Operating": NaN,
        "Operating Income": NaN,
        "Operating Expense": NaN,
        "Other Operating Expenses": 0.0,
        "Selling General And Administration": NaN,
        "Gross Profit": NaN,
        "Cost Of Revenue": NaN,
        "Total Revenue": NaN,
        "Operating Revenue": NaN
    },
    "2023-09-30": {
        "Tax Effect Of Unusual Items": -507654.0,
        "Tax Rate For Calcs": 0.238,
        "Normalized EBITDA": 35286000.0,
        "Total Unusual Items": -2133000.0,
        "Total Unusual Items Excluding Goodwill": -2133000.0,
        "Net Income From Continuing Operation Net Minority Interest": 18892000.0,
        "Reconciled Depreciation": 7082000.0,
        "Reconciled Cost Of Revenue": 112139000.0,
        "EBITDA": 33153000.0,
        "EBIT": 26071000.0,
        "Net Interest Income": -1276000.0,
        "Interest Expense": 1276000.0,
        "Normalized Income": 20517346.0,
        "Net Income From Continuing And Discontinued Operation": 18814000.0,
        "Total Expenses": 155724000.0,
        "Total Operating Income As Reported": 26917000.0,
        "Diluted Average Shares": 11933000.0,
        "Basic Average Shares": 11742000.0,
        "Diluted EPS": 1.58,
        "Basic EPS": 1.6,
        "Diluted NI Availto Com Stockholders": 18814000.0,
        "Net Income Common Stockholders": 18814000.0,
        "Net Income": 18814000.0,
        "Net Income Including Noncontrolling Interests": 18814000.0,
        "Net Income Discontinuous Operations": -78000.0,
        "Net Income Continuous Operations": 18892000.0,
        "Tax Provision": 5903000.0,
        "Pretax Income": 24795000.0,
        "Other Income Expense": -2979000.0,
        "Other Non Operating Income Expenses": -846000.0,
        "Special Income Charges": -2133000.0,
        "Gain On Sale Of Business": 274000.0,
        "Restructuring And Mergern Acquisition": 2407000.0,
        "Net Non Operating Interest Income Expense": -1276000.0,
        "Interest Expense Non Operating": 1276000.0,
        "Operating Income": 29050000.0,
        "Operating Expense": 43585000.0,
        "Other Operating Expenses": NaN,
        "Selling General And Administration": 43585000.0,
        "Gross Profit": 72635000.0,
        "Cost Of Revenue": 112139000.0,
        "Total Revenue": 184774000.0,
        "Operating Revenue": 184774000.0
    },
    "2023-12-31": {
        "Tax Effect Of Unusual Items": -564655.0,
        "Tax Rate For Calcs": 0.221,
        "Normalized EBITDA": 34942000.0,
        "Total Unusual Items": -2555000.0,
        "Total Unusual Items Excluding Goodwill": -2555000.0,
        "Net Income From Continuing Operation Net Minority Interest": 19072000.0,
        "Reconciled Depreciation": 6887000.0,
        "Reconciled Cost Of Revenue": 106737000.0,
        "EBITDA": 32387000.0,
        "EBIT": 25500000.0,
        "Net Interest Income": -1019000.0,
        "Interest Expense": 1019000.0,
        "Normalized Income": 21062345.0,
        "Net Income From Continuing And Discontinued Operation": 18871000.0,
        "Total Expenses": 150013000.0,
        "Total Operating Income As Reported": 25832000.0,
        "Diluted Average Shares": 11858000.0,
        "Basic Average Shares": 11791000.0,
        "Diluted EPS": 1.59,
        "Basic EPS": 1.6,
        "Diluted NI Availto Com Stockholders": 18871000.0,
        "Net Income Common Stockholders": 18871000.0,
        "Net Income": 18871000.0,
        "Net Income Including Noncontrolling Interests": 18871000.0,
        "Net Income Discontinuous Operations": -201000.0,
        "Net Income Continuous Operations": 19072000.0,
        "Tax Provision": 5409000.0,
        "Pretax Income": 24481000.0,
        "Other Income Expense": -2887000.0,
        "Other Non Operating Income Expenses": -332000.0,
        "Special Income Charges": -2555000.0,
        "Gain On Sale Of Business": 0.0,
        "Restructuring And Mergern Acquisition": 2555000.0,
        "Net Non Operating Interest Income Expense": -1019000.0,
        "Interest Expense Non Operating": 1019000.0,
        "Operating Income": 28387000.0,
        "Operating Expense": 43276000.0,
        "Other Operating Expenses": NaN,
        "Selling General And Administration": 43276000.0,
        "Gross Profit": 71663000.0,
        "Cost Of Revenue": 106737000.0,
        "Total Revenue": 178400000.0,
        "Operating Revenue": 178400000.0
    },
    "2024-03-31": {
        "Tax Effect Of Unusual Items": -978836.0,
        "Tax Rate For Calcs": 0.214,
        "Normalized EBITDA": 32966000.0,
        "Total Unusual Items": -4574000.0,
        "Total Unusual Items Excluding Goodwill": -4574000.0,
        "Net Income From Continuing Operation Net Minority Interest": 15939000.0,
        "Reconciled Depreciation": 7177000.0,
        "Reconciled Cost Of Revenue": 108977000.0,
        "EBITDA": 28392000.0,
        "EBIT": 21215000.0,
        "Net Interest Income": -949000.0,
        "Interest Expense": 949000.0,
        "Normalized Income": 19534164.0,
        "Net Income From Continuing And Discontinued Operation": 15798000.0,
        "Total Expenses": 150851000.0,
        "Total Operating Income As Reported": 21842000.0,
        "Diluted Average Shares": 11849000.0,
        "Basic Average Shares": 11772000.0,
        "Diluted EPS": 1.33,
        "Basic EPS": 1.34,
        "Diluted NI Availto Com Stockholders": 15798000.0,
        "Net Income Common Stockholders": 15798000.0,
        "Net Income": 15798000.0,
        "Net Income Including Noncontrolling Interests": 15798000.0,
        "Net Income Discontinuous Operations": -141000.0,
        "Net Income Continuous Operations": 15939000.0,
        "Tax Provision": 4327000.0,
        "Pretax Income": 20266000.0,
        "Other Income Expense": -5201000.0,
        "Other Non Operating Income Expenses": -627000.0,
        "Special Income Charges": -4574000.0,
        "Gain On Sale Of Business": 0.0,
        "Restructuring And Mergern Acquisition": 4574000.0,
        "Net Non Operating Interest Income Expense": -949000.0,
        "Interest Expense Non Operating": 949000.0,
        "Operating Income": 26416000.0,
        "Operating Expense": 41874000.0,
        "Other Operating Expenses": 110000.0,
        "Selling General And Administration": 41764000.0,
        "Gross Profit": 68290000.0,
        "Cost Of Revenue": 108977000.0,
        "Total Revenue": 177267000.0,
        "Operating Revenue": 177267000.0
    },
    "2024-06-30": {
        "Tax Effect Of Unusual Items": -297633.243423,
        "Tax Rate For Calcs": 0.230366,
        "Normalized EBITDA": 35167000.0,
        "Total Unusual Items": -1292000.0,
        "Total Unusual Items Excluding Goodwill": -1292000.0,
        "Net Income From Continuing Operation Net Minority Interest": 19688000.0,
        "Reconciled Depreciation": 6994000.0,
        "Reconciled Cost Of Revenue": 110781000.0,
        "EBITDA": 33875000.0,
        "EBIT": 26881000.0,
        "Net Interest Income": -1300000.0,
        "Interest Expense": 1300000.0,
        "Normalized Income": 20682366.756577,
        "Net Income From Continuing And Discontinued Operation": 19591000.0,
        "Total Expenses": 151755000.0,
        "Total Operating Income As Reported": 27147000.0,
        "Diluted Average Shares": 11892000.0,
        "Basic Average Shares": 11761000.0,
        "Diluted EPS": 1.65,
        "Basic EPS": 1.67,
        "Diluted NI Availto Com Stockholders": 19591000.0,
        "Net Income Common Stockholders": 19591000.0,
        "Net Income": 19591000.0,
        "Net Income Including Noncontrolling Interests": 19591000.0,
        "Net Income Discontinuous Operations": -97000.0,
        "Net Income Continuous Operations": 19688000.0,
        "Tax Provision": 5893000.0,
        "Pretax Income": 25581000.0,
        "Other Income Expense": -1558000.0,
        "Other Non Operating Income Expenses": -266000.0,
        "Special Income Charges": -1292000.0,
        "Gain On Sale Of Business": 0.0,
        "Restructuring And Mergern Acquisition": 1292000.0,
        "Net Non Operating Interest Income Expense": -1300000.0,
        "Interest Expense Non Operating": 1300000.0,
        "Operating Income": 28439000.0,
        "Operating Expense": 40974000.0,
        "Other Operating Expenses": 0.0,
        "Selling General And Administration": 40974000.0,
        "Gross Profit": 69413000.0,
        "Cost Of Revenue": 110781000.0,
        "Total Revenue": 180194000.0,
        "Operating Revenue": 180194000.0
    },
    "2024-09-30": {
        "Tax Effect Of Unusual Items": -626164.0,
        "Tax Rate For Calcs": 0.214,
        "Normalized EBITDA": 34114000.0,
        "Total Unusual Items": -2926000.0,
        "Total Unusual Items Excluding Goodwill": -2926000.0,
        "Net Income From Continuing Operation Net Minority Interest": 18188000.0,
        "Reconciled Depreciation": 7061000.0,
        "Reconciled Cost Of Revenue": 100391000.0,
        "EBITDA": 31188000.0,
        "EBIT": 24127000.0,
        "Net Interest Income": -977000.0,
        "Interest Expense": 977000.0,
        "Normalized Income": 20487836.0,
        "Net Income From Continuing And Discontinued Operation": 18197000.0,
        "Total Expenses": 143439000.0,
        "Total Operating Income As Reported": 24099000.0,
        "Diluted Average Shares": 11904000.0,
        "Basic Average Shares": 11787000.0,
        "Diluted EPS": 1.53,
        "Basic EPS": 1.54,
        "Diluted NI Availto Com Stockholders": 18197000.0,
        "Net Income Common Stockholders": 18197000.0,
        "Net Income": 18197000.0,
        "Net Income Including Noncontrolling Interests": 18197000.0,
        "Net Income Discontinuous Operations": 9000.0,
        "Net Income Continuous Operations": 18188000.0,
        "Tax Provision": 4962000.0,
        "Pretax Income": 23150000.0,
        "Other Income Expense": -2898000.0,
        "Other Non Operating Income Expenses": 28000.0,
        "Special Income Charges": -2926000.0,
        "Gain On Sale Of Business": 0.0,
        "Restructuring And Mergern Acquisition": 2926000.0,
        "Net Non Operating Interest Income Expense": -977000.0,
        "Interest Expense Non Operating": 977000.0,
        "Operating Income": 27025000.0,
        "Operating Expense": 43048000.0,
        "Other Operating Expenses": NaN,
        "Selling General And Administration": 43048000.0,
        "Gross Profit": 70073000.0,
        "Cost Of Revenue": 100391000.0,
        "Total Revenue": 170464000.0,
        "Operating Revenue": 170464000.0
    }
}