{
    "2023-06-30": {
        "Tax Effect Of Unusual Items": 0.0,
        "Tax Rate For Calcs": 0.247707,
        "Normalized EBITDA": 66031000.0,
        "Net Income From Continuing Operation Net Minority Interest": 34033000.0,
        "Reconciled Depreciation": 14440000.0,
        "Reconciled Cost Of Revenue": 252136000.0,
        "EBIT": 51591000.0,
        "Net Interest Income": -6352000.0,
        "Interest Expense": 6352000.0,
        "Normalized Income": 34033000.0,
        "Net Income From Continuing And Discontinued Operation": 34033000.0,
        "Total Expenses": 322722000.0,
        "Total Operating Income As Reported": 51591000.0,
        "Diluted Average Shares": 42235000.0,
        "Basic Average Shares": 42043000.0,
        "Diluted EPS": 0.81,
        "Basic EPS": 0.81,
        "Diluted NI Availto Com Stockholders": 34033000.0,
        "Net Income Common Stockholders": 34033000.0,
        "Net Income": 34033000.0,
        "Net Income Including Noncontrolling Interests": 34033000.0,
        "Net Income Continuous Operations": 34033000.0,
        "Tax Provision": 11206000.0,
        "Pretax Income": 45239000.0,
        "Net Non Operating Interest Income Expense": -6352000.0,
        "Interest Expense Non Operating": 6352000.0,
        "Operating Income": 51591000.0,
        "Operating Expense": 70586000.0,
        "Selling General And Administration": 70586000.0,
        "Gross Profit": 122177000.0,
        "Cost Of Revenue": 252136000.0,
        "Total Revenue": 374313000.0,
        "Operating Revenue": 374313000.0
    },
    "2023-03-31": {
        "Tax Effect Of Unusual Items": 0.0,
        "Tax Rate For Calcs": 0.249465,
        "Normalized EBITDA": 64988000.0,
        "Net Income From Continuing Operation Net Minority Interest": 33651000.0,
        "Reconciled Depreciation": 14150000.0,
        "Reconciled Cost Of Revenue": 244343000.0,
        "EBIT": 50838000.0,
        "Net Interest Income": -6002000.0,
        "Interest Expense": 6002000.0,
        "Normalized Income": 33651000.0,
        "Net Income From Continuing And Discontinued Operation": 33651000.0,
        "Total Expenses": 318168000.0,
        "Total Operating Income As Reported": 50838000.0,
        "Diluted Average Shares": 42255000.0,
        "Basic Average Shares": 41970000.0,
        "Diluted EPS": 0.8,
        "Basic EPS": 0.8,
        "Diluted NI Availto Com Stockholders": 33651000.0,
        "Net Income Common Stockholders": 33651000.0,
        "Net Income": 33651000.0,
        "Net Income Including Noncontrolling Interests": 33651000.0,
        "Net Income Continuous Operations": 33651000.0,
        "Tax Provision": 11185000.0,
        "Pretax Income": 44836000.0,
        "Net Non Operating Interest Income Expense": -6002000.0,
        "Interest Expense Non Operating": 6002000.0,
        "Operating Income": 50838000.0,
        "Operating Expense": 73825000.0,
        "Selling General And Administration": 73825000.0,
        "Gross Profit": 124663000.0,
        "Cost Of Revenue": 244343000.0,
        "Total Revenue": 369006000.0,
        "Operating Revenue": 369006000.0
    },
    "2022-12-31": {
        "Tax Effect Of Unusual Items": 0.0,
        "Tax Rate For Calcs": 0.200544,
        "Normalized EBITDA": 54430000.0,
        "Net Income From Continuing Operation Net Minority Interest": 29121000.0,
        "Reconciled Depreciation": 13205000.0,
        "Reconciled Cost Of Revenue": 237232000.0,
        "EBIT": 41225000.0,
        "Net Interest Income": -4799000.0,
        "Interest Expense": 4799000.0,
        "Normalized Income": 29121000.0,
        "Net Income From Continuing And Discontinued Operation": 29121000.0,
        "Total Expenses": 307511000.0,
        "Total Operating Income As Reported": 41225000.0,
        "Diluted Average Shares": 42255000.0,
        "Basic Average Shares": 41897000.0,
        "Diluted EPS": 0.69,
        "Basic EPS": 0.7,
        "Diluted NI Availto Com Stockholders": 29121000.0,
        "Net Income Common Stockholders": 29121000.0,
        "Net Income": 29121000.0,
        "Net Income Including Noncontrolling Interests": 29121000.0,
        "Net Income Continuous Operations": 29121000.0,
        "Tax Provision": 7305000.0,
        "Pretax Income": 36426000.0,
        "Net Non Operating Interest Income Expense": -4799000.0,
        "Interest Expense Non Operating": 4799000.0,
        "Operating Income": 41225000.0,
        "Operating Expense": 70279000.0,
        "Selling General And Administration": 70279000.0,
        "Gross Profit": 111504000.0,
        "Cost Of Revenue": 237232000.0,
        "Total Revenue": 348736000.0,
        "Operating Revenue": 348736000.0
    },
    "2022-09-30": {
        "Tax Effect Of Unusual Items": 0.0,
        "Tax Rate For Calcs": 0.177381,
        "Normalized EBITDA": 60575000.0,
        "Net Income From Continuing Operation Net Minority Interest": 36048000.0,
        "Reconciled Depreciation": 13082000.0,
        "Reconciled Cost Of Revenue": 239318000.0,
        "EBIT": 47493000.0,
        "Net Interest Income": -3672000.0,
        "Interest Expense": 3672000.0,
        "Normalized Income": 36048000.0,
        "Net Income From Continuing And Discontinued Operation": 36048000.0,
        "Total Expenses": 313583000.0,
        "Total Operating Income As Reported": 47493000.0,
        "Diluted Average Shares": 42242000.0,
        "Basic Average Shares": 41896000.0,
        "Diluted EPS": 0.85,
        "Basic EPS": 0.86,
        "Diluted NI Availto Com Stockholders": 36048000.0,
        "Net Income Common Stockholders": 36048000.0,
        "Net Income": 36048000.0,
        "Net Income Including Noncontrolling Interests": 36048000.0,
        "Net Income Continuous Operations": 36048000.0,
        "Tax Provision": 7773000.0,
        "Pretax Income": 43821000.0,
        "Net Non Operating Interest Income Expense": -3672000.0,
        "Interest Expense Non Operating": 3672000.0,
        "Operating Income": 47493000.0,
        "Operating Expense": 74265000.0,
        "Selling General And Administration": 74265000.0,
        "Gross Profit": 121758000.0,
        "Cost Of Revenue": 239318000.0,
        "Total Revenue": 361076000.0,
        "Operating Revenue": 361076000.0
    },
    "2022-06-30": {
        "Tax Effect Of Unusual Items": 0.0,
        "Tax Rate For Calcs": 0.259082,
        "Normalized EBITDA": 68368000.0,
        "Net Income From Continuing Operation Net Minority Interest": 38647000.0,
        "Reconciled Depreciation": 13124000.0,
        "Reconciled Cost Of Revenue": 240703000.0,
        "EBIT": 55244000.0,
        "Net Interest Income": -3083000.0,
        "Interest Expense": 3083000.0,
        "Normalized Income": 38647000.0,
        "Net Income From Continuing And Discontinued Operation": 38647000.0,
        "Total Expenses": 316462000.0,
        "Total Operating Income As Reported": 55244000.0,
        "Diluted Average Shares": 42208000.0,
        "Basic Average Shares": 41893000.0,
        "Diluted EPS": 0.92,
        "Basic EPS": 0.92,
        "Diluted NI Availto Com Stockholders": 38647000.0,
        "Net Income Common Stockholders": 38647000.0,
        "Net Income": 38647000.0,
        "Net Income Including Noncontrolling Interests": 38647000.0,
        "Net Income Continuous Operations": 38647000.0,
        "Tax Provision": 13514000.0,
        "Pretax Income": 52161000.0,
        "Net Non Operating Interest Income Expense": -3083000.0,
        "Interest Expense Non Operating": 3083000.0,
        "Operating Income": 55244000.0,
        "Operating Expense": 75759000.0,
        "Selling General And Administration": 75759000.0,
        "Gross Profit": 131003000.0,
        "Cost Of Revenue": 240703000.0,
        "Total Revenue": 371706000.0,
        "Operating Revenue": 371706000.0
    },
    "2022-03-31": {
        "Diluted EPS": 0.88,
        "Total Revenue": 356,
        "Gross Profit": 125,
        "Operating Income": 53,
        "EBIT": 66,
        "Net Income": 37
    },
    "2021-12-31": {
        "Diluted EPS": 0.65,
        "Total Revenue": 340,
        "Gross Profit": 112,
        "Operating Income": 40,
        "EBIT": 54,
        "Net Income": 27
    },
    "2021-09-30": {
        "Diluted EPS": 0.8,
        "Total Revenue": 344,
        "Gross Profit": 115,
        "Operating Income": 47,
        "EBIT": 60,
        "Net Income": 34
    },
    "2021-06-30": {
        "Diluted EPS": 0.61,
        "Total Revenue": 336,
        "Gross Profit": 112,
        "Operating Income": 36,
        "EBIT": 49,
        "Net Income": 26
    },
    "2021-03-31": {
        "Diluted EPS": 0.75,
        "Total Revenue": 360,
        "Gross Profit": 116,
        "Operating Income": 47,
        "EBIT": 60,
        "Net Income": 32
    },
    "2020-12-31": {
        "Diluted EPS": 0.6,
        "Total Revenue": 335,
        "Gross Profit": 104,
        "Operating Income": 35,
        "EBIT": 48,
        "Net Income": 25
    },
    "2020-09-30": {
        "Diluted EPS": 0.78,
        "Total Revenue": 324,
        "Gross Profit": 106,
        "Operating Income": 41,
        "EBIT": 53,
        "Net Income": 33
    },
    "2020-06-30": {
        "Diluted EPS": 0.72,
        "Total Revenue": 323,
        "Gross Profit": 102,
        "Operating Income": 42,
        "EBIT": 54,
        "Net Income": 31
    },
    "2020-03-31": {
        "Diluted EPS": 0.49,
        "Total Revenue": 351,
        "Gross Profit": 112,
        "Operating Income": 35,
        "EBIT": 47,
        "Net Income": 21
    },
    "2019-12-31": {
        "Diluted EPS": -0.4,
        "Total Revenue": 319,
        "Gross Profit": 85,
        "Operating Income": -14,
        "EBIT": -1,
        "Net Income": -17
    },
    "2019-09-30": {
        "Diluted EPS": 0.75,
        "Total Revenue": 318,
        "Gross Profit": 102,
        "Operating Income": 39,
        "EBIT": 53,
        "Net Income": 32
    },
    "2019-06-30": {
        "Diluted EPS": 0.81,
        "Total Revenue": 339,
        "Gross Profit": 112,
        "Operating Income": 47,
        "EBIT": 61,
        "Net Income": 34
    },
    "2019-03-31": {
        "Diluted EPS": 0.78,
        "Total Revenue": 348,
        "Gross Profit": 115,
        "Operating Income": 49,
        "EBIT": 63,
        "Net Income": 33
    },
    "2018-12-31": {
        "Diluted EPS": 0.77,
        "Total Revenue": 325,
        "Gross Profit": 106,
        "Operating Income": 45,
        "EBIT": 59,
        "Net Income": 33
    },
    "2018-09-30": {
        "Diluted EPS": 1.12,
        "Total Revenue": 343,
        "Gross Profit": 116,
        "Operating Income": 50,
        "EBIT": 63,
        "Net Income": 47
    },
    "2018-06-30": {
        "Diluted EPS": 0.92,
        "Total Revenue": 363,
        "Gross Profit": 121,
        "Operating Income": 52,
        "EBIT": 66,
        "Net Income": 39
    },
    "2018-03-31": {
        "Diluted EPS": 0.89,
        "Total Revenue": 356,
        "Gross Profit": 123,
        "Operating Income": 56,
        "EBIT": 68,
        "Net Income": 38
    },
    "2017-12-31": {
        "Diluted EPS": 0.31,
        "Total Revenue": 329,
        "Gross Profit": 113,
        "Operating Income": 47,
        "EBIT": 59,
        "Net Income": 13
    },
    "2017-09-30": {
        "Diluted EPS": 0.73,
        "Total Revenue": 354,
        "Gross Profit": 123,
        "Operating Income": 52,
        "EBIT": 64,
        "Net Income": 32
    },
    "2017-06-30": {
        "Diluted EPS": 0.69,
        "Total Revenue": 338,
        "Gross Profit": 119,
        "Operating Income": 44,
        "EBIT": 57,
        "Net Income": 31
    },
    "2017-03-31": {
        "Diluted EPS": 0.3,
        "Total Revenue": 341,
        "Gross Profit": 121,
        "Operating Income": 24,
        "EBIT": 36,
        "Net Income": 13
    },
    "2016-12-31": {
        "Diluted EPS": 0.71,
        "Total Revenue": 330,
        "Gross Profit": 113,
        "Operating Income": 43,
        "EBIT": 55,
        "Net Income": 31
    },
    "2016-09-30": {
        "Diluted EPS": 0.79,
        "Total Revenue": 350,
        "Gross Profit": 123,
        "Operating Income": 51,
        "EBIT": 63,
        "Net Income": 36
    },
    "2016-06-30": {
        "Diluted EPS": 0.63,
        "Total Revenue": 361,
        "Gross Profit": 124,
        "Operating Income": 44,
        "EBIT": 55,
        "Net Income": 28
    },
    "2016-03-31": {
        "Diluted EPS": 0.69,
        "Total Revenue": 342,
        "Gross Profit": 116,
        "Operating Income": 48,
        "EBIT": 59,
        "Net Income": 31
    },
    "2015-12-31": {
        "Diluted EPS": 0.44,
        "Total Revenue": 339,
        "Gross Profit": 106,
        "Operating Income": 32,
        "EBIT": 43,
        "Net Income": 19
    },
    "2015-09-30": {
        "Diluted EPS": 0.6,
        "Total Revenue": 345,
        "Gross Profit": 113,
        "Operating Income": 43,
        "EBIT": 55,
        "Net Income": 28
    },
    "2015-06-30": {
        "Diluted EPS": 0.63,
        "Total Revenue": 346,
        "Gross Profit": 118,
        "Operating Income": 45,
        "EBIT": 57,
        "Net Income": 29
    },
    "2015-03-31": {
        "Diluted EPS": 0.64,
        "Total Revenue": 346,
        "Gross Profit": 117,
        "Operating Income": 46,
        "EBIT": 59,
        "Net Income": 31
    },
    "2014-12-31": {
        "Diluted EPS": 0.52,
        "Total Revenue": 343,
        "Gross Profit": 113,
        "Operating Income": 36,
        "EBIT": 48,
        "Net Income": 25
    },
    "2014-09-30": {
        "Diluted EPS": 0.44,
        "Total Revenue": 365,
        "Gross Profit": 122,
        "Operating Income": 36,
        "EBIT": 49,
        "Net Income": 21
    },
    "2014-06-30": {
        "Diluted EPS": 0.59,
        "Total Revenue": 373,
        "Gross Profit": 129,
        "Operating Income": 50,
        "EBIT": 63,
        "Net Income": 29
    },
    "2014-03-31": {
        "Diluted EPS": -0.04,
        "Total Revenue": 367,
        "Gross Profit": 124,
        "Operating Income": 9,
        "EBIT": 22,
        "Net Income": -2
    },
    "2013-12-31": {
        "Diluted EPS": 0.56,
        "Total Revenue": 347,
        "Gross Profit": 116,
        "Operating Income": 40,
        "EBIT": 53,
        "Net Income": 28
    },
    "2013-09-30": {
        "Diluted EPS": 0.63,
        "Total Revenue": 370,
        "Gross Profit": 120,
        "Operating Income": 49,
        "EBIT": 62,
        "Net Income": 32
    },
    "2013-06-30": {
        "Diluted EPS": 0.65,
        "Total Revenue": 379,
        "Gross Profit": 123,
        "Operating Income": 49,
        "EBIT": 62,
        "Net Income": 32
    },
    "2013-03-31": {
        "Diluted EPS": 0.43,
        "Total Revenue": 366,
        "Gross Profit": 117,
        "Operating Income": 36,
        "EBIT": 49,
        "Net Income": 21
    },
    "2012-12-31": {
        "Diluted EPS": 0.55,
        "Total Revenue": 351,
        "Gross Profit": 110,
        "Operating Income": 41,
        "EBIT": 53,
        "Net Income": 27
    },
    "2012-09-30": {
        "Diluted EPS": 0.66,
        "Total Revenue": 369,
        "Gross Profit": 118,
        "Operating Income": 51,
        "EBIT": 63,
        "Net Income": 33
    },
    "2012-06-30": {
        "Diluted EPS": 0.7,
        "Total Revenue": 368,
        "Gross Profit": 120,
        "Operating Income": 54,
        "EBIT": 67,
        "Net Income": 35
    },
    "2012-03-31": {
        "Diluted EPS": 0.58,
        "Total Revenue": 366,
        "Gross Profit": 115,
        "Operating Income": 46,
        "EBIT": 59,
        "Net Income": 29
    },
    "2011-12-31": {
        "Diluted EPS": 0.57,
        "Total Revenue": 340,
        "Gross Profit": 108,
        "Operating Income": 43,
        "EBIT": 54,
        "Net Income": 29
    },
    "2011-09-30": {
        "Diluted EPS": 0.64,
        "Total Revenue": 364,
        "Gross Profit": 115,
        "Operating Income": 50,
        "EBIT": 61,
        "Net Income": 32
    },
    "2011-06-30": {
        "Diluted EPS": 0.67,
        "Total Revenue": 377,
        "Gross Profit": 119,
        "Operating Income": 54,
        "EBIT": 66,
        "Net Income": 33
    },
    "2011-03-31": {
        "Diluted EPS": 0.53,
        "Total Revenue": 350,
        "Gross Profit": 108,
        "Operating Income": 44,
        "EBIT": 55,
        "Net Income": 26
    },
    "2010-12-31": {
        "Diluted EPS": 0.52,
        "Total Revenue": 339,
        "Gross Profit": 102,
        "Operating Income": 41,
        "EBIT": 52,
        "Net Income": 26
    },
    "2010-09-30": {
        "Diluted EPS": 0.59,
        "Total Revenue": 341,
        "Gross Profit": 106,
        "Operating Income": 48,
        "EBIT": 59,
        "Net Income": 29
    },
    "2010-06-30": {
        "Diluted EPS": 0.58,
        "Total Revenue": 334,
        "Gross Profit": 105,
        "Operating Income": 47,
        "EBIT": 58,
        "Net Income": 29
    },
    "2010-03-31": {
        "Diluted EPS": 0.48,
        "Total Revenue": 314,
        "Gross Profit": 95,
        "Operating Income": 39,
        "EBIT": 49,
        "Net Income": 23
    },
    "2009-12-31": {
        "Diluted EPS": 0.33,
        "Total Revenue": 311,
        "Gross Profit": 95,
        "Operating Income": 26,
        "EBIT": 37,
        "Net Income": 16
    },
    "2009-09-30": {
        "Diluted EPS": 0.47,
        "Total Revenue": 303,
        "Gross Profit": 93,
        "Operating Income": 39,
        "EBIT": 49,
        "Net Income": 23
    },
    "2009-06-30": {
        "Diluted EPS": 0.53,
        "Total Revenue": 304,
        "Gross Profit": 95,
        "Operating Income": 43,
        "EBIT": 54,
        "Net Income": 26
    },
    "2009-03-31": {
        "Diluted EPS": 0.45,
        "Total Revenue": 283,
        "Gross Profit": 87,
        "Operating Income": 38,
        "EBIT": 49,
        "Net Income": 22
    }
}