{
    "2023-06-30": {
        "Tax Effect Of Unusual Items": NaN,
        "Tax Rate For Calcs": NaN,
        "Normalized EBITDA": NaN,
        "Net Income From Continuing Operation Net Minority Interest": NaN,
        "Reconciled Depreciation": NaN,
        "Reconciled Cost Of Revenue": NaN,
        "EBITDA": NaN,
        "EBIT": NaN,
        "Normalized Income": NaN,
        "Net Income From Continuing And Discontinued Operation": NaN,
        "Total Expenses": NaN,
        "Total Operating Income As Reported": NaN,
        "Diluted Average Shares": NaN,
        "Basic Average Shares": NaN,
        "Diluted EPS": NaN,
        "Basic EPS": NaN,
        "Diluted NI Availto Com Stockholders": NaN,
        "Net Income Common Stockholders": NaN,
        "Otherunder Preferred Stock Dividend": 0.0,
        "Net Income": NaN,
        "Minority Interests": NaN,
        "Net Income Including Noncontrolling Interests": NaN,
        "Net Income Continuous Operations": NaN,
        "Earnings From Equity Interest Net Of Tax": 0.0,
        "Tax Provision": NaN,
        "Pretax Income": NaN,
        "Other Income Expense": NaN,
        "Other Non Operating Income Expenses": NaN,
        "Operating Income": NaN,
        "Operating Expense": NaN,
        "Research And Development": NaN,
        "Selling General And Administration": NaN,
        "Gross Profit": NaN,
        "Cost Of Revenue": NaN,
        "Total Revenue": NaN,
        "Operating Revenue": NaN
    },
    "2023-03-31": {
        "Tax Effect Of Unusual Items": NaN,
        "Tax Rate For Calcs": NaN,
        "Normalized EBITDA": NaN,
        "Net Income From Continuing Operation Net Minority Interest": NaN,
        "Reconciled Depreciation": NaN,
        "Reconciled Cost Of Revenue": NaN,
        "EBITDA": NaN,
        "EBIT": NaN,
        "Normalized Income": NaN,
        "Net Income From Continuing And Discontinued Operation": NaN,
        "Total Expenses": NaN,
        "Total Operating Income As Reported": NaN,
        "Diluted Average Shares": NaN,
        "Basic Average Shares": NaN,
        "Diluted EPS": NaN,
        "Basic EPS": NaN,
        "Diluted NI Availto Com Stockholders": NaN,
        "Net Income Common Stockholders": NaN,
        "Otherunder Preferred Stock Dividend": 0.0,
        "Net Income": NaN,
        "Minority Interests": NaN,
        "Net Income Including Noncontrolling Interests": NaN,
        "Net Income Continuous Operations": NaN,
        "Earnings From Equity Interest Net Of Tax": NaN,
        "Tax Provision": NaN,
        "Pretax Income": NaN,
        "Other Income Expense": NaN,
        "Other Non Operating Income Expenses": NaN,
        "Operating Income": NaN,
        "Operating Expense": NaN,
        "Research And Development": NaN,
        "Selling General And Administration": NaN,
        "Gross Profit": NaN,
        "Cost Of Revenue": NaN,
        "Total Revenue": NaN,
        "Operating Revenue": NaN
    },
    "2022-12-31": {
        "Tax Effect Of Unusual Items": NaN,
        "Tax Rate For Calcs": NaN,
        "Normalized EBITDA": NaN,
        "Net Income From Continuing Operation Net Minority Interest": NaN,
        "Reconciled Depreciation": NaN,
        "Reconciled Cost Of Revenue": NaN,
        "EBITDA": NaN,
        "EBIT": NaN,
        "Normalized Income": NaN,
        "Net Income From Continuing And Discontinued Operation": NaN,
        "Total Expenses": NaN,
        "Total Operating Income As Reported": NaN,
        "Diluted Average Shares": NaN,
        "Basic Average Shares": NaN,
        "Diluted EPS": NaN,
        "Basic EPS": NaN,
        "Diluted NI Availto Com Stockholders": NaN,
        "Net Income Common Stockholders": NaN,
        "Otherunder Preferred Stock Dividend": 0.0,
        "Net Income": NaN,
        "Minority Interests": NaN,
        "Net Income Including Noncontrolling Interests": NaN,
        "Net Income Continuous Operations": NaN,
        "Earnings From Equity Interest Net Of Tax": NaN,
        "Tax Provision": NaN,
        "Pretax Income": NaN,
        "Other Income Expense": NaN,
        "Other Non Operating Income Expenses": NaN,
        "Operating Income": NaN,
        "Operating Expense": NaN,
        "Research And Development": NaN,
        "Selling General And Administration": NaN,
        "Gross Profit": NaN,
        "Cost Of Revenue": NaN,
        "Total Revenue": NaN,
        "Operating Revenue": NaN
    },
    "2022-09-30": {
        "Tax Effect Of Unusual Items": NaN,
        "Tax Rate For Calcs": NaN,
        "Normalized EBITDA": NaN,
        "Net Income From Continuing Operation Net Minority Interest": NaN,
        "Reconciled Depreciation": NaN,
        "Reconciled Cost Of Revenue": NaN,
        "EBITDA": NaN,
        "EBIT": NaN,
        "Normalized Income": NaN,
        "Net Income From Continuing And Discontinued Operation": NaN,
        "Total Expenses": NaN,
        "Total Operating Income As Reported": NaN,
        "Diluted Average Shares": NaN,
        "Basic Average Shares": NaN,
        "Diluted EPS": NaN,
        "Basic EPS": NaN,
        "Diluted NI Availto Com Stockholders": NaN,
        "Net Income Common Stockholders": NaN,
        "Otherunder Preferred Stock Dividend": 0.0,
        "Net Income": NaN,
        "Minority Interests": NaN,
        "Net Income Including Noncontrolling Interests": NaN,
        "Net Income Continuous Operations": NaN,
        "Tax Provision": NaN,
        "Pretax Income": NaN,
        "Other Income Expense": NaN,
        "Other Non Operating Income Expenses": NaN,
        "Operating Income": NaN,
        "Operating Expense": NaN,
        "Research And Development": NaN,
        "Selling General And Administration": NaN,
        "Gross Profit": NaN,
        "Cost Of Revenue": NaN,
        "Total Revenue": NaN,
        "Operating Revenue": NaN
    },
    "2022-06-30": {
        "Tax Effect Of Unusual Items": 0.0,
        "Tax Rate For Calcs": 0.0,
        "Normalized EBITDA": -33031000.0,
        "Net Income From Continuing Operation Net Minority Interest": -20492000.0,
        "Reconciled Depreciation": 1426000.0,
        "Reconciled Cost Of Revenue": 144008000.0,
        "EBITDA": -33031000.0,
        "EBIT": -33031000.0,
        "Normalized Income": -20492000.0,
        "Net Income From Continuing And Discontinued Operation": -20492000.0,
        "Total Expenses": 208583000.0,
        "Total Operating Income As Reported": -33031000.0,
        "Diluted Average Shares": 50664146.0,
        "Basic Average Shares": 50664146.0,
        "Diluted EPS": -0.03,
        "Basic EPS": -0.03,
        "Diluted NI Availto Com Stockholders": -1314000.0,
        "Net Income Common Stockholders": -1314000.0,
        "Otherunder Preferred Stock Dividend": -19178000.0,
        "Net Income": -20492000.0,
        "Minority Interests": 12383000.0,
        "Net Income Including Noncontrolling Interests": -32875000.0,
        "Net Income Continuous Operations": -32875000.0,
        "Tax Provision": 0.0,
        "Pretax Income": -32875000.0,
        "Other Income Expense": 156000.0,
        "Other Non Operating Income Expenses": 156000.0,
        "Operating Income": -33031000.0,
        "Operating Expense": 64575000.0,
        "Research And Development": 35140000.0,
        "Selling General And Administration": 29435000.0,
        "Gross Profit": 31544000.0,
        "Cost Of Revenue": 144008000.0,
        "Total Revenue": 175552000.0,
        "Operating Revenue": 175552000.0
    },
    "2022-03-31": {
        "Diluted EPS": 0.0,
        "Total Revenue": 96,
        "Gross Profit": 17,
        "Operating Income": -30,
        "EBIT": -29,
        "Net Income": NaN
    },
    "2021-12-31": {
        "Diluted EPS": 0.0,
        "Total Revenue": NaN,
        "Gross Profit": NaN,
        "Operating Income": NaN,
        "EBIT": NaN,
        "Net Income": NaN
    },
    "2021-09-30": {
        "Diluted EPS": -0.05,
        "Total Revenue": NaN,
        "Gross Profit": NaN,
        "Operating Income": -2,
        "EBIT": NaN,
        "Net Income": -2
    },
    "2021-06-30": {
        "Diluted EPS": 0.0,
        "Total Revenue": 131,
        "Gross Profit": 0,
        "Operating Income": -38,
        "EBIT": -38,
        "Net Income": -38
    },
    "2021-03-31": {
        "Diluted EPS": -0.04,
        "Total Revenue": NaN,
        "Gross Profit": NaN,
        "Operating Income": -1,
        "EBIT": -1,
        "Net Income": -1
    },
    "2020-12-31": {
        "Diluted EPS": 0.0,
        "Total Revenue": NaN,
        "Gross Profit": NaN,
        "Operating Income": NaN,
        "EBIT": NaN,
        "Net Income": NaN
    },
    "2020-09-30": {
        "Diluted EPS": 0.0,
        "Total Revenue": NaN,
        "Gross Profit": NaN,
        "Operating Income": NaN,
        "EBIT": NaN,
        "Net Income": NaN
    },
    "2023-09-30": {
        "Tax Effect Of Unusual Items": NaN,
        "Tax Rate For Calcs": NaN,
        "Normalized EBITDA": NaN,
        "Net Income From Continuing Operation Net Minority Interest": NaN,
        "Reconciled Depreciation": NaN,
        "Reconciled Cost Of Revenue": NaN,
        "EBITDA": NaN,
        "EBIT": NaN,
        "Normalized Income": NaN,
        "Net Income From Continuing And Discontinued Operation": NaN,
        "Total Expenses": NaN,
        "Total Operating Income As Reported": NaN,
        "Diluted Average Shares": 76021439.0,
        "Basic Average Shares": 76021439.0,
        "Diluted EPS": -0.08,
        "Basic EPS": -0.08,
        "Diluted NI Availto Com Stockholders": NaN,
        "Net Income Common Stockholders": NaN,
        "Otherunder Preferred Stock Dividend": 0.0,
        "Net Income": NaN,
        "Minority Interests": NaN,
        "Net Income Including Noncontrolling Interests": NaN,
        "Net Income Continuous Operations": NaN,
        "Earnings From Equity Interest Net Of Tax": NaN,
        "Tax Provision": NaN,
        "Pretax Income": NaN,
        "Other Income Expense": NaN,
        "Other Non Operating Income Expenses": NaN,
        "Operating Income": NaN,
        "Operating Expense": NaN,
        "Research And Development": NaN,
        "Selling General And Administration": NaN,
        "Gross Profit": NaN,
        "Cost Of Revenue": NaN,
        "Total Revenue": NaN,
        "Operating Revenue": NaN
    },
    "2023-12-31": {
        "Tax Effect Of Unusual Items": 0.0,
        "Tax Rate For Calcs": 0.21,
        "Normalized EBITDA": -21902000.0,
        "Net Income From Continuing Operation Net Minority Interest": -2836000.0,
        "Reconciled Depreciation": 3197000.0,
        "Reconciled Cost Of Revenue": 295886000.0,
        "EBITDA": -21902000.0,
        "EBIT": -25099000.0,
        "Normalized Income": -2836000.0,
        "Net Income From Continuing And Discontinued Operation": -2836000.0,
        "Total Expenses": 385042000.0,
        "Total Operating Income As Reported": -25099000.0,
        "Diluted Average Shares": 83320943.0,
        "Basic Average Shares": 83320943.0,
        "Diluted EPS": -0.02,
        "Basic EPS": -0.02,
        "Diluted NI Availto Com Stockholders": -2836000.0,
        "Net Income Common Stockholders": -2836000.0,
        "Otherunder Preferred Stock Dividend": NaN,
        "Net Income": -2836000.0,
        "Minority Interests": 16236000.0,
        "Net Income Including Noncontrolling Interests": -19072000.0,
        "Net Income Continuous Operations": -19072000.0,
        "Earnings From Equity Interest Net Of Tax": 0.0,
        "Tax Provision": 172000.0,
        "Pretax Income": -18900000.0,
        "Other Income Expense": 6199000.0,
        "Other Non Operating Income Expenses": 6199000.0,
        "Operating Income": -25099000.0,
        "Operating Expense": 89156000.0,
        "Research And Development": 42144000.0,
        "Selling General And Administration": 47012000.0,
        "Gross Profit": 64057000.0,
        "Cost Of Revenue": 295886000.0,
        "Total Revenue": 359943000.0,
        "Operating Revenue": 359943000.0
    },
    "2024-03-31": {
        "Tax Effect Of Unusual Items": 0.0,
        "Tax Rate For Calcs": 0.004575,
        "Normalized EBITDA": -61739000.0,
        "Net Income From Continuing Operation Net Minority Interest": -8809000.0,
        "Reconciled Depreciation": 3155000.0,
        "Reconciled Cost Of Revenue": 363112000.0,
        "EBITDA": -61739000.0,
        "EBIT": -64894000.0,
        "Normalized Income": -8809000.0,
        "Net Income From Continuing And Discontinued Operation": -8809000.0,
        "Total Expenses": 458226000.0,
        "Total Operating Income As Reported": -64894000.0,
        "Diluted Average Shares": 93043769.0,
        "Basic Average Shares": 93043769.0,
        "Diluted EPS": -0.09,
        "Basic EPS": -0.09,
        "Diluted NI Availto Com Stockholders": -8809000.0,
        "Net Income Common Stockholders": -8809000.0,
        "Otherunder Preferred Stock Dividend": NaN,
        "Net Income": -8809000.0,
        "Minority Interests": 46021000.0,
        "Net Income Including Noncontrolling Interests": -54830000.0,
        "Net Income Continuous Operations": -54830000.0,
        "Earnings From Equity Interest Net Of Tax": NaN,
        "Tax Provision": -252000.0,
        "Pretax Income": -55082000.0,
        "Other Income Expense": 9812000.0,
        "Other Non Operating Income Expenses": 9812000.0,
        "Operating Income": -64894000.0,
        "Operating Expense": 95114000.0,
        "Research And Development": 46462000.0,
        "Selling General And Administration": 48652000.0,
        "Gross Profit": 30220000.0,
        "Cost Of Revenue": 363112000.0,
        "Total Revenue": 393332000.0,
        "Operating Revenue": 393332000.0
    },
    "2024-06-30": {
        "Tax Effect Of Unusual Items": 0.0,
        "Tax Rate For Calcs": 0.21,
        "Normalized EBITDA": -26924000.0,
        "Net Income From Continuing Operation Net Minority Interest": -4681000.0,
        "Reconciled Depreciation": 10696000.0,
        "Reconciled Cost Of Revenue": 415365000.0,
        "EBITDA": -26924000.0,
        "EBIT": -37620000.0,
        "Normalized Income": -4681000.0,
        "Net Income From Continuing And Discontinued Operation": -4681000.0,
        "Total Expenses": 507958000.0,
        "Total Operating Income As Reported": -37620000.0,
        "Diluted Average Shares": 102414284.0,
        "Basic Average Shares": 102414284.0,
        "Diluted EPS": -0.05,
        "Basic EPS": -0.05,
        "Diluted NI Availto Com Stockholders": -4681000.0,
        "Net Income Common Stockholders": -4681000.0,
        "Otherunder Preferred Stock Dividend": NaN,
        "Net Income": -4681000.0,
        "Minority Interests": 22043000.0,
        "Net Income Including Noncontrolling Interests": -26724000.0,
        "Net Income Continuous Operations": -26724000.0,
        "Earnings From Equity Interest Net Of Tax": -537000.0,
        "Tax Provision": 182000.0,
        "Pretax Income": -26005000.0,
        "Other Income Expense": 11615000.0,
        "Other Non Operating Income Expenses": 11615000.0,
        "Operating Income": -37620000.0,
        "Operating Expense": 92593000.0,
        "Research And Development": 44722000.0,
        "Selling General And Administration": 47871000.0,
        "Gross Profit": 54973000.0,
        "Cost Of Revenue": 415365000.0,
        "Total Revenue": 470338000.0,
        "Operating Revenue": 470338000.0
    },
    "2024-09-30": {
        "Tax Effect Of Unusual Items": 0.0,
        "Tax Rate For Calcs": 0.21,
        "Normalized EBITDA": -15105000.0,
        "Net Income From Continuing Operation Net Minority Interest": -2494000.0,
        "Reconciled Depreciation": 6432000.0,
        "Reconciled Cost Of Revenue": 439574000.0,
        "EBITDA": -15105000.0,
        "EBIT": -21537000.0,
        "Normalized Income": -2494000.0,
        "Net Income From Continuing And Discontinued Operation": -2494000.0,
        "Total Expenses": 525103000.0,
        "Total Operating Income As Reported": -21537000.0,
        "Diluted Average Shares": NaN,
        "Basic Average Shares": NaN,
        "Diluted EPS": NaN,
        "Basic EPS": NaN,
        "Diluted NI Availto Com Stockholders": -2494000.0,
        "Net Income Common Stockholders": -2494000.0,
        "Otherunder Preferred Stock Dividend": NaN,
        "Net Income": -2494000.0,
        "Minority Interests": 14055000.0,
        "Net Income Including Noncontrolling Interests": -16549000.0,
        "Net Income Continuous Operations": -16549000.0,
        "Earnings From Equity Interest Net Of Tax": -240000.0,
        "Tax Provision": 4188000.0,
        "Pretax Income": -12121000.0,
        "Other Income Expense": 9416000.0,
        "Other Non Operating Income Expenses": 9416000.0,
        "Operating Income": -21537000.0,
        "Operating Expense": 85529000.0,
        "Research And Development": 40130000.0,
        "Selling General And Administration": 45399000.0,
        "Gross Profit": 63992000.0,
        "Cost Of Revenue": 439574000.0,
        "Total Revenue": 503566000.0,
        "Operating Revenue": 503566000.0
    },
    "2024-12-31": {
        "Tax Effect Of Unusual Items": 0.0,
        "Tax Rate For Calcs": 0.21,
        "Normalized EBITDA": -16984000.0,
        "Net Income From Continuing Operation Net Minority Interest": -3476000.0,
        "Reconciled Depreciation": 7645000.0,
        "Reconciled Cost Of Revenue": 406654000.0,
        "EBITDA": -16984000.0,
        "EBIT": -24629000.0,
        "Normalized Income": -3476000.0,
        "Net Income From Continuing And Discontinued Operation": -3476000.0,
        "Total Expenses": 511322000.0,
        "Total Operating Income As Reported": -24629000.0,
        "Diluted Average Shares": 106098566.0,
        "Basic Average Shares": 106098566.0,
        "Diluted EPS": -0.03,
        "Basic EPS": -0.03,
        "Diluted NI Availto Com Stockholders": -3476000.0,
        "Net Income Common Stockholders": -3476000.0,
        "Otherunder Preferred Stock Dividend": NaN,
        "Net Income": -3476000.0,
        "Minority Interests": 15044000.0,
        "Net Income Including Noncontrolling Interests": -18520000.0,
        "Net Income Continuous Operations": -18520000.0,
        "Earnings From Equity Interest Net Of Tax": -1564000.0,
        "Tax Provision": 150000.0,
        "Pretax Income": -16806000.0,
        "Other Income Expense": 7823000.0,
        "Other Non Operating Income Expenses": 7823000.0,
        "Operating Income": -24629000.0,
        "Operating Expense": 104668000.0,
        "Research And Development": 43592000.0,
        "Selling General And Administration": 61076000.0,
        "Gross Profit": 80039000.0,
        "Cost Of Revenue": 406654000.0,
        "Total Revenue": 486693000.0,
        "Operating Revenue": 486693000.0
    }
}