{
    "2023-03-31": {
        "Tax Effect Of Unusual Items": NaN,
        "Tax Rate For Calcs": NaN,
        "Normalized EBITDA": NaN,
        "Total Unusual Items": NaN,
        "Total Unusual Items Excluding Goodwill": NaN,
        "Net Income From Continuing Operation Net Minority Interest": NaN,
        "Reconciled Depreciation": NaN,
        "Reconciled Cost Of Revenue": NaN,
        "EBITDA": NaN,
        "EBIT": NaN,
        "Net Interest Income": NaN,
        "Interest Expense": NaN,
        "Normalized Income": NaN,
        "Net Income From Continuing And Discontinued Operation": NaN,
        "Total Expenses": NaN,
        "Total Operating Income As Reported": NaN,
        "Diluted Average Shares": NaN,
        "Basic Average Shares": NaN,
        "Diluted EPS": NaN,
        "Basic EPS": NaN,
        "Diluted NI Availto Com Stockholders": NaN,
        "Net Income Common Stockholders": NaN,
        "Net Income": NaN,
        "Net Income Including Noncontrolling Interests": NaN,
        "Net Income Continuous Operations": NaN,
        "Earnings From Equity Interest Net Of Tax": 0.0,
        "Tax Provision": NaN,
        "Pretax Income": NaN,
        "Other Income Expense": NaN,
        "Special Income Charges": NaN,
        "Gain On Sale Of Ppe": 0.0,
        "Restructuring And Mergern Acquisition": NaN,
        "Net Non Operating Interest Income Expense": NaN,
        "Interest Expense Non Operating": NaN,
        "Operating Income": NaN,
        "Operating Expense": NaN,
        "Depreciation Amortization Depletion Income Statement": NaN,
        "Depreciation And Amortization In Income Statement": NaN,
        "Amortization": NaN,
        "Amortization Of Intangibles Income Statement": NaN,
        "Research And Development": NaN,
        "Selling General And Administration": NaN,
        "Gross Profit": NaN,
        "Cost Of Revenue": NaN,
        "Total Revenue": NaN,
        "Operating Revenue": NaN
    },
    "2022-12-31": {
        "Tax Effect Of Unusual Items": NaN,
        "Tax Rate For Calcs": NaN,
        "Normalized EBITDA": NaN,
        "Total Unusual Items": NaN,
        "Total Unusual Items Excluding Goodwill": NaN,
        "Net Income From Continuing Operation Net Minority Interest": NaN,
        "Reconciled Depreciation": NaN,
        "Reconciled Cost Of Revenue": NaN,
        "EBITDA": NaN,
        "EBIT": NaN,
        "Net Interest Income": NaN,
        "Interest Expense": NaN,
        "Normalized Income": NaN,
        "Net Income From Continuing And Discontinued Operation": NaN,
        "Total Expenses": NaN,
        "Total Operating Income As Reported": NaN,
        "Diluted Average Shares": NaN,
        "Basic Average Shares": NaN,
        "Diluted EPS": NaN,
        "Basic EPS": NaN,
        "Diluted NI Availto Com Stockholders": NaN,
        "Net Income Common Stockholders": NaN,
        "Net Income": NaN,
        "Net Income Including Noncontrolling Interests": NaN,
        "Net Income Continuous Operations": NaN,
        "Earnings From Equity Interest Net Of Tax": 0.0,
        "Tax Provision": NaN,
        "Pretax Income": NaN,
        "Other Income Expense": NaN,
        "Special Income Charges": NaN,
        "Gain On Sale Of Ppe": NaN,
        "Restructuring And Mergern Acquisition": NaN,
        "Net Non Operating Interest Income Expense": NaN,
        "Interest Expense Non Operating": NaN,
        "Operating Income": NaN,
        "Operating Expense": NaN,
        "Depreciation Amortization Depletion Income Statement": NaN,
        "Depreciation And Amortization In Income Statement": NaN,
        "Amortization": NaN,
        "Amortization Of Intangibles Income Statement": NaN,
        "Research And Development": NaN,
        "Selling General And Administration": NaN,
        "Gross Profit": NaN,
        "Cost Of Revenue": NaN,
        "Total Revenue": NaN,
        "Operating Revenue": NaN
    },
    "2022-09-30": {
        "Tax Effect Of Unusual Items": NaN,
        "Tax Rate For Calcs": NaN,
        "Normalized EBITDA": NaN,
        "Total Unusual Items": NaN,
        "Total Unusual Items Excluding Goodwill": NaN,
        "Net Income From Continuing Operation Net Minority Interest": NaN,
        "Reconciled Depreciation": NaN,
        "Reconciled Cost Of Revenue": NaN,
        "EBITDA": NaN,
        "EBIT": NaN,
        "Net Interest Income": NaN,
        "Interest Expense": NaN,
        "Normalized Income": NaN,
        "Net Income From Continuing And Discontinued Operation": NaN,
        "Total Expenses": NaN,
        "Total Operating Income As Reported": NaN,
        "Diluted Average Shares": NaN,
        "Basic Average Shares": NaN,
        "Diluted EPS": NaN,
        "Basic EPS": NaN,
        "Diluted NI Availto Com Stockholders": NaN,
        "Net Income Common Stockholders": NaN,
        "Net Income": NaN,
        "Net Income Including Noncontrolling Interests": NaN,
        "Net Income Continuous Operations": NaN,
        "Earnings From Equity Interest Net Of Tax": 0.0,
        "Tax Provision": NaN,
        "Pretax Income": NaN,
        "Other Income Expense": NaN,
        "Special Income Charges": NaN,
        "Gain On Sale Of Ppe": NaN,
        "Restructuring And Mergern Acquisition": NaN,
        "Net Non Operating Interest Income Expense": NaN,
        "Interest Expense Non Operating": NaN,
        "Operating Income": NaN,
        "Operating Expense": NaN,
        "Depreciation Amortization Depletion Income Statement": NaN,
        "Depreciation And Amortization In Income Statement": NaN,
        "Amortization": NaN,
        "Amortization Of Intangibles Income Statement": NaN,
        "Research And Development": NaN,
        "Selling General And Administration": NaN,
        "Gross Profit": NaN,
        "Cost Of Revenue": NaN,
        "Total Revenue": NaN,
        "Operating Revenue": NaN
    },
    "2022-06-30": {
        "Tax Effect Of Unusual Items": -140190.972222,
        "Tax Rate For Calcs": 0.280382,
        "Normalized EBITDA": 133700000.0,
        "Total Unusual Items": -500000.0,
        "Total Unusual Items Excluding Goodwill": -500000.0,
        "Net Income From Continuing Operation Net Minority Interest": 82900000.0,
        "Reconciled Depreciation": 9100000.0,
        "Reconciled Cost Of Revenue": 210300000.0,
        "EBITDA": 133200000.0,
        "EBIT": 124100000.0,
        "Net Interest Income": -8900000.0,
        "Interest Expense": 8900000.0,
        "Normalized Income": 83259809.027778,
        "Net Income From Continuing And Discontinued Operation": 82900000.0,
        "Total Expenses": 351800000.0,
        "Total Operating Income As Reported": 124100000.0,
        "Diluted Average Shares": 40600000.0,
        "Basic Average Shares": 39600000.0,
        "Diluted EPS": 2.04,
        "Basic EPS": 2.09,
        "Diluted NI Availto Com Stockholders": 82900000.0,
        "Net Income Common Stockholders": 82900000.0,
        "Net Income": 82900000.0,
        "Net Income Including Noncontrolling Interests": 82900000.0,
        "Net Income Continuous Operations": 82900000.0,
        "Earnings From Equity Interest Net Of Tax": 0.0,
        "Tax Provision": 32300000.0,
        "Pretax Income": 115200000.0,
        "Other Income Expense": -500000.0,
        "Other Non Operating Income Expenses": 0.0,
        "Special Income Charges": -500000.0,
        "Gain On Sale Of Ppe": 0.0,
        "Other Special Charges": 0.0,
        "Restructuring And Mergern Acquisition": 500000.0,
        "Net Non Operating Interest Income Expense": -8900000.0,
        "Interest Expense Non Operating": 8900000.0,
        "Operating Income": 124600000.0,
        "Operating Expense": 141500000.0,
        "Depreciation Amortization Depletion Income Statement": 9100000.0,
        "Depreciation And Amortization In Income Statement": 9100000.0,
        "Amortization": 9100000.0,
        "Amortization Of Intangibles Income Statement": 9100000.0,
        "Research And Development": 94100000.0,
        "Selling General And Administration": 38300000.0,
        "Gross Profit": 266100000.0,
        "Cost Of Revenue": 210300000.0,
        "Total Revenue": 476400000.0,
        "Operating Revenue": 476400000.0
    },
    "2023-06-30": {
        "Tax Effect Of Unusual Items": NaN,
        "Tax Rate For Calcs": NaN,
        "Normalized EBITDA": NaN,
        "Total Unusual Items": NaN,
        "Total Unusual Items Excluding Goodwill": NaN,
        "Net Income From Continuing Operation Net Minority Interest": NaN,
        "Reconciled Depreciation": NaN,
        "Reconciled Cost Of Revenue": NaN,
        "EBITDA": NaN,
        "EBIT": NaN,
        "Net Interest Income": NaN,
        "Interest Expense": NaN,
        "Normalized Income": NaN,
        "Net Income From Continuing And Discontinued Operation": NaN,
        "Total Expenses": NaN,
        "Total Operating Income As Reported": NaN,
        "Diluted Average Shares": NaN,
        "Basic Average Shares": NaN,
        "Diluted EPS": NaN,
        "Basic EPS": NaN,
        "Diluted NI Availto Com Stockholders": NaN,
        "Net Income Common Stockholders": NaN,
        "Net Income": NaN,
        "Net Income Including Noncontrolling Interests": NaN,
        "Net Income Continuous Operations": NaN,
        "Earnings From Equity Interest Net Of Tax": 0.0,
        "Tax Provision": NaN,
        "Pretax Income": NaN,
        "Other Income Expense": NaN,
        "Special Income Charges": NaN,
        "Gain On Sale Of Ppe": 0.0,
        "Other Special Charges": NaN,
        "Restructuring And Mergern Acquisition": NaN,
        "Net Non Operating Interest Income Expense": NaN,
        "Interest Expense Non Operating": NaN,
        "Operating Income": NaN,
        "Operating Expense": NaN,
        "Depreciation Amortization Depletion Income Statement": NaN,
        "Depreciation And Amortization In Income Statement": NaN,
        "Amortization": NaN,
        "Amortization Of Intangibles Income Statement": NaN,
        "Research And Development": NaN,
        "Selling General And Administration": NaN,
        "Gross Profit": NaN,
        "Cost Of Revenue": NaN,
        "Total Revenue": NaN,
        "Operating Revenue": NaN
    },
    "2022-03-31": {
        "Diluted EPS": 1.59,
        "Total Revenue": 470,
        "Gross Profit": 254,
        "Operating Income": 88,
        "EBIT": 138,
        "Net Income": 65
    },
    "2021-12-31": {
        "Diluted EPS": 1.71,
        "Total Revenue": 421,
        "Gross Profit": 225,
        "Operating Income": 78,
        "EBIT": 119,
        "Net Income": 70
    },
    "2021-09-30": {
        "Diluted EPS": 0.99,
        "Total Revenue": 373,
        "Gross Profit": 198,
        "Operating Income": 61,
        "EBIT": 98,
        "Net Income": 40
    },
    "2021-06-30": {
        "Diluted EPS": 0.45,
        "Total Revenue": 328,
        "Gross Profit": 171,
        "Operating Income": 51,
        "EBIT": 90,
        "Net Income": 19
    },
    "2021-03-31": {
        "Diluted EPS": 0.35,
        "Total Revenue": 326,
        "Gross Profit": 156,
        "Operating Income": 32,
        "EBIT": 72,
        "Net Income": 14
    },
    "2020-12-31": {
        "Diluted EPS": 1.36,
        "Total Revenue": 358,
        "Gross Profit": 150,
        "Operating Income": 59,
        "EBIT": 103,
        "Net Income": 50
    },
    "2020-09-30": {
        "Diluted EPS": -0.08,
        "Total Revenue": 328,
        "Gross Profit": 135,
        "Operating Income": 6,
        "EBIT": 43,
        "Net Income": -3
    },
    "2020-06-30": {
        "Diluted EPS": 2.57,
        "Total Revenue": 278,
        "Gross Profit": 122,
        "Operating Income": 12,
        "EBIT": 33,
        "Net Income": 90
    },
    "2020-03-31": {
        "Diluted EPS": 0.14,
        "Total Revenue": 328,
        "Gross Profit": 136,
        "Operating Income": 19,
        "EBIT": 42,
        "Net Income": 5
    },
    "2019-12-31": {
        "Diluted EPS": 0.58,
        "Total Revenue": 388,
        "Gross Profit": 159,
        "Operating Income": 35,
        "EBIT": 58,
        "Net Income": 20
    },
    "2019-09-30": {
        "Diluted EPS": 0.12,
        "Total Revenue": 340,
        "Gross Profit": 126,
        "Operating Income": 3,
        "EBIT": 33,
        "Net Income": 4
    },
    "2019-06-30": {
        "Diluted EPS": -1.32,
        "Total Revenue": 295,
        "Gross Profit": 90,
        "Operating Income": -33,
        "EBIT": -2,
        "Net Income": -46
    },
    "2019-03-31": {
        "Diluted EPS": 0.19,
        "Total Revenue": 334,
        "Gross Profit": 116,
        "Operating Income": -4,
        "EBIT": 27,
        "Net Income": 7
    },
    "2018-12-31": {
        "Diluted EPS": 0.36,
        "Total Revenue": 426,
        "Gross Profit": 150,
        "Operating Income": 25,
        "EBIT": 57,
        "Net Income": 13
    },
    "2018-09-30": {
        "Diluted EPS": 0.11,
        "Total Revenue": 418,
        "Gross Profit": 141,
        "Operating Income": 6,
        "EBIT": 40,
        "Net Income": 4
    },
    "2018-06-30": {
        "Diluted EPS": -0.02,
        "Total Revenue": 389,
        "Gross Profit": 128,
        "Operating Income": -9,
        "EBIT": 28,
        "Net Income": -2
    },
    "2018-03-31": {
        "Diluted EPS": -0.4,
        "Total Revenue": 394,
        "Gross Profit": 123,
        "Operating Income": -12,
        "EBIT": 19,
        "Net Income": -14
    },
    "2017-12-31": {
        "Diluted EPS": -2.42,
        "Total Revenue": 430,
        "Gross Profit": 115,
        "Operating Income": -24,
        "EBIT": 12,
        "Net Income": -82
    },
    "2017-09-30": {
        "Diluted EPS": -0.79,
        "Total Revenue": 417,
        "Gross Profit": 114,
        "Operating Income": -17,
        "EBIT": 20,
        "Net Income": -27
    },
    "2017-06-30": {
        "Diluted EPS": 0.5,
        "Total Revenue": 427,
        "Gross Profit": 127,
        "Operating Income": 18,
        "EBIT": 41,
        "Net Income": 18
    },
    "2017-03-31": {
        "Diluted EPS": 0.13,
        "Total Revenue": 444,
        "Gross Profit": 135,
        "Operating Income": 12,
        "EBIT": 35,
        "Net Income": 5
    },
    "2016-12-31": {
        "Diluted EPS": 0.64,
        "Total Revenue": 461,
        "Gross Profit": 139,
        "Operating Income": 29,
        "EBIT": 52,
        "Net Income": 23
    },
    "2016-09-30": {
        "Diluted EPS": 0.1,
        "Total Revenue": 386,
        "Gross Profit": 123,
        "Operating Income": 6,
        "EBIT": 31,
        "Net Income": 4
    },
    "2016-06-30": {
        "Diluted EPS": -0.18,
        "Total Revenue": 324,
        "Gross Profit": 108,
        "Operating Income": -25,
        "EBIT": 1,
        "Net Income": -7
    },
    "2016-03-31": {
        "Diluted EPS": 0.54,
        "Total Revenue": 403,
        "Gross Profit": 144,
        "Operating Income": 21,
        "EBIT": 47,
        "Net Income": 21
    },
    "2015-12-31": {
        "Diluted EPS": 0.93,
        "Total Revenue": 471,
        "Gross Profit": 165,
        "Operating Income": 45,
        "EBIT": 72,
        "Net Income": 35
    },
    "2015-09-30": {
        "Diluted EPS": 0.62,
        "Total Revenue": 470,
        "Gross Profit": 164,
        "Operating Income": 34,
        "EBIT": 61,
        "Net Income": 24
    },
    "2015-06-30": {
        "Diluted EPS": 0.79,
        "Total Revenue": 479,
        "Gross Profit": 167,
        "Operating Income": 44,
        "EBIT": 71,
        "Net Income": 31
    },
    "2015-03-31": {
        "Diluted EPS": 0.82,
        "Total Revenue": 478,
        "Gross Profit": 164,
        "Operating Income": 52,
        "EBIT": 80,
        "Net Income": 32
    },
    "2014-12-31": {
        "Diluted EPS": 0.55,
        "Total Revenue": 464,
        "Gross Profit": 127,
        "Operating Income": 30,
        "EBIT": 80,
        "Net Income": 21
    },
    "2014-09-30": {
        "Diluted EPS": 0.68,
        "Total Revenue": 283,
        "Gross Profit": 120,
        "Operating Income": 36,
        "EBIT": 45,
        "Net Income": 27
    },
    "2014-06-30": {
        "Diluted EPS": 0.9,
        "Total Revenue": 315,
        "Gross Profit": 140,
        "Operating Income": 39,
        "EBIT": 46,
        "Net Income": 34
    },
    "2014-03-31": {
        "Diluted EPS": -1.12,
        "Total Revenue": 204,
        "Gross Profit": 92,
        "Operating Income": -36,
        "EBIT": -30,
        "Net Income": -40
    },
    "2013-12-31": {
        "Diluted EPS": 0.48,
        "Total Revenue": 206,
        "Gross Profit": 95,
        "Operating Income": 22,
        "EBIT": 27,
        "Net Income": 17
    },
    "2013-09-30": {
        "Diluted EPS": 1.0,
        "Total Revenue": 223,
        "Gross Profit": 109,
        "Operating Income": 47,
        "EBIT": 51,
        "Net Income": 35
    },
    "2013-06-30": {
        "Diluted EPS": 1.31,
        "Total Revenue": 230,
        "Gross Profit": 115,
        "Operating Income": 54,
        "EBIT": 57,
        "Net Income": 45
    },
    "2013-03-31": {
        "Diluted EPS": 1.07,
        "Total Revenue": 163,
        "Gross Profit": 81,
        "Operating Income": 24,
        "EBIT": 26,
        "Net Income": 36
    },
    "2012-12-31": {
        "Diluted EPS": 0.33,
        "Total Revenue": 143,
        "Gross Profit": 69,
        "Operating Income": 15,
        "EBIT": 18,
        "Net Income": 11
    },
    "2012-09-30": {
        "Diluted EPS": 0.18,
        "Total Revenue": 127,
        "Gross Profit": 61,
        "Operating Income": 8,
        "EBIT": 11,
        "Net Income": 6
    },
    "2012-06-30": {
        "Diluted EPS": 0.34,
        "Total Revenue": 138,
        "Gross Profit": 63,
        "Operating Income": 15,
        "EBIT": 18,
        "Net Income": 12
    },
    "2012-03-31": {
        "Diluted EPS": 0.33,
        "Total Revenue": 132,
        "Gross Profit": 62,
        "Operating Income": 15,
        "EBIT": 17,
        "Net Income": 11
    },
    "2011-12-31": {
        "Diluted EPS": 0.51,
        "Total Revenue": 145,
        "Gross Profit": 69,
        "Operating Income": 21,
        "EBIT": 24,
        "Net Income": 17
    },
    "2011-09-30": {
        "Diluted EPS": 0.39,
        "Total Revenue": 133,
        "Gross Profit": 61,
        "Operating Income": 16,
        "EBIT": 19,
        "Net Income": 13
    },
    "2011-06-30": {
        "Diluted EPS": 0.4,
        "Total Revenue": 143,
        "Gross Profit": 61,
        "Operating Income": 16,
        "EBIT": 19,
        "Net Income": 14
    },
    "2011-03-31": {
        "Diluted EPS": 0.38,
        "Total Revenue": 142,
        "Gross Profit": 58,
        "Operating Income": 14,
        "EBIT": 17,
        "Net Income": 13
    },
    "2010-12-31": {
        "Diluted EPS": 0.5,
        "Total Revenue": 160,
        "Gross Profit": 65,
        "Operating Income": 19,
        "EBIT": 22,
        "Net Income": 18
    },
    "2010-09-30": {
        "Diluted EPS": 0.52,
        "Total Revenue": 153,
        "Gross Profit": 63,
        "Operating Income": 22,
        "EBIT": 25,
        "Net Income": 19
    },
    "2010-06-30": {
        "Diluted EPS": 0.55,
        "Total Revenue": 146,
        "Gross Profit": 59,
        "Operating Income": 21,
        "EBIT": 24,
        "Net Income": 19
    },
    "2010-03-31": {
        "Diluted EPS": 0.33,
        "Total Revenue": 116,
        "Gross Profit": 47,
        "Operating Income": 11,
        "EBIT": 14,
        "Net Income": 12
    },
    "2009-12-31": {
        "Diluted EPS": 0.35,
        "Total Revenue": 133,
        "Gross Profit": 54,
        "Operating Income": 15,
        "EBIT": 18,
        "Net Income": 12
    },
    "2009-09-30": {
        "Diluted EPS": 0.27,
        "Total Revenue": 120,
        "Gross Profit": 48,
        "Operating Income": 15,
        "EBIT": 18,
        "Net Income": 10
    },
    "2009-06-30": {
        "Diluted EPS": 0.34,
        "Total Revenue": 115,
        "Gross Profit": 46,
        "Operating Income": 14,
        "EBIT": 18,
        "Net Income": 12
    },
    "2009-03-31": {
        "Diluted EPS": 0.15,
        "Total Revenue": 101,
        "Gross Profit": 41,
        "Operating Income": 11,
        "EBIT": 14,
        "Net Income": 5
    },
    "2023-09-30": {
        "Tax Effect Of Unusual Items": NaN,
        "Tax Rate For Calcs": NaN,
        "Normalized EBITDA": NaN,
        "Total Unusual Items": NaN,
        "Total Unusual Items Excluding Goodwill": NaN,
        "Net Income From Continuing Operation Net Minority Interest": NaN,
        "Reconciled Depreciation": NaN,
        "Reconciled Cost Of Revenue": NaN,
        "EBITDA": NaN,
        "EBIT": NaN,
        "Net Interest Income": NaN,
        "Interest Expense": NaN,
        "Normalized Income": NaN,
        "Net Income From Continuing And Discontinued Operation": NaN,
        "Total Expenses": NaN,
        "Total Operating Income As Reported": NaN,
        "Diluted Average Shares": 38800000.0,
        "Basic Average Shares": 38800000.0,
        "Diluted EPS": -1.43,
        "Basic EPS": -1.43,
        "Diluted NI Availto Com Stockholders": NaN,
        "Net Income Common Stockholders": NaN,
        "Net Income": NaN,
        "Net Income Including Noncontrolling Interests": NaN,
        "Net Income Continuous Operations": NaN,
        "Earnings From Equity Interest Net Of Tax": NaN,
        "Tax Provision": NaN,
        "Pretax Income": NaN,
        "Other Income Expense": NaN,
        "Special Income Charges": NaN,
        "Gain On Sale Of Ppe": NaN,
        "Other Special Charges": NaN,
        "Restructuring And Mergern Acquisition": NaN,
        "Net Non Operating Interest Income Expense": NaN,
        "Interest Expense Non Operating": NaN,
        "Operating Income": NaN,
        "Operating Expense": NaN,
        "Depreciation Amortization Depletion Income Statement": NaN,
        "Depreciation And Amortization In Income Statement": NaN,
        "Amortization": NaN,
        "Amortization Of Intangibles Income Statement": NaN,
        "Research And Development": NaN,
        "Selling General And Administration": NaN,
        "Gross Profit": NaN,
        "Cost Of Revenue": NaN,
        "Total Revenue": NaN,
        "Operating Revenue": NaN
    },
    "2023-12-31": {
        "Tax Effect Of Unusual Items": -273000.0,
        "Tax Rate For Calcs": 0.21,
        "Normalized EBITDA": 8500000.0,
        "Total Unusual Items": -1300000.0,
        "Total Unusual Items Excluding Goodwill": -1300000.0,
        "Net Income From Continuing Operation Net Minority Interest": -9000000.0,
        "Reconciled Depreciation": 25100000.0,
        "Reconciled Cost Of Revenue": 106800000.0,
        "EBITDA": 7200000.0,
        "EBIT": -17900000.0,
        "Net Interest Income": -6100000.0,
        "Interest Expense": 6100000.0,
        "Normalized Income": -7973000.0,
        "Net Income From Continuing And Discontinued Operation": -9000000.0,
        "Total Expenses": 253600000.0,
        "Total Operating Income As Reported": -17900000.0,
        "Diluted Average Shares": 39200000.0,
        "Basic Average Shares": 39200000.0,
        "Diluted EPS": -0.23,
        "Basic EPS": -0.23,
        "Diluted NI Availto Com Stockholders": -9000000.0,
        "Net Income Common Stockholders": -9000000.0,
        "Net Income": -9000000.0,
        "Net Income Including Noncontrolling Interests": -9000000.0,
        "Net Income Continuous Operations": -9000000.0,
        "Earnings From Equity Interest Net Of Tax": NaN,
        "Tax Provision": -15000000.0,
        "Pretax Income": -24000000.0,
        "Other Income Expense": -1300000.0,
        "Special Income Charges": -1300000.0,
        "Gain On Sale Of Ppe": NaN,
        "Other Special Charges": NaN,
        "Restructuring And Mergern Acquisition": 1300000.0,
        "Net Non Operating Interest Income Expense": -6100000.0,
        "Interest Expense Non Operating": 6100000.0,
        "Operating Income": -16600000.0,
        "Operating Expense": 125600000.0,
        "Depreciation Amortization Depletion Income Statement": 3900000.0,
        "Depreciation And Amortization In Income Statement": 3900000.0,
        "Amortization": 3900000.0,
        "Amortization Of Intangibles Income Statement": 3900000.0,
        "Research And Development": 82000000.0,
        "Selling General And Administration": 39700000.0,
        "Gross Profit": 109000000.0,
        "Cost Of Revenue": 128000000.0,
        "Total Revenue": 237000000.0,
        "Operating Revenue": 237000000.0
    },
    "2024-03-31": {
        "Tax Effect Of Unusual Items": 44635.193133,
        "Tax Rate For Calcs": 0.223176,
        "Normalized EBITDA": 7500000.0,
        "Total Unusual Items": 200000.0,
        "Total Unusual Items Excluding Goodwill": 200000.0,
        "Net Income From Continuing Operation Net Minority Interest": -18100000.0,
        "Reconciled Depreciation": 25100000.0,
        "Reconciled Cost Of Revenue": 105900000.0,
        "EBITDA": 7700000.0,
        "EBIT": -17400000.0,
        "Net Interest Income": -5900000.0,
        "Interest Expense": 5900000.0,
        "Normalized Income": -18255364.806867,
        "Net Income From Continuing And Discontinued Operation": -18100000.0,
        "Total Expenses": 254900000.0,
        "Total Operating Income As Reported": -17400000.0,
        "Diluted Average Shares": 39300000.0,
        "Basic Average Shares": 39300000.0,
        "Diluted EPS": -0.46,
        "Basic EPS": -0.46,
        "Diluted NI Availto Com Stockholders": -18100000.0,
        "Net Income Common Stockholders": -18100000.0,
        "Net Income": -18100000.0,
        "Net Income Including Noncontrolling Interests": -18100000.0,
        "Net Income Continuous Operations": -18100000.0,
        "Earnings From Equity Interest Net Of Tax": NaN,
        "Tax Provision": -5200000.0,
        "Pretax Income": -23300000.0,
        "Other Income Expense": 200000.0,
        "Special Income Charges": 200000.0,
        "Gain On Sale Of Ppe": NaN,
        "Other Special Charges": NaN,
        "Restructuring And Mergern Acquisition": -200000.0,
        "Net Non Operating Interest Income Expense": -5900000.0,
        "Interest Expense Non Operating": 5900000.0,
        "Operating Income": -17600000.0,
        "Operating Expense": 127900000.0,
        "Depreciation Amortization Depletion Income Statement": 4000000.0,
        "Depreciation And Amortization In Income Statement": 4000000.0,
        "Amortization": 4000000.0,
        "Amortization Of Intangibles Income Statement": 4000000.0,
        "Research And Development": 83400000.0,
        "Selling General And Administration": 40500000.0,
        "Gross Profit": 110300000.0,
        "Cost Of Revenue": 127000000.0,
        "Total Revenue": 237300000.0,
        "Operating Revenue": 237300000.0
    },
    "2024-06-30": {
        "Tax Effect Of Unusual Items": -3654000.0,
        "Tax Rate For Calcs": 0.21,
        "Normalized EBITDA": 57100000.0,
        "Total Unusual Items": -17400000.0,
        "Total Unusual Items Excluding Goodwill": -17400000.0,
        "Net Income From Continuing Operation Net Minority Interest": 208300000.0,
        "Reconciled Depreciation": 28500000.0,
        "Reconciled Cost Of Revenue": 109400000.0,
        "EBITDA": 39700000.0,
        "EBIT": 11200000.0,
        "Net Interest Income": -5600000.0,
        "Interest Expense": 47900000.0,
        "Normalized Income": 222046000.0,
        "Net Income From Continuing And Discontinued Operation": 208300000.0,
        "Total Expenses": 261100000.0,
        "Total Operating Income As Reported": -31100000.0,
        "Diluted Average Shares": NaN,
        "Basic Average Shares": NaN,
        "Diluted EPS": NaN,
        "Basic EPS": NaN,
        "Diluted NI Availto Com Stockholders": 208300000.0,
        "Net Income Common Stockholders": 208300000.0,
        "Net Income": 208300000.0,
        "Net Income Including Noncontrolling Interests": 208300000.0,
        "Net Income Continuous Operations": 208300000.0,
        "Earnings From Equity Interest Net Of Tax": NaN,
        "Tax Provision": -245000000.0,
        "Pretax Income": -36700000.0,
        "Other Income Expense": -17400000.0,
        "Special Income Charges": -17400000.0,
        "Gain On Sale Of Ppe": NaN,
        "Other Special Charges": NaN,
        "Restructuring And Mergern Acquisition": 1400000.0,
        "Net Non Operating Interest Income Expense": -5600000.0,
        "Interest Expense Non Operating": 47900000.0,
        "Operating Income": -13700000.0,
        "Operating Expense": 127100000.0,
        "Depreciation Amortization Depletion Income Statement": 3900000.0,
        "Depreciation And Amortization In Income Statement": 3900000.0,
        "Amortization": 3900000.0,
        "Amortization Of Intangibles Income Statement": 3900000.0,
        "Research And Development": 84400000.0,
        "Selling General And Administration": 38800000.0,
        "Gross Profit": 113400000.0,
        "Cost Of Revenue": 134000000.0,
        "Total Revenue": 247400000.0,
        "Operating Revenue": 247400000.0
    },
    "2024-09-30": {
        "Tax Effect Of Unusual Items": -4636734.693878,
        "Tax Rate For Calcs": 0.326531,
        "Normalized EBITDA": 17600000.0,
        "Total Unusual Items": -14200000.0,
        "Total Unusual Items Excluding Goodwill": -14200000.0,
        "Net Income From Continuing Operation Net Minority Interest": -23100000.0,
        "Reconciled Depreciation": 31800000.0,
        "Reconciled Cost Of Revenue": 108800000.0,
        "EBITDA": 3400000.0,
        "EBIT": -28400000.0,
        "Net Interest Income": -5900000.0,
        "Interest Expense": 5900000.0,
        "Normalized Income": -13536734.693878,
        "Net Income From Continuing And Discontinued Operation": -23100000.0,
        "Total Expenses": 271900000.0,
        "Total Operating Income As Reported": -28400000.0,
        "Diluted Average Shares": 39800000.0,
        "Basic Average Shares": 39800000.0,
        "Diluted EPS": -0.58,
        "Basic EPS": -0.58,
        "Diluted NI Availto Com Stockholders": -23100000.0,
        "Net Income Common Stockholders": -23100000.0,
        "Net Income": -23100000.0,
        "Net Income Including Noncontrolling Interests": -23100000.0,
        "Net Income Continuous Operations": -23100000.0,
        "Earnings From Equity Interest Net Of Tax": NaN,
        "Tax Provision": -11200000.0,
        "Pretax Income": -34300000.0,
        "Other Income Expense": -14200000.0,
        "Special Income Charges": -14200000.0,
        "Gain On Sale Of Ppe": NaN,
        "Other Special Charges": NaN,
        "Restructuring And Mergern Acquisition": 14200000.0,
        "Net Non Operating Interest Income Expense": -5900000.0,
        "Interest Expense Non Operating": 5900000.0,
        "Operating Income": -14200000.0,
        "Operating Expense": 135100000.0,
        "Depreciation Amortization Depletion Income Statement": 3800000.0,
        "Depreciation And Amortization In Income Statement": 3800000.0,
        "Amortization": 3800000.0,
        "Amortization Of Intangibles Income Statement": 3800000.0,
        "Research And Development": 81300000.0,
        "Selling General And Administration": 50000000.0,
        "Gross Profit": 120900000.0,
        "Cost Of Revenue": 136800000.0,
        "Total Revenue": 257700000.0,
        "Operating Revenue": 257700000.0
    },
    "2024-12-31": {
        "Tax Effect Of Unusual Items": -1533000.0,
        "Tax Rate For Calcs": 0.21,
        "Normalized EBITDA": 17600000.0,
        "Total Unusual Items": -7300000.0,
        "Total Unusual Items Excluding Goodwill": -7300000.0,
        "Net Income From Continuing Operation Net Minority Interest": 1800000.0,
        "Reconciled Depreciation": 32000000.0,
        "Reconciled Cost Of Revenue": 116800000.0,
        "EBITDA": 10300000.0,
        "EBIT": -21700000.0,
        "Net Interest Income": -4300000.0,
        "Interest Expense": 4300000.0,
        "Normalized Income": 7567000.0,
        "Net Income From Continuing And Discontinued Operation": 1800000.0,
        "Total Expenses": 281600000.0,
        "Total Operating Income As Reported": -15200000.0,
        "Diluted Average Shares": 39800000.0,
        "Basic Average Shares": 39700000.0,
        "Diluted EPS": 0.05,
        "Basic EPS": 0.05,
        "Diluted NI Availto Com Stockholders": 1800000.0,
        "Net Income Common Stockholders": 1800000.0,
        "Net Income": 1800000.0,
        "Net Income Including Noncontrolling Interests": 1800000.0,
        "Net Income Continuous Operations": 1800000.0,
        "Earnings From Equity Interest Net Of Tax": NaN,
        "Tax Provision": -27800000.0,
        "Pretax Income": -26000000.0,
        "Other Income Expense": -7300000.0,
        "Special Income Charges": -7300000.0,
        "Gain On Sale Of Ppe": NaN,
        "Other Special Charges": 6500000.0,
        "Restructuring And Mergern Acquisition": 800000.0,
        "Net Non Operating Interest Income Expense": -4300000.0,
        "Interest Expense Non Operating": 4300000.0,
        "Operating Income": -14400000.0,
        "Operating Expense": 136600000.0,
        "Depreciation Amortization Depletion Income Statement": 3800000.0,
        "Depreciation And Amortization In Income Statement": 3800000.0,
        "Amortization": 3800000.0,
        "Amortization Of Intangibles Income Statement": 3800000.0,
        "Research And Development": 83300000.0,
        "Selling General And Administration": 49500000.0,
        "Gross Profit": 122200000.0,
        "Cost Of Revenue": 145000000.0,
        "Total Revenue": 267200000.0,
        "Operating Revenue": 267200000.0
    }
}