{
    "2023-03-31": {
        "Tax Effect Of Unusual Items": 0.0,
        "Tax Rate For Calcs": 0.127937,
        "Normalized EBITDA": 626000000.0,
        "Total Unusual Items": 0.0,
        "Total Unusual Items Excluding Goodwill": 0.0,
        "Net Income From Continuing Operation Net Minority Interest": 294000000.0,
        "Reconciled Depreciation": 176000000.0,
        "Reconciled Cost Of Revenue": 357000000.0,
        "EBITDA": 626000000.0,
        "EBIT": 450000000.0,
        "Net Interest Income": -55000000.0,
        "Interest Expense": 67000000.0,
        "Interest Income": 19000000.0,
        "Normalized Income": 294000000.0,
        "Net Income From Continuing And Discontinued Operation": 294000000.0,
        "Total Expenses": 653000000.0,
        "Total Operating Income As Reported": 439000000.0,
        "Diluted Average Shares": 268000000.0,
        "Basic Average Shares": 268000000.0,
        "Diluted EPS": 1.1,
        "Basic EPS": 1.1,
        "Diluted NI Availto Com Stockholders": 294000000.0,
        "Net Income Common Stockholders": 294000000.0,
        "Preferred Stock Dividends": NaN,
        "Net Income": 294000000.0,
        "Minority Interests": -40000000.0,
        "Net Income Including Noncontrolling Interests": 334000000.0,
        "Net Income Continuous Operations": 334000000.0,
        "Tax Provision": 49000000.0,
        "Pretax Income": 383000000.0,
        "Other Income Expense": 2000000.0,
        "Special Income Charges": 3000000.0,
        "Gain On Sale Of Ppe": NaN,
        "Other Special Charges": NaN,
        "Impairment Of Capital Assets": -3000000.0,
        "Earnings From Equity Interest": 2000000.0,
        "Gain On Sale Of Security": -3000000.0,
        "Net Non Operating Interest Income Expense": -55000000.0,
        "Total Other Finance Cost": 7000000.0,
        "Interest Expense Non Operating": 67000000.0,
        "Interest Income Non Operating": 19000000.0,
        "Operating Income": 436000000.0,
        "Operating Expense": 296000000.0,
        "Other Operating Expenses": 47000000.0,
        "Other Taxes": 9000000.0,
        "Depreciation Amortization Depletion Income Statement": 176000000.0,
        "Depreciation And Amortization In Income Statement": 176000000.0,
        "Depreciation Income Statement": NaN,
        "Selling General And Administration": 64000000.0,
        "General And Administrative Expense": 64000000.0,
        "Salaries And Wages": 64000000.0,
        "Gross Profit": 732000000.0,
        "Cost Of Revenue": 357000000.0,
        "Total Revenue": 1089000000.0,
        "Operating Revenue": 1080000000.0
    },
    "2022-12-31": {
        "Tax Effect Of Unusual Items": 11200000.0,
        "Tax Rate For Calcs": 0.4,
        "Normalized EBITDA": 231000000.0,
        "Total Unusual Items": 28000000.0,
        "Total Unusual Items Excluding Goodwill": 28000000.0,
        "Net Income From Continuing Operation Net Minority Interest": -138000000.0,
        "Reconciled Depreciation": 188000000.0,
        "Reconciled Cost Of Revenue": 473000000.0,
        "EBITDA": 259000000.0,
        "EBIT": 71000000.0,
        "Net Interest Income": -63000000.0,
        "Interest Expense": 64000000.0,
        "Interest Income": 14000000.0,
        "Normalized Income": -154800000.0,
        "Net Income From Continuing And Discontinued Operation": -138000000.0,
        "Total Expenses": 816000000.0,
        "Total Operating Income As Reported": 33000000.0,
        "Diluted Average Shares": 271000000.0,
        "Basic Average Shares": 271000000.0,
        "Diluted EPS": -0.61,
        "Basic EPS": -0.61,
        "Diluted NI Availto Com Stockholders": -163000000.0,
        "Net Income Common Stockholders": -163000000.0,
        "Preferred Stock Dividends": 25000000.0,
        "Net Income": -138000000.0,
        "Minority Interests": -56000000.0,
        "Net Income Including Noncontrolling Interests": -82000000.0,
        "Net Income Continuous Operations": -82000000.0,
        "Tax Provision": 89000000.0,
        "Pretax Income": 7000000.0,
        "Other Income Expense": 32000000.0,
        "Special Income Charges": 41000000.0,
        "Gain On Sale Of Ppe": 46000000.0,
        "Other Special Charges": 0.0,
        "Impairment Of Capital Assets": 5000000.0,
        "Earnings From Equity Interest": 4000000.0,
        "Gain On Sale Of Security": -13000000.0,
        "Net Non Operating Interest Income Expense": -63000000.0,
        "Total Other Finance Cost": 13000000.0,
        "Interest Expense Non Operating": 64000000.0,
        "Interest Income Non Operating": 14000000.0,
        "Operating Income": 38000000.0,
        "Operating Expense": 343000000.0,
        "Other Operating Expenses": 64000000.0,
        "Other Taxes": 8000000.0,
        "Depreciation Amortization Depletion Income Statement": 188000000.0,
        "Depreciation And Amortization In Income Statement": 188000000.0,
        "Depreciation Income Statement": 188000000.0,
        "Selling General And Administration": 83000000.0,
        "General And Administrative Expense": 83000000.0,
        "Salaries And Wages": 83000000.0,
        "Gross Profit": 381000000.0,
        "Cost Of Revenue": 473000000.0,
        "Total Revenue": 854000000.0,
        "Operating Revenue": 842000000.0
    },
    "2022-09-30": {
        "Tax Effect Of Unusual Items": -14285714.285714,
        "Tax Rate For Calcs": 0.238095,
        "Normalized EBITDA": 434000000.0,
        "Total Unusual Items": -60000000.0,
        "Total Unusual Items Excluding Goodwill": -60000000.0,
        "Net Income From Continuing Operation Net Minority Interest": 72000000.0,
        "Reconciled Depreciation": 179000000.0,
        "Reconciled Cost Of Revenue": 371000000.0,
        "EBITDA": 374000000.0,
        "EBIT": 195000000.0,
        "Net Interest Income": -62000000.0,
        "Interest Expense": 69000000.0,
        "Interest Income": 11000000.0,
        "Normalized Income": 117714285.714286,
        "Net Income From Continuing And Discontinued Operation": 72000000.0,
        "Total Expenses": 682000000.0,
        "Total Operating Income As Reported": 177000000.0,
        "Diluted Average Shares": 271000000.0,
        "Basic Average Shares": 271000000.0,
        "Diluted EPS": 0.23,
        "Basic EPS": 0.23,
        "Diluted NI Availto Com Stockholders": 61000000.0,
        "Net Income Common Stockholders": 61000000.0,
        "Preferred Stock Dividends": 11000000.0,
        "Net Income": 72000000.0,
        "Minority Interests": -24000000.0,
        "Net Income Including Noncontrolling Interests": 96000000.0,
        "Net Income Continuous Operations": 96000000.0,
        "Tax Provision": 30000000.0,
        "Pretax Income": 126000000.0,
        "Other Income Expense": -59000000.0,
        "Special Income Charges": -66000000.0,
        "Gain On Sale Of Ppe": 4000000.0,
        "Other Special Charges": NaN,
        "Impairment Of Capital Assets": 70000000.0,
        "Earnings From Equity Interest": 1000000.0,
        "Gain On Sale Of Security": 6000000.0,
        "Net Non Operating Interest Income Expense": -62000000.0,
        "Total Other Finance Cost": 4000000.0,
        "Interest Expense Non Operating": 69000000.0,
        "Interest Income Non Operating": 11000000.0,
        "Operating Income": 247000000.0,
        "Operating Expense": 311000000.0,
        "Other Operating Expenses": 58000000.0,
        "Other Taxes": 8000000.0,
        "Depreciation Amortization Depletion Income Statement": 179000000.0,
        "Depreciation And Amortization In Income Statement": 179000000.0,
        "Depreciation Income Statement": 179000000.0,
        "Selling General And Administration": 66000000.0,
        "General And Administrative Expense": 66000000.0,
        "Other Gand A": 69000000.0,
        "Salaries And Wages": 66000000.0,
        "Gross Profit": 558000000.0,
        "Cost Of Revenue": 371000000.0,
        "Total Revenue": 929000000.0,
        "Operating Revenue": 925000000.0
    },
    "2022-06-30": {
        "Tax Effect Of Unusual Items": 16800000.0,
        "Tax Rate For Calcs": 0.4,
        "Normalized EBITDA": 115000000.0,
        "Total Unusual Items": 42000000.0,
        "Total Unusual Items Excluding Goodwill": 42000000.0,
        "Net Income From Continuing Operation Net Minority Interest": -70000000.0,
        "Reconciled Depreciation": 115000000.0,
        "Reconciled Cost Of Revenue": 240000000.0,
        "EBITDA": 157000000.0,
        "EBIT": 42000000.0,
        "Net Interest Income": -56000000.0,
        "Interest Expense": 64000000.0,
        "Interest Income": 10000000.0,
        "Normalized Income": -95200000.0,
        "Net Income From Continuing And Discontinued Operation": -70000000.0,
        "Total Expenses": 468000000.0,
        "Total Operating Income As Reported": 21000000.0,
        "Diluted Average Shares": 271000000.0,
        "Basic Average Shares": 271000000.0,
        "Diluted EPS": -0.3,
        "Basic EPS": -0.3,
        "Diluted NI Availto Com Stockholders": -80000000.0,
        "Net Income Common Stockholders": -80000000.0,
        "Preferred Stock Dividends": 10000000.0,
        "Net Income": -70000000.0,
        "Minority Interests": -11000000.0,
        "Net Income Including Noncontrolling Interests": -59000000.0,
        "Net Income Continuous Operations": -59000000.0,
        "Tax Provision": 37000000.0,
        "Pretax Income": -22000000.0,
        "Other Income Expense": 44000000.0,
        "Special Income Charges": 33000000.0,
        "Gain On Sale Of Ppe": 2000000.0,
        "Other Special Charges": -7000000.0,
        "Impairment Of Capital Assets": -24000000.0,
        "Earnings From Equity Interest": 2000000.0,
        "Gain On Sale Of Security": 9000000.0,
        "Net Non Operating Interest Income Expense": -56000000.0,
        "Total Other Finance Cost": 2000000.0,
        "Interest Expense Non Operating": 64000000.0,
        "Interest Income Non Operating": 10000000.0,
        "Operating Income": -10000000.0,
        "Operating Expense": 228000000.0,
        "Other Operating Expenses": 48000000.0,
        "Other Taxes": 9000000.0,
        "Depreciation Amortization Depletion Income Statement": 115000000.0,
        "Depreciation And Amortization In Income Statement": 115000000.0,
        "Depreciation Income Statement": 115000000.0,
        "Selling General And Administration": 56000000.0,
        "General And Administrative Expense": 56000000.0,
        "Other Gand A": 61000000.0,
        "Salaries And Wages": 56000000.0,
        "Gross Profit": 218000000.0,
        "Cost Of Revenue": 240000000.0,
        "Total Revenue": 458000000.0,
        "Operating Revenue": 447000000.0
    },
    "2022-03-31": {
        "Diluted EPS": 0.55,
        "Total Revenue": 580,
        "Gross Profit": 377,
        "Operating Income": 237,
        "EBIT": 329,
        "Net Income": 147
    },
    "2021-12-31": {
        "Diluted EPS": -0.25,
        "Total Revenue": 485,
        "Gross Profit": 237,
        "Operating Income": 18,
        "EBIT": 135,
        "Net Income": -64
    },
    "2021-09-30": {
        "Diluted EPS": -1.33,
        "Total Revenue": 675,
        "Gross Profit": 378,
        "Operating Income": -325,
        "EBIT": -176,
        "Net Income": -362
    },
    "2021-06-30": {
        "Diluted EPS": -0.03,
        "Total Revenue": 504,
        "Gross Profit": 297,
        "Operating Income": 64,
        "EBIT": 209,
        "Net Income": -10
    },
    "2021-03-31": {
        "Diluted EPS": -0.09,
        "Total Revenue": 507,
        "Gross Profit": 276,
        "Operating Income": 53,
        "EBIT": 214,
        "Net Income": -24
    },
    "2020-12-31": {
        "Diluted EPS": -0.45,
        "Total Revenue": 415,
        "Gross Profit": 168,
        "Operating Income": -88,
        "EBIT": 82,
        "Net Income": -126
    },
    "2020-09-30": {
        "Diluted EPS": -0.38,
        "Total Revenue": 386,
        "Gross Profit": 197,
        "Operating Income": -66,
        "EBIT": 91,
        "Net Income": -102
    },
    "2020-06-30": {
        "Diluted EPS": -0.16,
        "Total Revenue": 315,
        "Gross Profit": 206,
        "Operating Income": -14,
        "EBIT": 117,
        "Net Income": -43
    },
    "2020-03-31": {
        "Diluted EPS": 0.08,
        "Total Revenue": 452,
        "Gross Profit": 274,
        "Operating Income": 94,
        "EBIT": 231,
        "Net Income": 20
    },
    "2019-12-31": {
        "Diluted EPS": 0.18,
        "Total Revenue": 460,
        "Gross Profit": 244,
        "Operating Income": 70,
        "EBIT": 207,
        "Net Income": 49
    },
    "2019-09-30": {
        "Diluted EPS": 0.14,
        "Total Revenue": 449,
        "Gross Profit": 255,
        "Operating Income": 117,
        "EBIT": 255,
        "Net Income": 39
    },
    "2019-06-30": {
        "Diluted EPS": 0.0,
        "Total Revenue": 372,
        "Gross Profit": 239,
        "Operating Income": 38,
        "EBIT": 167,
        "Net Income": 0
    },
    "2019-03-31": {
        "Diluted EPS": -0.17,
        "Total Revenue": 487,
        "Gross Profit": 212,
        "Operating Income": 27,
        "EBIT": 158,
        "Net Income": -49
    },
    "2018-12-31": {
        "Diluted EPS": -0.34,
        "Total Revenue": 470,
        "Gross Profit": 215,
        "Operating Income": -24,
        "EBIT": 123,
        "Net Income": -96
    },
    "2018-09-30": {
        "Diluted EPS": -0.23,
        "Total Revenue": 454,
        "Gross Profit": 218,
        "Operating Income": -8,
        "EBIT": 127,
        "Net Income": -66
    },
    "2018-06-30": {
        "Diluted EPS": -0.28,
        "Total Revenue": 346,
        "Gross Profit": 207,
        "Operating Income": -9,
        "EBIT": 129,
        "Net Income": -81
    },
    "2018-03-31": {
        "Diluted EPS": 0.18,
        "Total Revenue": 465,
        "Gross Profit": 246,
        "Operating Income": 165,
        "EBIT": 292,
        "Net Income": 51
    },
    "2017-12-31": {
        "Diluted EPS": -0.39,
        "Total Revenue": 500,
        "Gross Profit": 273,
        "Operating Income": 26,
        "EBIT": 166,
        "Net Income": -112
    },
    "2017-09-30": {
        "Diluted EPS": -0.08,
        "Total Revenue": 469,
        "Gross Profit": 235,
        "Operating Income": 16,
        "EBIT": 174,
        "Net Income": -22
    },
    "2017-06-30": {
        "Diluted EPS": -0.05,
        "Total Revenue": 374,
        "Gross Profit": 240,
        "Operating Income": 18,
        "EBIT": 145,
        "Net Income": -13
    },
    "2017-03-31": {
        "Diluted EPS": 0.0,
        "Total Revenue": 437,
        "Gross Profit": 248,
        "Operating Income": 47,
        "EBIT": 168,
        "Net Income": NaN
    },
    "2016-12-31": {
        "Diluted EPS": 0.17,
        "Total Revenue": 539,
        "Gross Profit": 329,
        "Operating Income": 215,
        "EBIT": 365,
        "Net Income": 48
    },
    "2016-09-30": {
        "Diluted EPS": -0.03,
        "Total Revenue": 476,
        "Gross Profit": 245,
        "Operating Income": 36,
        "EBIT": 157,
        "Net Income": -9
    },
    "2016-06-30": {
        "Diluted EPS": 0.02,
        "Total Revenue": 382,
        "Gross Profit": 247,
        "Operating Income": 32,
        "EBIT": 163,
        "Net Income": 5
    },
    "2016-03-31": {
        "Diluted EPS": 0.16,
        "Total Revenue": 414,
        "Gross Profit": 262,
        "Operating Income": 78,
        "EBIT": 177,
        "Net Income": 45
    },
    "2015-12-31": {
        "Diluted EPS": -0.01,
        "Total Revenue": 446,
        "Gross Profit": -147,
        "Operating Income": 44,
        "EBIT": 172,
        "Net Income": -5
    },
    "2015-09-30": {
        "Diluted EPS": 0.42,
        "Total Revenue": 491,
        "Gross Profit": 262,
        "Operating Income": 10,
        "EBIT": 113,
        "Net Income": 118
    },
    "2015-06-30": {
        "Diluted EPS": -0.38,
        "Total Revenue": 356,
        "Gross Profit": 194,
        "Operating Income": -15,
        "EBIT": 110,
        "Net Income": -107
    },
    "2015-03-31": {
        "Diluted EPS": 0.02,
        "Total Revenue": 488,
        "Gross Profit": 297,
        "Operating Income": 81,
        "EBIT": 200,
        "Net Income": 6
    },
    "2014-12-31": {
        "Diluted EPS": 0.43,
        "Total Revenue": 578,
        "Gross Profit": 342,
        "Operating Income": 120,
        "EBIT": 251,
        "Net Income": 119
    },
    "2014-09-30": {
        "Diluted EPS": -0.03,
        "Total Revenue": 572,
        "Gross Profit": 318,
        "Operating Income": 67,
        "EBIT": 204,
        "Net Income": -5
    },
    "2014-06-30": {
        "Diluted EPS": -0.17,
        "Total Revenue": 454,
        "Gross Profit": 259,
        "Operating Income": 20,
        "EBIT": 154,
        "Net Income": -46
    },
    "2014-03-31": {
        "Diluted EPS": 0.16,
        "Total Revenue": 704,
        "Gross Profit": 400,
        "Operating Income": 146,
        "EBIT": 283,
        "Net Income": 44
    },
    "2013-12-31": {
        "Diluted EPS": -0.23,
        "Total Revenue": 535,
        "Gross Profit": 268,
        "Operating Income": -7,
        "EBIT": 152,
        "Net Income": -60
    },
    "2013-09-30": {
        "Diluted EPS": -0.03,
        "Total Revenue": 595,
        "Gross Profit": 345,
        "Operating Income": 96,
        "EBIT": 227,
        "Net Income": -9
    },
    "2013-06-30": {
        "Diluted EPS": 0.06,
        "Total Revenue": 528,
        "Gross Profit": 345,
        "Operating Income": 79,
        "EBIT": 219,
        "Net Income": 15
    },
    "2013-03-31": {
        "Diluted EPS": -0.04,
        "Total Revenue": 526,
        "Gross Profit": 327,
        "Operating Income": 80,
        "EBIT": 218,
        "Net Income": -2
    },
    "2012-12-31": {
        "Diluted EPS": 0.15,
        "Total Revenue": 644,
        "Gross Profit": 380,
        "Operating Income": 163,
        "EBIT": 307,
        "Net Income": 37
    },
    "2012-09-30": {
        "Diluted EPS": 0.24,
        "Total Revenue": 540,
        "Gross Profit": 331,
        "Operating Income": 83,
        "EBIT": 217,
        "Net Income": 64
    },
    "2012-06-30": {
        "Diluted EPS": -3.5,
        "Total Revenue": 405,
        "Gross Profit": 256,
        "Operating Income": -27,
        "EBIT": 121,
        "Net Income": -794
    },
    "2012-03-31": {
        "Diluted EPS": 0.4,
        "Total Revenue": 666,
        "Gross Profit": 479,
        "Operating Income": 182,
        "EBIT": 322,
        "Net Income": 97
    },
    "2011-12-31": {
        "Diluted EPS": 0.11,
        "Total Revenue": 711,
        "Gross Profit": 423,
        "Operating Income": 145,
        "EBIT": 291,
        "Net Income": 28
    },
    "2011-09-30": {
        "Diluted EPS": 0.23,
        "Total Revenue": 632,
        "Gross Profit": 368,
        "Operating Income": 102,
        "EBIT": 229,
        "Net Income": 50
    },
    "2011-06-30": {
        "Diluted EPS": 0.05,
        "Total Revenue": 546,
        "Gross Profit": 353,
        "Operating Income": 83,
        "EBIT": 220,
        "Net Income": 13
    },
    "2011-03-31": {
        "Diluted EPS": 0.36,
        "Total Revenue": 858,
        "Gross Profit": 645,
        "Operating Income": 393,
        "EBIT": 522,
        "Net Income": 79
    },
    "2010-12-31": {
        "Diluted EPS": 0.28,
        "Total Revenue": 798,
        "Gross Profit": 471,
        "Operating Income": 204,
        "EBIT": 332,
        "Net Income": 61
    },
    "2010-09-30": {
        "Diluted EPS": 0.17,
        "Total Revenue": 684,
        "Gross Profit": 376,
        "Operating Income": 104,
        "EBIT": 227,
        "Net Income": 37
    },
    "2010-06-30": {
        "Diluted EPS": 0.23,
        "Total Revenue": 582,
        "Gross Profit": 359,
        "Operating Income": 69,
        "EBIT": 189,
        "Net Income": 51
    },
    "2010-03-31": {
        "Diluted EPS": 0.31,
        "Total Revenue": 723,
        "Gross Profit": 413,
        "Operating Income": 154,
        "EBIT": 259,
        "Net Income": 67
    },
    "2009-12-31": {
        "Diluted EPS": 0.35,
        "Total Revenue": 729,
        "Gross Profit": 415,
        "Operating Income": 150,
        "EBIT": 257,
        "Net Income": 75
    },
    "2009-09-30": {
        "Diluted EPS": 0.31,
        "Total Revenue": 606,
        "Gross Profit": 346,
        "Operating Income": 109,
        "EBIT": 227,
        "Net Income": 60
    },
    "2009-06-30": {
        "Diluted EPS": -0.03,
        "Total Revenue": 539,
        "Gross Profit": 334,
        "Operating Income": 49,
        "EBIT": 160,
        "Net Income": -6
    },
    "2009-03-31": {
        "Diluted EPS": 0.17,
        "Total Revenue": 622,
        "Gross Profit": 321,
        "Operating Income": 82,
        "EBIT": 180,
        "Net Income": 35
    },
    "2023-06-30": {
        "Tax Effect Of Unusual Items": 10400000.0,
        "Tax Rate For Calcs": 0.4,
        "Normalized EBITDA": 294000000.0,
        "Total Unusual Items": 26000000.0,
        "Total Unusual Items Excluding Goodwill": 26000000.0,
        "Net Income From Continuing Operation Net Minority Interest": 74000000.0,
        "Reconciled Depreciation": 173000000.0,
        "Reconciled Cost Of Revenue": 213000000.0,
        "EBITDA": 320000000.0,
        "EBIT": 147000000.0,
        "Net Interest Income": -52000000.0,
        "Interest Expense": 68000000.0,
        "Interest Income": 20000000.0,
        "Normalized Income": 58400000.0,
        "Net Income From Continuing And Discontinued Operation": 74000000.0,
        "Total Expenses": 519000000.0,
        "Total Operating Income As Reported": 119000000.0,
        "Diluted Average Shares": 264000000.0,
        "Basic Average Shares": 264000000.0,
        "Diluted EPS": 0.23,
        "Basic EPS": 0.23,
        "Diluted NI Availto Com Stockholders": 62000000.0,
        "Net Income Common Stockholders": 62000000.0,
        "Preferred Stock Dividends": 12000000.0,
        "Net Income": 74000000.0,
        "Minority Interests": -23000000.0,
        "Net Income Including Noncontrolling Interests": 97000000.0,
        "Net Income Continuous Operations": 97000000.0,
        "Tax Provision": -18000000.0,
        "Pretax Income": 79000000.0,
        "Other Income Expense": 25000000.0,
        "Special Income Charges": 18000000.0,
        "Gain On Sale Of Ppe": 5000000.0,
        "Other Special Charges": NaN,
        "Impairment Of Capital Assets": -13000000.0,
        "Earnings From Equity Interest": -1000000.0,
        "Gain On Sale Of Security": 8000000.0,
        "Net Non Operating Interest Income Expense": -52000000.0,
        "Total Other Finance Cost": 4000000.0,
        "Interest Expense Non Operating": 68000000.0,
        "Interest Income Non Operating": 20000000.0,
        "Operating Income": 106000000.0,
        "Operating Expense": 306000000.0,
        "Other Operating Expenses": 58000000.0,
        "Other Taxes": 9000000.0,
        "Depreciation Amortization Depletion Income Statement": 173000000.0,
        "Depreciation And Amortization In Income Statement": 173000000.0,
        "Depreciation Income Statement": NaN,
        "Selling General And Administration": 66000000.0,
        "General And Administrative Expense": 66000000.0,
        "Salaries And Wages": 66000000.0,
        "Gross Profit": 412000000.0,
        "Cost Of Revenue": 213000000.0,
        "Total Revenue": 625000000.0,
        "Operating Revenue": 617000000.0
    },
    "2023-09-30": {
        "Tax Effect Of Unusual Items": 3902869.757174,
        "Tax Rate For Calcs": 0.075055,
        "Normalized EBITDA": 604000000.0,
        "Total Unusual Items": 52000000.0,
        "Total Unusual Items Excluding Goodwill": 52000000.0,
        "Net Income From Continuing Operation Net Minority Interest": 386000000.0,
        "Reconciled Depreciation": 140000000.0,
        "Reconciled Cost Of Revenue": 297000000.0,
        "EBITDA": 656000000.0,
        "EBIT": 516000000.0,
        "Net Interest Income": -51000000.0,
        "Interest Expense": 63000000.0,
        "Interest Income": 18000000.0,
        "Normalized Income": 337902869.757174,
        "Net Income From Continuing And Discontinued Operation": 386000000.0,
        "Total Expenses": 565000000.0,
        "Total Operating Income As Reported": 510000000.0,
        "Diluted Average Shares": 263000000.0,
        "Basic Average Shares": 263000000.0,
        "Diluted EPS": 1.41,
        "Basic EPS": 1.41,
        "Diluted NI Availto Com Stockholders": 372000000.0,
        "Net Income Common Stockholders": 372000000.0,
        "Preferred Stock Dividends": 14000000.0,
        "Net Income": 386000000.0,
        "Minority Interests": -33000000.0,
        "Net Income Including Noncontrolling Interests": 419000000.0,
        "Net Income Continuous Operations": 419000000.0,
        "Tax Provision": 34000000.0,
        "Pretax Income": 453000000.0,
        "Other Income Expense": 52000000.0,
        "Special Income Charges": 57000000.0,
        "Gain On Sale Of Ppe": -1000000.0,
        "Other Special Charges": NaN,
        "Impairment Of Capital Assets": -58000000.0,
        "Earnings From Equity Interest": 0.0,
        "Gain On Sale Of Security": -5000000.0,
        "Net Non Operating Interest Income Expense": -51000000.0,
        "Total Other Finance Cost": 6000000.0,
        "Interest Expense Non Operating": 63000000.0,
        "Interest Income Non Operating": 18000000.0,
        "Operating Income": 452000000.0,
        "Operating Expense": 268000000.0,
        "Other Operating Expenses": 59000000.0,
        "Other Taxes": 8000000.0,
        "Depreciation Amortization Depletion Income Statement": 140000000.0,
        "Depreciation And Amortization In Income Statement": 140000000.0,
        "Depreciation Income Statement": NaN,
        "Selling General And Administration": 61000000.0,
        "General And Administrative Expense": 61000000.0,
        "Salaries And Wages": 61000000.0,
        "Gross Profit": 720000000.0,
        "Cost Of Revenue": 297000000.0,
        "Total Revenue": 1017000000.0,
        "Operating Revenue": 1009000000.0
    }
}