{
    "2023-03-31": {
        "Tax Effect Of Unusual Items": NaN,
        "Tax Rate For Calcs": NaN,
        "Normalized EBITDA": NaN,
        "Net Income From Continuing Operation Net Minority Interest": NaN,
        "Reconciled Depreciation": NaN,
        "Reconciled Cost Of Revenue": NaN,
        "EBITDA": NaN,
        "EBIT": NaN,
        "Net Interest Income": NaN,
        "Normalized Income": NaN,
        "Net Income From Continuing And Discontinued Operation": NaN,
        "Total Expenses": NaN,
        "Total Operating Income As Reported": NaN,
        "Diluted Average Shares": NaN,
        "Basic Average Shares": NaN,
        "Diluted EPS": NaN,
        "Basic EPS": NaN,
        "Diluted NI Availto Com Stockholders": NaN,
        "Net Income Common Stockholders": NaN,
        "Net Income": NaN,
        "Net Income Including Noncontrolling Interests": NaN,
        "Net Income Continuous Operations": NaN,
        "Tax Provision": NaN,
        "Pretax Income": NaN,
        "Other Income Expense": 21000.0,
        "Other Non Operating Income Expenses": 21000.0,
        "Net Non Operating Interest Income Expense": NaN,
        "Total Other Finance Cost": 66000.0,
        "Operating Income": NaN,
        "Operating Expense": NaN,
        "Research And Development": NaN,
        "Selling General And Administration": NaN,
        "Selling And Marketing Expense": NaN,
        "General And Administrative Expense": NaN,
        "Other Gand A": NaN,
        "Gross Profit": NaN,
        "Cost Of Revenue": NaN,
        "Total Revenue": NaN,
        "Operating Revenue": NaN
    },
    "2022-12-31": {
        "Tax Effect Of Unusual Items": NaN,
        "Tax Rate For Calcs": NaN,
        "Normalized EBITDA": NaN,
        "Total Unusual Items": 0.0,
        "Total Unusual Items Excluding Goodwill": 0.0,
        "Net Income From Continuing Operation Net Minority Interest": NaN,
        "Reconciled Depreciation": NaN,
        "Reconciled Cost Of Revenue": NaN,
        "EBITDA": NaN,
        "EBIT": NaN,
        "Net Interest Income": NaN,
        "Normalized Income": NaN,
        "Net Income From Continuing And Discontinued Operation": NaN,
        "Total Expenses": NaN,
        "Total Operating Income As Reported": NaN,
        "Diluted Average Shares": NaN,
        "Basic Average Shares": NaN,
        "Diluted EPS": NaN,
        "Basic EPS": NaN,
        "Diluted NI Availto Com Stockholders": NaN,
        "Net Income Common Stockholders": NaN,
        "Net Income": NaN,
        "Net Income Including Noncontrolling Interests": NaN,
        "Net Income Continuous Operations": NaN,
        "Tax Provision": NaN,
        "Pretax Income": NaN,
        "Other Income Expense": NaN,
        "Other Non Operating Income Expenses": NaN,
        "Special Income Charges": 0.0,
        "Net Non Operating Interest Income Expense": NaN,
        "Total Other Finance Cost": NaN,
        "Operating Income": NaN,
        "Operating Expense": NaN,
        "Research And Development": NaN,
        "Selling General And Administration": NaN,
        "Selling And Marketing Expense": NaN,
        "General And Administrative Expense": NaN,
        "Other Gand A": NaN,
        "Gross Profit": NaN,
        "Cost Of Revenue": NaN,
        "Total Revenue": NaN,
        "Operating Revenue": NaN
    },
    "2022-09-30": {
        "Tax Effect Of Unusual Items": NaN,
        "Tax Rate For Calcs": NaN,
        "Normalized EBITDA": NaN,
        "Total Unusual Items": 0.0,
        "Total Unusual Items Excluding Goodwill": 0.0,
        "Net Income From Continuing Operation Net Minority Interest": NaN,
        "Reconciled Depreciation": NaN,
        "Reconciled Cost Of Revenue": NaN,
        "EBITDA": NaN,
        "EBIT": NaN,
        "Net Interest Income": NaN,
        "Normalized Income": NaN,
        "Net Income From Continuing And Discontinued Operation": NaN,
        "Total Expenses": NaN,
        "Total Operating Income As Reported": NaN,
        "Diluted Average Shares": NaN,
        "Basic Average Shares": NaN,
        "Diluted EPS": NaN,
        "Basic EPS": NaN,
        "Diluted NI Availto Com Stockholders": NaN,
        "Net Income Common Stockholders": NaN,
        "Net Income": NaN,
        "Net Income Including Noncontrolling Interests": NaN,
        "Net Income Continuous Operations": NaN,
        "Tax Provision": NaN,
        "Pretax Income": NaN,
        "Other Income Expense": NaN,
        "Other Non Operating Income Expenses": NaN,
        "Special Income Charges": 0.0,
        "Net Non Operating Interest Income Expense": NaN,
        "Total Other Finance Cost": 53000.0,
        "Operating Income": NaN,
        "Operating Expense": NaN,
        "Research And Development": NaN,
        "Selling General And Administration": NaN,
        "Selling And Marketing Expense": NaN,
        "General And Administrative Expense": NaN,
        "Other Gand A": NaN,
        "Gross Profit": NaN,
        "Cost Of Revenue": NaN,
        "Total Revenue": NaN,
        "Operating Revenue": NaN
    },
    "2022-06-30": {
        "Tax Effect Of Unusual Items": 0.0,
        "Tax Rate For Calcs": 0.268022,
        "Normalized EBITDA": -2954000.0,
        "Total Unusual Items": NaN,
        "Total Unusual Items Excluding Goodwill": NaN,
        "Net Income From Continuing Operation Net Minority Interest": -2376000.0,
        "Reconciled Depreciation": 397000.0,
        "Reconciled Cost Of Revenue": 7189000.0,
        "EBITDA": -2954000.0,
        "EBIT": -2954000.0,
        "Net Interest Income": -28000.0,
        "Normalized Income": -2376000.0,
        "Net Income From Continuing And Discontinued Operation": -2376000.0,
        "Total Expenses": 15577000.0,
        "Total Operating Income As Reported": -2954000.0,
        "Diluted Average Shares": 9910000.0,
        "Basic Average Shares": 9910000.0,
        "Diluted EPS": -0.24,
        "Basic EPS": -0.24,
        "Diluted NI Availto Com Stockholders": -2376000.0,
        "Net Income Common Stockholders": -2376000.0,
        "Net Income": -2376000.0,
        "Net Income Including Noncontrolling Interests": -2376000.0,
        "Net Income Continuous Operations": -2376000.0,
        "Tax Provision": -870000.0,
        "Pretax Income": -3246000.0,
        "Other Income Expense": -264000.0,
        "Other Non Operating Income Expenses": -264000.0,
        "Special Income Charges": NaN,
        "Net Non Operating Interest Income Expense": -28000.0,
        "Total Other Finance Cost": 28000.0,
        "Operating Income": -2954000.0,
        "Operating Expense": 8388000.0,
        "Research And Development": 2172000.0,
        "Selling General And Administration": 6216000.0,
        "Selling And Marketing Expense": 3293000.0,
        "General And Administrative Expense": 2923000.0,
        "Other Gand A": 2923000.0,
        "Gross Profit": 5434000.0,
        "Cost Of Revenue": 7189000.0,
        "Total Revenue": 12623000.0,
        "Operating Revenue": 12623000.0
    },
    "2022-03-31": {
        "Diluted EPS": -0.44,
        "Total Revenue": 10,
        "Gross Profit": 3,
        "Operating Income": -6,
        "EBIT": -5,
        "Net Income": -4
    },
    "2021-12-31": {
        "Diluted EPS": -0.04,
        "Total Revenue": 11,
        "Gross Profit": 4,
        "Operating Income": -2,
        "EBIT": -2,
        "Net Income": -1
    },
    "2021-09-30": {
        "Diluted EPS": 0.09,
        "Total Revenue": 11,
        "Gross Profit": 4,
        "Operating Income": -2,
        "EBIT": -1,
        "Net Income": 1
    },
    "2021-06-30": {
        "Diluted EPS": -0.23,
        "Total Revenue": 9,
        "Gross Profit": 3,
        "Operating Income": -3,
        "EBIT": -2,
        "Net Income": -2
    },
    "2021-03-31": {
        "Diluted EPS": -0.25,
        "Total Revenue": 8,
        "Gross Profit": 3,
        "Operating Income": -3,
        "EBIT": -2,
        "Net Income": -2
    },
    "2020-12-31": {
        "Diluted EPS": -0.23,
        "Total Revenue": 8,
        "Gross Profit": 2,
        "Operating Income": -3,
        "EBIT": -2,
        "Net Income": -2
    },
    "2020-09-30": {
        "Diluted EPS": -0.11,
        "Total Revenue": 7,
        "Gross Profit": 3,
        "Operating Income": -1,
        "EBIT": -1,
        "Net Income": -1
    },
    "2020-06-30": {
        "Diluted EPS": -0.25,
        "Total Revenue": 5,
        "Gross Profit": 2,
        "Operating Income": -3,
        "EBIT": -2,
        "Net Income": -2
    },
    "2020-03-31": {
        "Diluted EPS": -0.13,
        "Total Revenue": 10,
        "Gross Profit": 5,
        "Operating Income": -1,
        "EBIT": -1,
        "Net Income": -1
    },
    "2019-12-31": {
        "Diluted EPS": -0.1,
        "Total Revenue": 11,
        "Gross Profit": 5,
        "Operating Income": -1,
        "EBIT": 0,
        "Net Income": -1
    },
    "2019-09-30": {
        "Diluted EPS": 0.05,
        "Total Revenue": 12,
        "Gross Profit": 6,
        "Operating Income": 0,
        "EBIT": 1,
        "Net Income": 0
    },
    "2019-06-30": {
        "Diluted EPS": 0.02,
        "Total Revenue": 11,
        "Gross Profit": 6,
        "Operating Income": 0,
        "EBIT": 1,
        "Net Income": 0
    },
    "2019-03-31": {
        "Diluted EPS": 0.1,
        "Total Revenue": 12,
        "Gross Profit": 6,
        "Operating Income": 1,
        "EBIT": 1,
        "Net Income": 1
    },
    "2018-12-31": {
        "Diluted EPS": 0.12,
        "Total Revenue": 12,
        "Gross Profit": 6,
        "Operating Income": 1,
        "EBIT": 1,
        "Net Income": 1
    },
    "2018-09-30": {
        "Diluted EPS": 0.33,
        "Total Revenue": 16,
        "Gross Profit": 8,
        "Operating Income": 3,
        "EBIT": 3,
        "Net Income": 3
    },
    "2018-06-30": {
        "Diluted EPS": 0.16,
        "Total Revenue": 15,
        "Gross Profit": 7,
        "Operating Income": 2,
        "EBIT": 2,
        "Net Income": 1
    },
    "2018-03-31": {
        "Diluted EPS": 0.09,
        "Total Revenue": 12,
        "Gross Profit": 6,
        "Operating Income": 1,
        "EBIT": 1,
        "Net Income": 1
    },
    "2017-12-31": {
        "Diluted EPS": -0.07,
        "Total Revenue": 13,
        "Gross Profit": 7,
        "Operating Income": 2,
        "EBIT": 2,
        "Net Income": 0
    },
    "2017-09-30": {
        "Diluted EPS": 0.24,
        "Total Revenue": 16,
        "Gross Profit": 8,
        "Operating Income": 3,
        "EBIT": 3,
        "Net Income": 2
    },
    "2017-06-30": {
        "Diluted EPS": 0.12,
        "Total Revenue": 14,
        "Gross Profit": 6,
        "Operating Income": 1,
        "EBIT": 2,
        "Net Income": 1
    },
    "2017-03-31": {
        "Diluted EPS": 0.13,
        "Total Revenue": 14,
        "Gross Profit": 6,
        "Operating Income": 1,
        "EBIT": 2,
        "Net Income": 1
    },
    "2016-12-31": {
        "Diluted EPS": 0.17,
        "Total Revenue": 14,
        "Gross Profit": 6,
        "Operating Income": 2,
        "EBIT": 2,
        "Net Income": 1
    },
    "2016-09-30": {
        "Diluted EPS": 0.12,
        "Total Revenue": 14,
        "Gross Profit": 6,
        "Operating Income": 1,
        "EBIT": 2,
        "Net Income": 1
    },
    "2016-06-30": {
        "Diluted EPS": 0.1,
        "Total Revenue": 15,
        "Gross Profit": 6,
        "Operating Income": 1,
        "EBIT": 1,
        "Net Income": 1
    },
    "2016-03-31": {
        "Diluted EPS": 0.08,
        "Total Revenue": 14,
        "Gross Profit": 6,
        "Operating Income": 1,
        "EBIT": 1,
        "Net Income": 1
    },
    "2015-12-31": {
        "Diluted EPS": 0.06,
        "Total Revenue": 12,
        "Gross Profit": 5,
        "Operating Income": 0,
        "EBIT": 1,
        "Net Income": 1
    },
    "2015-09-30": {
        "Diluted EPS": 0.13,
        "Total Revenue": 14,
        "Gross Profit": 6,
        "Operating Income": 2,
        "EBIT": 2,
        "Net Income": 1
    },
    "2015-06-30": {
        "Diluted EPS": 0.18,
        "Total Revenue": 17,
        "Gross Profit": 7,
        "Operating Income": 2,
        "EBIT": 3,
        "Net Income": 1
    },
    "2015-03-31": {
        "Diluted EPS": 0.02,
        "Total Revenue": 16,
        "Gross Profit": 6,
        "Operating Income": 0,
        "EBIT": 1,
        "Net Income": 0
    },
    "2014-12-31": {
        "Diluted EPS": -0.37,
        "Total Revenue": 12,
        "Gross Profit": 5,
        "Operating Income": -5,
        "EBIT": -4,
        "Net Income": -3
    },
    "2014-09-30": {
        "Diluted EPS": 0.01,
        "Total Revenue": 13,
        "Gross Profit": 5,
        "Operating Income": 0,
        "EBIT": 0,
        "Net Income": 0
    },
    "2014-06-30": {
        "Diluted EPS": 0.02,
        "Total Revenue": 14,
        "Gross Profit": 6,
        "Operating Income": 0,
        "EBIT": 1,
        "Net Income": 0
    },
    "2014-03-31": {
        "Diluted EPS": 0.05,
        "Total Revenue": 14,
        "Gross Profit": 6,
        "Operating Income": 1,
        "EBIT": 1,
        "Net Income": 0
    },
    "2013-12-31": {
        "Diluted EPS": 0.13,
        "Total Revenue": 13,
        "Gross Profit": 5,
        "Operating Income": 1,
        "EBIT": 2,
        "Net Income": 1
    },
    "2013-09-30": {
        "Diluted EPS": 0.17,
        "Total Revenue": 17,
        "Gross Profit": 7,
        "Operating Income": 2,
        "EBIT": 2,
        "Net Income": 1
    },
    "2013-06-30": {
        "Diluted EPS": 0.14,
        "Total Revenue": 16,
        "Gross Profit": 6,
        "Operating Income": 2,
        "EBIT": 2,
        "Net Income": 1
    },
    "2013-03-31": {
        "Diluted EPS": 0.13,
        "Total Revenue": 15,
        "Gross Profit": 6,
        "Operating Income": 1,
        "EBIT": 2,
        "Net Income": 1
    },
    "2012-12-31": {
        "Diluted EPS": 0.21,
        "Total Revenue": 20,
        "Gross Profit": 8,
        "Operating Income": 3,
        "EBIT": 3,
        "Net Income": 2
    },
    "2012-09-30": {
        "Diluted EPS": 0.0,
        "Total Revenue": 15,
        "Gross Profit": 6,
        "Operating Income": 0,
        "EBIT": 0,
        "Net Income": 0
    },
    "2012-06-30": {
        "Diluted EPS": 0.06,
        "Total Revenue": 16,
        "Gross Profit": 6,
        "Operating Income": 1,
        "EBIT": 1,
        "Net Income": 1
    },
    "2012-03-31": {
        "Diluted EPS": 0.13,
        "Total Revenue": 18,
        "Gross Profit": 7,
        "Operating Income": 2,
        "EBIT": 2,
        "Net Income": 1
    },
    "2011-12-31": {
        "Diluted EPS": 0.06,
        "Total Revenue": 14,
        "Gross Profit": 6,
        "Operating Income": 1,
        "EBIT": 1,
        "Net Income": 1
    },
    "2011-09-30": {
        "Diluted EPS": 0.09,
        "Total Revenue": 14,
        "Gross Profit": 5,
        "Operating Income": 1,
        "EBIT": 2,
        "Net Income": 1
    },
    "2011-06-30": {
        "Diluted EPS": 0.15,
        "Total Revenue": 18,
        "Gross Profit": 7,
        "Operating Income": 2,
        "EBIT": 3,
        "Net Income": 1
    },
    "2011-03-31": {
        "Diluted EPS": 0.19,
        "Total Revenue": 21,
        "Gross Profit": 7,
        "Operating Income": 3,
        "EBIT": 3,
        "Net Income": 2
    },
    "2010-12-31": {
        "Diluted EPS": 0.11,
        "Total Revenue": 16,
        "Gross Profit": 6,
        "Operating Income": 1,
        "EBIT": 2,
        "Net Income": 1
    },
    "2010-09-30": {
        "Diluted EPS": 0.11,
        "Total Revenue": 16,
        "Gross Profit": 6,
        "Operating Income": 2,
        "EBIT": 2,
        "Net Income": 1
    },
    "2010-06-30": {
        "Diluted EPS": 0.12,
        "Total Revenue": 16,
        "Gross Profit": 6,
        "Operating Income": 2,
        "EBIT": 2,
        "Net Income": 1
    },
    "2010-03-31": {
        "Diluted EPS": 0.07,
        "Total Revenue": 14,
        "Gross Profit": 5,
        "Operating Income": 1,
        "EBIT": 1,
        "Net Income": 1
    },
    "2009-12-31": {
        "Diluted EPS": 0.02,
        "Total Revenue": 14,
        "Gross Profit": 4,
        "Operating Income": 0,
        "EBIT": 1,
        "Net Income": 0
    },
    "2009-09-30": {
        "Diluted EPS": 0.13,
        "Total Revenue": 18,
        "Gross Profit": 6,
        "Operating Income": 2,
        "EBIT": 2,
        "Net Income": 1
    },
    "2009-06-30": {
        "Diluted EPS": 0.07,
        "Total Revenue": 14,
        "Gross Profit": 5,
        "Operating Income": 1,
        "EBIT": 2,
        "Net Income": 1
    },
    "2009-03-31": {
        "Diluted EPS": 0.01,
        "Total Revenue": 12,
        "Gross Profit": 4,
        "Operating Income": 0,
        "EBIT": 1,
        "Net Income": 0
    },
    "2023-06-30": {
        "Tax Effect Of Unusual Items": NaN,
        "Tax Rate For Calcs": NaN,
        "Normalized EBITDA": NaN,
        "Net Income From Continuing Operation Net Minority Interest": NaN,
        "Reconciled Depreciation": NaN,
        "Reconciled Cost Of Revenue": NaN,
        "EBITDA": NaN,
        "EBIT": NaN,
        "Net Interest Income": NaN,
        "Normalized Income": NaN,
        "Net Income From Continuing And Discontinued Operation": NaN,
        "Total Expenses": NaN,
        "Total Operating Income As Reported": NaN,
        "Diluted Average Shares": NaN,
        "Basic Average Shares": NaN,
        "Diluted EPS": NaN,
        "Basic EPS": NaN,
        "Diluted NI Availto Com Stockholders": NaN,
        "Net Income Common Stockholders": NaN,
        "Net Income": NaN,
        "Net Income Including Noncontrolling Interests": NaN,
        "Net Income Continuous Operations": NaN,
        "Tax Provision": NaN,
        "Pretax Income": NaN,
        "Other Income Expense": NaN,
        "Other Non Operating Income Expenses": NaN,
        "Net Non Operating Interest Income Expense": NaN,
        "Total Other Finance Cost": 68000.0,
        "Operating Income": NaN,
        "Operating Expense": NaN,
        "Research And Development": NaN,
        "Selling General And Administration": NaN,
        "Selling And Marketing Expense": NaN,
        "General And Administrative Expense": NaN,
        "Other Gand A": NaN,
        "Gross Profit": NaN,
        "Cost Of Revenue": NaN,
        "Total Revenue": NaN,
        "Operating Revenue": NaN
    },
    "2023-09-30": {
        "Tax Effect Of Unusual Items": 0.0,
        "Tax Rate For Calcs": 0.157,
        "Normalized EBITDA": 1572000.0,
        "Net Income From Continuing Operation Net Minority Interest": 906000.0,
        "Reconciled Depreciation": 381000.0,
        "Reconciled Cost Of Revenue": 8274000.0,
        "EBITDA": 1572000.0,
        "EBIT": 1191000.0,
        "Net Interest Income": -73000.0,
        "Normalized Income": 906000.0,
        "Net Income From Continuing And Discontinued Operation": 906000.0,
        "Total Expenses": 15999000.0,
        "Total Operating Income As Reported": 1191000.0,
        "Diluted Average Shares": 10052000.0,
        "Basic Average Shares": 9958000.0,
        "Diluted EPS": 0.09,
        "Basic EPS": 0.09,
        "Diluted NI Availto Com Stockholders": 906000.0,
        "Net Income Common Stockholders": 906000.0,
        "Net Income": 906000.0,
        "Net Income Including Noncontrolling Interests": 906000.0,
        "Net Income Continuous Operations": 906000.0,
        "Tax Provision": 169000.0,
        "Pretax Income": 1075000.0,
        "Other Income Expense": -43000.0,
        "Other Non Operating Income Expenses": -43000.0,
        "Net Non Operating Interest Income Expense": -73000.0,
        "Total Other Finance Cost": 73000.0,
        "Operating Income": 1191000.0,
        "Operating Expense": 7725000.0,
        "Research And Development": 2509000.0,
        "Selling General And Administration": 5216000.0,
        "Selling And Marketing Expense": 2397000.0,
        "General And Administrative Expense": 2819000.0,
        "Other Gand A": 2819000.0,
        "Gross Profit": 8916000.0,
        "Cost Of Revenue": 8274000.0,
        "Total Revenue": 17190000.0,
        "Operating Revenue": 17190000.0
    },
    "2023-12-31": {
        "Tax Effect Of Unusual Items": 0.0,
        "Tax Rate For Calcs": 0.354167,
        "Normalized EBITDA": 371000.0,
        "Net Income From Continuing Operation Net Minority Interest": -62000.0,
        "Reconciled Depreciation": 386000.0,
        "Reconciled Cost Of Revenue": 6894000.0,
        "EBITDA": 371000.0,
        "EBIT": -15000.0,
        "Net Interest Income": -48000.0,
        "Normalized Income": -62000.0,
        "Net Income From Continuing And Discontinued Operation": -62000.0,
        "Total Expenses": 13787000.0,
        "Total Operating Income As Reported": -522000.0,
        "Diluted Average Shares": 9958000.0,
        "Basic Average Shares": 9958000.0,
        "Diluted EPS": -0.01,
        "Basic EPS": -0.01,
        "Diluted NI Availto Com Stockholders": -62000.0,
        "Net Income Common Stockholders": -62000.0,
        "Net Income": -62000.0,
        "Net Income Including Noncontrolling Interests": -62000.0,
        "Net Income Continuous Operations": -62000.0,
        "Tax Provision": -34000.0,
        "Pretax Income": -96000.0,
        "Other Income Expense": 474000.0,
        "Other Non Operating Income Expenses": 474000.0,
        "Net Non Operating Interest Income Expense": -48000.0,
        "Total Other Finance Cost": NaN,
        "Operating Income": -522000.0,
        "Operating Expense": 6893000.0,
        "Research And Development": 2159000.0,
        "Selling General And Administration": 4734000.0,
        "Selling And Marketing Expense": 2096000.0,
        "General And Administrative Expense": 2638000.0,
        "Other Gand A": 2638000.0,
        "Gross Profit": 6371000.0,
        "Cost Of Revenue": 6894000.0,
        "Total Revenue": 13265000.0,
        "Operating Revenue": 13265000.0
    },
    "2024-03-31": {
        "Tax Effect Of Unusual Items": 0.0,
        "Tax Rate For Calcs": 0.210967,
        "Normalized EBITDA": -906000.0,
        "Net Income From Continuing Operation Net Minority Interest": -1036000.0,
        "Reconciled Depreciation": 395000.0,
        "Reconciled Cost Of Revenue": 5063000.0,
        "EBITDA": -906000.0,
        "EBIT": -1301000.0,
        "Net Interest Income": 48000.0,
        "Normalized Income": -1036000.0,
        "Net Income From Continuing And Discontinued Operation": -1036000.0,
        "Total Expenses": 11988000.0,
        "Total Operating Income As Reported": -1301000.0,
        "Diluted Average Shares": 9972000.0,
        "Basic Average Shares": 9972000.0,
        "Diluted EPS": -0.1,
        "Basic EPS": -0.1,
        "Diluted NI Availto Com Stockholders": -1036000.0,
        "Net Income Common Stockholders": -1036000.0,
        "Net Income": -1036000.0,
        "Net Income Including Noncontrolling Interests": -1036000.0,
        "Net Income Continuous Operations": -1036000.0,
        "Tax Provision": -277000.0,
        "Pretax Income": -1313000.0,
        "Other Income Expense": -60000.0,
        "Other Non Operating Income Expenses": -60000.0,
        "Net Non Operating Interest Income Expense": 48000.0,
        "Total Other Finance Cost": -48000.0,
        "Operating Income": -1301000.0,
        "Operating Expense": 6925000.0,
        "Research And Development": 1966000.0,
        "Selling General And Administration": 4959000.0,
        "Selling And Marketing Expense": 2083000.0,
        "General And Administrative Expense": 2876000.0,
        "Other Gand A": 2876000.0,
        "Gross Profit": 5624000.0,
        "Cost Of Revenue": 5063000.0,
        "Total Revenue": 10687000.0,
        "Operating Revenue": 10687000.0
    },
    "2024-06-30": {
        "Tax Effect Of Unusual Items": 0.0,
        "Tax Rate For Calcs": 0.212,
        "Normalized EBITDA": -197000.0,
        "Net Income From Continuing Operation Net Minority Interest": -319000.0,
        "Reconciled Depreciation": 241000.0,
        "Reconciled Cost Of Revenue": 5489000.0,
        "EBITDA": -197000.0,
        "EBIT": -438000.0,
        "Net Interest Income": 26000.0,
        "Normalized Income": -319000.0,
        "Net Income From Continuing And Discontinued Operation": -319000.0,
        "Total Expenses": 12037000.0,
        "Total Operating Income As Reported": -438000.0,
        "Diluted Average Shares": 9997000.0,
        "Basic Average Shares": 9997000.0,
        "Diluted EPS": -0.03,
        "Basic EPS": -0.03,
        "Diluted NI Availto Com Stockholders": -319000.0,
        "Net Income Common Stockholders": -319000.0,
        "Net Income": -319000.0,
        "Net Income Including Noncontrolling Interests": -319000.0,
        "Net Income Continuous Operations": -319000.0,
        "Tax Provision": -86000.0,
        "Pretax Income": -405000.0,
        "Other Income Expense": 7000.0,
        "Other Non Operating Income Expenses": 7000.0,
        "Net Non Operating Interest Income Expense": 26000.0,
        "Total Other Finance Cost": -26000.0,
        "Operating Income": -438000.0,
        "Operating Expense": 6548000.0,
        "Research And Development": 1799000.0,
        "Selling General And Administration": 4749000.0,
        "Selling And Marketing Expense": 2197000.0,
        "General And Administrative Expense": 2552000.0,
        "Other Gand A": 2552000.0,
        "Gross Profit": 6110000.0,
        "Cost Of Revenue": 5489000.0,
        "Total Revenue": 11599000.0,
        "Operating Revenue": 11599000.0
    },
    "2024-09-30": {
        "Tax Effect Of Unusual Items": 0.0,
        "Tax Rate For Calcs": 0.211731,
        "Normalized EBITDA": -629000.0,
        "Net Income From Continuing Operation Net Minority Interest": -551000.0,
        "Reconciled Depreciation": 208000.0,
        "Reconciled Cost Of Revenue": 5640000.0,
        "EBITDA": -629000.0,
        "EBIT": -837000.0,
        "Net Interest Income": 42000.0,
        "Normalized Income": -551000.0,
        "Net Income From Continuing And Discontinued Operation": -551000.0,
        "Total Expenses": 11704000.0,
        "Total Operating Income As Reported": -837000.0,
        "Diluted Average Shares": 10006000.0,
        "Basic Average Shares": 10006000.0,
        "Diluted EPS": -0.06,
        "Basic EPS": -0.06,
        "Diluted NI Availto Com Stockholders": -551000.0,
        "Net Income Common Stockholders": -551000.0,
        "Net Income": -551000.0,
        "Net Income Including Noncontrolling Interests": -551000.0,
        "Net Income Continuous Operations": -551000.0,
        "Tax Provision": -148000.0,
        "Pretax Income": -699000.0,
        "Other Income Expense": 96000.0,
        "Other Non Operating Income Expenses": 96000.0,
        "Net Non Operating Interest Income Expense": 42000.0,
        "Total Other Finance Cost": -42000.0,
        "Operating Income": -837000.0,
        "Operating Expense": 6064000.0,
        "Research And Development": 1640000.0,
        "Selling General And Administration": 4424000.0,
        "Selling And Marketing Expense": 1880000.0,
        "General And Administrative Expense": 2544000.0,
        "Other Gand A": 2544000.0,
        "Gross Profit": 5227000.0,
        "Cost Of Revenue": 5640000.0,
        "Total Revenue": 10867000.0,
        "Operating Revenue": 10867000.0
    }
}