{
    "2023-05-31": {
        "Tax Effect Of Unusual Items": 0.0,
        "Tax Rate For Calcs": 0.25,
        "Normalized EBITDA": -57773000.0,
        "Total Unusual Items": NaN,
        "Total Unusual Items Excluding Goodwill": NaN,
        "Net Income From Continuing Operation Net Minority Interest": -45037000.0,
        "Reconciled Cost Of Revenue": 139513000.0,
        "EBITDA": -57773000.0,
        "EBIT": -57773000.0,
        "Net Interest Income": 22981000.0,
        "Interest Expense": NaN,
        "Interest Income": 22981000.0,
        "Normalized Income": -45037000.0,
        "Net Income From Continuing And Discontinued Operation": -45037000.0,
        "Total Expenses": 333213000.0,
        "Total Operating Income As Reported": -57773000.0,
        "Diluted Average Shares": 634023321.0,
        "Basic Average Shares": 634023321.0,
        "Diluted EPS": -0.069993,
        "Basic EPS": -0.069993,
        "Diluted NI Availto Com Stockholders": -45037000.0,
        "Net Income Common Stockholders": -45037000.0,
        "Net Income": -45037000.0,
        "Minority Interests": 190000.0,
        "Net Income Including Noncontrolling Interests": -45227000.0,
        "Net Income Continuous Operations": -45227000.0,
        "Earnings From Equity Interest Net Of Tax": -71000.0,
        "Tax Provision": 3519000.0,
        "Pretax Income": -41637000.0,
        "Other Income Expense": -6845000.0,
        "Other Non Operating Income Expenses": -6845000.0,
        "Special Income Charges": NaN,
        "Gain On Sale Of Business": NaN,
        "Write Off": NaN,
        "Impairment Of Capital Assets": NaN,
        "Net Non Operating Interest Income Expense": 22981000.0,
        "Interest Expense Non Operating": NaN,
        "Interest Income Non Operating": 22981000.0,
        "Operating Income": -57773000.0,
        "Operating Expense": 193700000.0,
        "Other Operating Expenses": -8880000.0,
        "Selling General And Administration": 202580000.0,
        "Selling And Marketing Expense": 97657000.0,
        "General And Administrative Expense": 104923000.0,
        "Other Gand A": 104923000.0,
        "Gross Profit": 135927000.0,
        "Cost Of Revenue": 139513000.0,
        "Total Revenue": 275440000.0,
        "Operating Revenue": 275440000.0
    },
    "2023-02-28": {
        "Tax Effect Of Unusual Items": -215500.0,
        "Tax Rate For Calcs": 0.25,
        "Normalized EBITDA": -22229000.0,
        "Total Unusual Items": -862000.0,
        "Total Unusual Items Excluding Goodwill": -862000.0,
        "Net Income From Continuing Operation Net Minority Interest": -39417000.0,
        "Reconciled Cost Of Revenue": 127713000.0,
        "EBITDA": -23091000.0,
        "EBIT": -23091000.0,
        "Net Interest Income": 20077000.0,
        "Interest Expense": 0.0,
        "Interest Income": 20077000.0,
        "Normalized Income": -38770500.0,
        "Net Income From Continuing And Discontinued Operation": -39417000.0,
        "Total Expenses": 313402000.0,
        "Total Operating Income As Reported": -44416000.0,
        "Diluted Average Shares": 635996922.0,
        "Basic Average Shares": 635996922.0,
        "Diluted EPS": -0.063327,
        "Basic EPS": -0.063327,
        "Diluted NI Availto Com Stockholders": -39417000.0,
        "Net Income Common Stockholders": -39417000.0,
        "Net Income": -39417000.0,
        "Minority Interests": -2825000.0,
        "Net Income Including Noncontrolling Interests": -36592000.0,
        "Net Income Continuous Operations": -36592000.0,
        "Earnings From Equity Interest Net Of Tax": -3049000.0,
        "Tax Provision": 10452000.0,
        "Pretax Income": -23091000.0,
        "Other Income Expense": 1248000.0,
        "Other Non Operating Income Expenses": 2110000.0,
        "Special Income Charges": -862000.0,
        "Gain On Sale Of Business": 0.0,
        "Write Off": 862000.0,
        "Impairment Of Capital Assets": 0.0,
        "Net Non Operating Interest Income Expense": 20077000.0,
        "Interest Expense Non Operating": 0.0,
        "Interest Income Non Operating": 20077000.0,
        "Operating Income": -44416000.0,
        "Operating Expense": 185689000.0,
        "Other Operating Expenses": -986000.0,
        "Selling General And Administration": 186675000.0,
        "Selling And Marketing Expense": 74512000.0,
        "General And Administrative Expense": 112163000.0,
        "Other Gand A": 112163000.0,
        "Gross Profit": 141273000.0,
        "Cost Of Revenue": 127713000.0,
        "Total Revenue": 268986000.0,
        "Operating Revenue": 268986000.0
    },
    "2022-11-30": {
        "Tax Effect Of Unusual Items": -53750.0,
        "Tax Rate For Calcs": 0.25,
        "Normalized EBITDA": -48925000.0,
        "Total Unusual Items": -215000.0,
        "Total Unusual Items Excluding Goodwill": -215000.0,
        "Net Income From Continuing Operation Net Minority Interest": -51579000.0,
        "Reconciled Cost Of Revenue": 102955000.0,
        "EBITDA": -49140000.0,
        "EBIT": -49140000.0,
        "Net Interest Income": 15979000.0,
        "Interest Expense": 0.0,
        "Interest Income": 15979000.0,
        "Normalized Income": -51417750.0,
        "Net Income From Continuing And Discontinued Operation": -51579000.0,
        "Total Expenses": 265563000.0,
        "Total Operating Income As Reported": -32882000.0,
        "Diluted Average Shares": 634914647.0,
        "Basic Average Shares": 634914647.0,
        "Diluted EPS": -0.079992,
        "Basic EPS": -0.079992,
        "Diluted NI Availto Com Stockholders": -51579000.0,
        "Net Income Common Stockholders": -51579000.0,
        "Net Income": -51579000.0,
        "Minority Interests": 37000.0,
        "Net Income Including Noncontrolling Interests": -51616000.0,
        "Net Income Continuous Operations": -51616000.0,
        "Earnings From Equity Interest Net Of Tax": 280000.0,
        "Tax Provision": 2756000.0,
        "Pretax Income": -49140000.0,
        "Other Income Expense": -32237000.0,
        "Other Non Operating Income Expenses": -32022000.0,
        "Special Income Charges": -215000.0,
        "Gain On Sale Of Business": 0.0,
        "Write Off": 215000.0,
        "Impairment Of Capital Assets": 0.0,
        "Net Non Operating Interest Income Expense": 15979000.0,
        "Interest Expense Non Operating": 0.0,
        "Interest Income Non Operating": 15979000.0,
        "Operating Income": -32882000.0,
        "Operating Expense": 162608000.0,
        "Other Operating Expenses": -762000.0,
        "Selling General And Administration": 163370000.0,
        "Selling And Marketing Expense": 70398000.0,
        "General And Administrative Expense": 92972000.0,
        "Other Gand A": 92972000.0,
        "Gross Profit": 129726000.0,
        "Cost Of Revenue": 102955000.0,
        "Total Revenue": 232681000.0,
        "Operating Revenue": 232681000.0
    },
    "2022-08-31": {
        "Tax Effect Of Unusual Items": 1176000.0,
        "Tax Rate For Calcs": 0.4,
        "Normalized EBITDA": 1621000.0,
        "Total Unusual Items": 2940000.0,
        "Total Unusual Items Excluding Goodwill": 2940000.0,
        "Net Income From Continuing Operation Net Minority Interest": -787000.0,
        "Reconciled Cost Of Revenue": 117132000.0,
        "EBITDA": 4561000.0,
        "EBIT": 4561000.0,
        "Net Interest Income": 12445000.0,
        "Interest Expense": 0.0,
        "Interest Income": 12445000.0,
        "Normalized Income": -2551000.0,
        "Net Income From Continuing And Discontinued Operation": -787000.0,
        "Total Expenses": 279169000.0,
        "Total Operating Income As Reported": 14891000.0,
        "Diluted Average Shares": 634924317.0,
        "Basic Average Shares": 634924317.0,
        "Diluted EPS": -0.00124,
        "Basic EPS": -0.00124,
        "Diluted NI Availto Com Stockholders": -787000.0,
        "Net Income Common Stockholders": -787000.0,
        "Net Income": -787000.0,
        "Minority Interests": 71000.0,
        "Net Income Including Noncontrolling Interests": -858000.0,
        "Net Income Continuous Operations": -858000.0,
        "Earnings From Equity Interest Net Of Tax": -932000.0,
        "Tax Provision": 4487000.0,
        "Pretax Income": 4561000.0,
        "Other Income Expense": -22775000.0,
        "Other Non Operating Income Expenses": -25715000.0,
        "Special Income Charges": 2940000.0,
        "Gain On Sale Of Business": 9550000.0,
        "Write Off": 6610000.0,
        "Impairment Of Capital Assets": 0.0,
        "Net Non Operating Interest Income Expense": 12445000.0,
        "Interest Expense Non Operating": 0.0,
        "Interest Income Non Operating": 12445000.0,
        "Operating Income": 14891000.0,
        "Operating Expense": 162037000.0,
        "Other Operating Expenses": -13256000.0,
        "Selling General And Administration": 175293000.0,
        "Selling And Marketing Expense": 78087000.0,
        "General And Administrative Expense": 97206000.0,
        "Other Gand A": 97206000.0,
        "Gross Profit": 176928000.0,
        "Cost Of Revenue": 117132000.0,
        "Total Revenue": 294060000.0,
        "Operating Revenue": 294060000.0
    },
    "2022-05-31": {
        "Tax Effect Of Unusual Items": 0.0,
        "Tax Rate For Calcs": 0.4,
        "Normalized EBITDA": -42049000.0,
        "Total Unusual Items": 0.0,
        "Total Unusual Items Excluding Goodwill": 0.0,
        "Net Income From Continuing Operation Net Minority Interest": -43829000.0,
        "Reconciled Cost Of Revenue": 88558000.0,
        "EBIT": -42049000.0,
        "Net Interest Income": 13063000.0,
        "Interest Expense": 0.0,
        "Interest Income": 13063000.0,
        "Normalized Income": -43829000.0,
        "Net Income From Continuing And Discontinued Operation": -43829000.0,
        "Total Expenses": 252368000.0,
        "Total Operating Income As Reported": -28323000.0,
        "Diluted Average Shares": 645252334.0,
        "Basic Average Shares": 645252334.0,
        "Diluted EPS": -0.06666,
        "Basic EPS": -0.06666,
        "Diluted NI Availto Com Stockholders": -43829000.0,
        "Net Income Common Stockholders": -43829000.0,
        "Net Income": -43829000.0,
        "Minority Interests": -917000.0,
        "Net Income Including Noncontrolling Interests": -42912000.0,
        "Net Income Continuous Operations": -42912000.0,
        "Earnings From Equity Interest Net Of Tax": 1453000.0,
        "Tax Provision": 2316000.0,
        "Pretax Income": -42049000.0,
        "Other Income Expense": -26789000.0,
        "Other Non Operating Income Expenses": -26789000.0,
        "Special Income Charges": 0.0,
        "Gain On Sale Of Business": NaN,
        "Write Off": 0.0,
        "Impairment Of Capital Assets": 0.0,
        "Net Non Operating Interest Income Expense": 13063000.0,
        "Interest Expense Non Operating": 0.0,
        "Interest Income Non Operating": 13063000.0,
        "Operating Income": -28323000.0,
        "Operating Expense": 163810000.0,
        "Other Operating Expenses": -7679000.0,
        "Selling General And Administration": 171489000.0,
        "Selling And Marketing Expense": 60039000.0,
        "General And Administrative Expense": 111450000.0,
        "Other Gand A": 111450000.0,
        "Gross Profit": 135487000.0,
        "Cost Of Revenue": 88558000.0,
        "Total Revenue": 224045000.0,
        "Operating Revenue": 224045000.0
    },
    "2022-02-28": {
        "Diluted EPS": -0.16,
        "Total Revenue": 541,
        "Gross Profit": 343,
        "Operating Income": 1,
        "Net Income": -108
    },
    "2021-11-30": {
        "Diluted EPS": -0.15,
        "Total Revenue": NaN,
        "Gross Profit": 501,
        "Operating Income": -108,
        "Net Income": -99
    },
    "2021-08-31": {
        "Diluted EPS": -1.29,
        "Total Revenue": NaN,
        "Gross Profit": 571,
        "Operating Income": -380,
        "EBIT": -380,
        "Net Income": -827
    },
    "2021-05-31": {
        "Diluted EPS": -0.16,
        "Total Revenue": NaN,
        "Gross Profit": 772,
        "Operating Income": -127,
        "EBIT": -127,
        "Net Income": -102
    },
    "2021-02-28": {
        "Diluted EPS": -0.27,
        "Total Revenue": NaN,
        "Gross Profit": 781,
        "Operating Income": -297,
        "EBIT": -297,
        "Net Income": -169
    },
    "2020-11-30": {
        "Diluted EPS": -0.07,
        "Total Revenue": NaN,
        "Gross Profit": 604,
        "Operating Income": -127,
        "EBIT": -127,
        "Net Income": -44
    },
    "2020-08-31": {
        "Diluted EPS": 0.02,
        "Total Revenue": NaN,
        "Gross Profit": 581,
        "Operating Income": -49,
        "EBIT": -49,
        "Net Income": 15
    },
    "2020-05-31": {
        "Diluted EPS": 0.13,
        "Total Revenue": 911,
        "Gross Profit": 481,
        "Operating Income": 35,
        "EBIT": 35,
        "Net Income": 82
    },
    "2020-02-29": {
        "Diluted EPS": -0.15,
        "Total Revenue": 858,
        "Gross Profit": 452,
        "Operating Income": -41,
        "EBIT": -41,
        "Net Income": -90
    },
    "2019-11-30": {
        "Diluted EPS": 0.03,
        "Total Revenue": 829,
        "Gross Profit": 467,
        "Operating Income": 69,
        "EBIT": 69,
        "Net Income": 20
    },
    "2019-08-31": {
        "Diluted EPS": -0.04,
        "Total Revenue": 913,
        "Gross Profit": 509,
        "Operating Income": 61,
        "EBIT": 61,
        "Net Income": -24
    },
    "2019-05-31": {
        "Diluted EPS": -0.03,
        "Total Revenue": 673,
        "Gross Profit": 377,
        "Operating Income": 48,
        "EBIT": 48,
        "Net Income": -16
    },
    "2019-02-28": {
        "Diluted EPS": 0.16,
        "Total Revenue": 727,
        "Gross Profit": 420,
        "Operating Income": 115,
        "EBIT": 115,
        "Net Income": 100
    },
    "2018-11-30": {
        "Diluted EPS": 0.21,
        "Total Revenue": 586,
        "Gross Profit": 318,
        "Operating Income": 71,
        "EBIT": 71,
        "Net Income": 124
    },
    "2018-08-31": {
        "Diluted EPS": 0.13,
        "Total Revenue": 700,
        "Gross Profit": 370,
        "Operating Income": 81,
        "EBIT": 81,
        "Net Income": 77
    },
    "2018-05-31": {
        "Diluted EPS": 0.11,
        "Total Revenue": 551,
        "Gross Profit": 290,
        "Operating Income": 75,
        "EBIT": 75,
        "Net Income": 67
    },
    "2018-02-28": {
        "Diluted EPS": -0.09,
        "Total Revenue": 504,
        "Gross Profit": 257,
        "Operating Income": 67,
        "EBIT": 67,
        "Net Income": 70
    },
    "2017-11-30": {
        "Diluted EPS": 0.07,
        "Total Revenue": 433,
        "Gross Profit": 212,
        "Operating Income": 45,
        "EBIT": 45,
        "Net Income": 41
    },
    "2017-08-31": {
        "Diluted EPS": 0.31,
        "Total Revenue": 456,
        "Gross Profit": 211,
        "Operating Income": 68,
        "EBIT": 68,
        "Net Income": 59
    },
    "2017-05-31": {
        "Diluted EPS": 0.05,
        "Total Revenue": 322,
        "Gross Profit": 152,
        "Operating Income": 29,
        "EBIT": 29,
        "Net Income": 29
    },
    "2017-02-28": {
        "Diluted EPS": 0.06,
        "Total Revenue": 316,
        "Gross Profit": 158,
        "Operating Income": 43,
        "EBIT": 43,
        "Net Income": 34
    },
    "2016-11-30": {
        "Diluted EPS": 0.03,
        "Total Revenue": 261,
        "Gross Profit": 129,
        "Operating Income": 22,
        "EBIT": 22,
        "Net Income": 14
    },
    "2016-08-31": {
        "Diluted EPS": 0.1,
        "Total Revenue": 271,
        "Gross Profit": 139,
        "Operating Income": 52,
        "EBIT": 52,
        "Net Income": 56
    },
    "2016-05-31": {
        "Diluted EPS": 0.03,
        "Total Revenue": 195,
        "Gross Profit": 95,
        "Operating Income": 18,
        "EBIT": 18,
        "Net Income": 13
    },
    "2016-02-29": {
        "Diluted EPS": 0.02,
        "Total Revenue": 175,
        "Gross Profit": 86,
        "Operating Income": 17,
        "EBIT": 36,
        "Net Income": 11
    },
    "2015-11-30": {
        "Diluted EPS": 0.02,
        "Total Revenue": 142,
        "Gross Profit": 69,
        "Operating Income": 10,
        "EBIT": 10,
        "Net Income": 10
    },
    "2015-08-31": {
        "Diluted EPS": 0.12,
        "Total Revenue": 173,
        "Gross Profit": 93,
        "Operating Income": 39,
        "EBIT": 39,
        "Net Income": 63
    },
    "2015-05-31": {
        "Diluted EPS": 0.04,
        "Total Revenue": 129,
        "Gross Profit": 68,
        "Operating Income": 20,
        "EBIT": 20,
        "Net Income": 19
    },
    "2015-02-28": {
        "Diluted EPS": 0.03,
        "Total Revenue": 123,
        "Gross Profit": 64,
        "Operating Income": 15,
        "EBIT": 15,
        "Net Income": 14
    },
    "2014-11-30": {
        "Diluted EPS": 0.02,
        "Total Revenue": 99,
        "Gross Profit": 50,
        "Operating Income": 8,
        "EBIT": 8,
        "Net Income": 11
    },
    "2014-08-31": {
        "Diluted EPS": 0.06,
        "Total Revenue": 122,
        "Gross Profit": 69,
        "Operating Income": 30,
        "EBIT": 30,
        "Net Income": 29
    },
    "2014-05-31": {
        "Diluted EPS": 0.03,
        "Total Revenue": 89,
        "Gross Profit": 47,
        "Operating Income": 14,
        "EBIT": 14,
        "Net Income": 13
    },
    "2014-02-28": {
        "Diluted EPS": 0.04,
        "Total Revenue": 87,
        "Gross Profit": 46,
        "Operating Income": 15,
        "EBIT": 15,
        "Net Income": 17
    },
    "2013-11-30": {
        "Diluted EPS": 0.03,
        "Total Revenue": 74,
        "Gross Profit": 38,
        "Operating Income": 11,
        "EBIT": 11,
        "Net Income": 13
    },
    "2013-08-31": {
        "Diluted EPS": 0.05,
        "Total Revenue": 92,
        "Gross Profit": 49,
        "Operating Income": 24,
        "EBIT": 24,
        "Net Income": 23
    },
    "2013-05-31": {
        "Diluted EPS": 0.02,
        "Total Revenue": 61,
        "Gross Profit": 29,
        "Operating Income": 7,
        "EBIT": 7,
        "Net Income": 8
    },
    "2013-02-28": {
        "Diluted EPS": 0.02,
        "Total Revenue": 60,
        "Gross Profit": 28,
        "Operating Income": 6,
        "EBIT": 6,
        "Net Income": 7
    },
    "2012-11-30": {
        "Diluted EPS": 0.01,
        "Total Revenue": 49,
        "Gross Profit": 22,
        "Operating Income": 3,
        "EBIT": 3,
        "Net Income": 6
    },
    "2012-08-31": {
        "Diluted EPS": 0.04,
        "Total Revenue": 68,
        "Gross Profit": 36,
        "Operating Income": 17,
        "EBIT": 17,
        "Net Income": 16
    },
    "2012-05-31": {
        "Diluted EPS": 0.01,
        "Total Revenue": 49,
        "Gross Profit": 24,
        "Operating Income": 6,
        "EBIT": 6,
        "Net Income": 5
    },
    "2012-02-29": {
        "Diluted EPS": 0.02,
        "Total Revenue": 52,
        "Gross Profit": 24,
        "Operating Income": 6,
        "EBIT": 6,
        "Net Income": 8
    },
    "2011-11-30": {
        "Diluted EPS": 0.0,
        "Total Revenue": 41,
        "Gross Profit": 17,
        "Operating Income": 1,
        "EBIT": 1,
        "Net Income": 1
    },
    "2011-08-31": {
        "Diluted EPS": 0.03,
        "Total Revenue": 32,
        "Gross Profit": 7,
        "Operating Income": -9,
        "EBIT": -9,
        "Net Income": 11
    },
    "2011-05-31": {
        "Diluted EPS": 0.01,
        "Total Revenue": 33,
        "Gross Profit": 15,
        "Operating Income": 3,
        "EBIT": 3,
        "Net Income": 5
    },
    "2011-02-28": {
        "Diluted EPS": 0.02,
        "Total Revenue": 34,
        "Gross Profit": 34,
        "Operating Income": 34,
        "EBIT": 34,
        "Net Income": 8
    },
    "2010-11-30": {
        "Diluted EPS": 0.01,
        "Total Revenue": 24,
        "Gross Profit": 10,
        "Operating Income": 2,
        "EBIT": 2,
        "Net Income": 2
    },
    "2010-08-31": {
        "Diluted EPS": 0.03,
        "Total Revenue": 32,
        "Gross Profit": 32,
        "Operating Income": 32,
        "EBIT": 32,
        "Net Income": 11
    },
    "2010-05-31": {
        "Diluted EPS": 0.01,
        "Total Revenue": 20,
        "Gross Profit": 20,
        "Operating Income": 20,
        "EBIT": 20,
        "Net Income": 3
    },
    "2009-11-30": {
        "Diluted EPS": 0.01,
        "Total Revenue": 16,
        "Gross Profit": 16,
        "Operating Income": 16,
        "EBIT": 16,
        "Net Income": 2
    },
    "2023-08-31": {
        "Tax Effect Of Unusual Items": -7690250.0,
        "Tax Rate For Calcs": 0.25,
        "Normalized EBITDA": 62551000.0,
        "Total Unusual Items": -30761000.0,
        "Total Unusual Items Excluding Goodwill": -30761000.0,
        "Net Income From Continuing Operation Net Minority Interest": 37902000.0,
        "Reconciled Cost Of Revenue": 169382000.0,
        "EBITDA": 31790000.0,
        "EBIT": 31790000.0,
        "Net Interest Income": 20976000.0,
        "Interest Expense": NaN,
        "Interest Income": 20976000.0,
        "Normalized Income": 60972750.0,
        "Net Income From Continuing And Discontinued Operation": 37902000.0,
        "Total Expenses": 380141000.0,
        "Total Operating Income As Reported": 31790000.0,
        "Diluted Average Shares": 611638740.0,
        "Basic Average Shares": 601756325.0,
        "Diluted EPS": 0.063327,
        "Basic EPS": 0.063327,
        "Diluted NI Availto Com Stockholders": 37902000.0,
        "Net Income Common Stockholders": 37902000.0,
        "Net Income": 37902000.0,
        "Minority Interests": 68000.0,
        "Net Income Including Noncontrolling Interests": 37834000.0,
        "Net Income Continuous Operations": 37834000.0,
        "Earnings From Equity Interest Net Of Tax": 779000.0,
        "Tax Provision": -10018000.0,
        "Pretax Income": 27037000.0,
        "Other Income Expense": -25729000.0,
        "Other Non Operating Income Expenses": 5032000.0,
        "Special Income Charges": -30761000.0,
        "Gain On Sale Of Business": 0.0,
        "Write Off": 30761000.0,
        "Impairment Of Capital Assets": NaN,
        "Net Non Operating Interest Income Expense": 20976000.0,
        "Interest Expense Non Operating": NaN,
        "Interest Income Non Operating": 20976000.0,
        "Operating Income": 31790000.0,
        "Operating Expense": 210759000.0,
        "Other Operating Expenses": -2615000.0,
        "Selling General And Administration": 213374000.0,
        "Selling And Marketing Expense": 116268000.0,
        "General And Administrative Expense": 97106000.0,
        "Other Gand A": 97106000.0,
        "Gross Profit": 242549000.0,
        "Cost Of Revenue": 169382000.0,
        "Total Revenue": 411931000.0,
        "Operating Revenue": 411931000.0
    }
}