{
    "2023-06-30": {
        "Tax Effect Of Unusual Items": NaN,
        "Tax Rate For Calcs": NaN,
        "Normalized EBITDA": NaN,
        "Net Income From Continuing Operation Net Minority Interest": NaN,
        "Reconciled Depreciation": NaN,
        "Reconciled Cost Of Revenue": NaN,
        "EBITDA": NaN,
        "EBIT": NaN,
        "Net Interest Income": NaN,
        "Interest Income": 1712000.0,
        "Normalized Income": NaN,
        "Net Income From Continuing And Discontinued Operation": NaN,
        "Total Expenses": NaN,
        "Total Operating Income As Reported": NaN,
        "Diluted Average Shares": NaN,
        "Basic Average Shares": NaN,
        "Diluted EPS": NaN,
        "Basic EPS": NaN,
        "Diluted NI Availto Com Stockholders": NaN,
        "Net Income Common Stockholders": NaN,
        "Net Income": NaN,
        "Net Income Including Noncontrolling Interests": NaN,
        "Net Income Continuous Operations": NaN,
        "Tax Provision": NaN,
        "Pretax Income": NaN,
        "Net Non Operating Interest Income Expense": NaN,
        "Total Other Finance Cost": -1712000.0,
        "Interest Income Non Operating": 1712000.0,
        "Operating Income": NaN,
        "Operating Expense": NaN,
        "Other Operating Expenses": NaN,
        "Research And Development": NaN,
        "Selling General And Administration": NaN,
        "Selling And Marketing Expense": NaN,
        "General And Administrative Expense": NaN,
        "Other Gand A": NaN,
        "Gross Profit": NaN,
        "Cost Of Revenue": NaN,
        "Total Revenue": NaN,
        "Operating Revenue": NaN
    },
    "2023-03-31": {
        "Tax Effect Of Unusual Items": NaN,
        "Tax Rate For Calcs": NaN,
        "Normalized EBITDA": NaN,
        "Net Income From Continuing Operation Net Minority Interest": NaN,
        "Reconciled Depreciation": NaN,
        "Reconciled Cost Of Revenue": NaN,
        "EBITDA": NaN,
        "EBIT": NaN,
        "Net Interest Income": NaN,
        "Interest Income": 424000.0,
        "Normalized Income": NaN,
        "Net Income From Continuing And Discontinued Operation": NaN,
        "Total Expenses": NaN,
        "Total Operating Income As Reported": NaN,
        "Diluted Average Shares": NaN,
        "Basic Average Shares": NaN,
        "Diluted EPS": NaN,
        "Basic EPS": NaN,
        "Diluted NI Availto Com Stockholders": NaN,
        "Net Income Common Stockholders": NaN,
        "Net Income": NaN,
        "Net Income Including Noncontrolling Interests": NaN,
        "Net Income Continuous Operations": NaN,
        "Tax Provision": NaN,
        "Pretax Income": NaN,
        "Net Non Operating Interest Income Expense": NaN,
        "Total Other Finance Cost": -424000.0,
        "Interest Income Non Operating": 424000.0,
        "Operating Income": NaN,
        "Operating Expense": NaN,
        "Other Operating Expenses": NaN,
        "Research And Development": NaN,
        "Selling General And Administration": NaN,
        "Selling And Marketing Expense": NaN,
        "General And Administrative Expense": NaN,
        "Other Gand A": NaN,
        "Gross Profit": NaN,
        "Cost Of Revenue": NaN,
        "Total Revenue": NaN,
        "Operating Revenue": NaN
    },
    "2022-12-31": {
        "Tax Effect Of Unusual Items": NaN,
        "Tax Rate For Calcs": NaN,
        "Normalized EBITDA": NaN,
        "Net Income From Continuing Operation Net Minority Interest": NaN,
        "Reconciled Depreciation": NaN,
        "Reconciled Cost Of Revenue": NaN,
        "EBITDA": NaN,
        "EBIT": NaN,
        "Net Interest Income": NaN,
        "Interest Income": NaN,
        "Normalized Income": NaN,
        "Net Income From Continuing And Discontinued Operation": NaN,
        "Total Expenses": NaN,
        "Total Operating Income As Reported": NaN,
        "Diluted Average Shares": NaN,
        "Basic Average Shares": NaN,
        "Diluted EPS": NaN,
        "Basic EPS": NaN,
        "Diluted NI Availto Com Stockholders": NaN,
        "Net Income Common Stockholders": NaN,
        "Net Income": NaN,
        "Net Income Including Noncontrolling Interests": NaN,
        "Net Income Continuous Operations": NaN,
        "Tax Provision": NaN,
        "Pretax Income": NaN,
        "Net Non Operating Interest Income Expense": NaN,
        "Total Other Finance Cost": -2851000.0,
        "Interest Income Non Operating": NaN,
        "Operating Income": NaN,
        "Operating Expense": NaN,
        "Other Operating Expenses": NaN,
        "Research And Development": NaN,
        "Selling General And Administration": NaN,
        "Selling And Marketing Expense": NaN,
        "General And Administrative Expense": NaN,
        "Other Gand A": NaN,
        "Gross Profit": NaN,
        "Cost Of Revenue": NaN,
        "Total Revenue": NaN,
        "Operating Revenue": NaN
    },
    "2022-09-30": {
        "Tax Effect Of Unusual Items": NaN,
        "Tax Rate For Calcs": NaN,
        "Normalized EBITDA": NaN,
        "Net Income From Continuing Operation Net Minority Interest": NaN,
        "Reconciled Depreciation": NaN,
        "Reconciled Cost Of Revenue": NaN,
        "EBITDA": NaN,
        "EBIT": NaN,
        "Net Interest Income": NaN,
        "Interest Income": 1885000.0,
        "Normalized Income": NaN,
        "Net Income From Continuing And Discontinued Operation": NaN,
        "Total Expenses": NaN,
        "Total Operating Income As Reported": NaN,
        "Diluted Average Shares": NaN,
        "Basic Average Shares": NaN,
        "Diluted EPS": NaN,
        "Basic EPS": NaN,
        "Diluted NI Availto Com Stockholders": NaN,
        "Net Income Common Stockholders": NaN,
        "Net Income": NaN,
        "Net Income Including Noncontrolling Interests": NaN,
        "Net Income Continuous Operations": NaN,
        "Tax Provision": NaN,
        "Pretax Income": NaN,
        "Net Non Operating Interest Income Expense": NaN,
        "Total Other Finance Cost": -1885000.0,
        "Interest Income Non Operating": 1885000.0,
        "Operating Income": NaN,
        "Operating Expense": NaN,
        "Other Operating Expenses": NaN,
        "Research And Development": NaN,
        "Selling General And Administration": NaN,
        "Selling And Marketing Expense": NaN,
        "General And Administrative Expense": NaN,
        "Other Gand A": NaN,
        "Gross Profit": NaN,
        "Cost Of Revenue": NaN,
        "Total Revenue": NaN,
        "Operating Revenue": NaN
    },
    "2022-06-30": {
        "Tax Effect Of Unusual Items": 0.0,
        "Tax Rate For Calcs": 0.4,
        "Normalized EBITDA": -20800000.0,
        "Total Unusual Items": NaN,
        "Total Unusual Items Excluding Goodwill": NaN,
        "Net Income From Continuing Operation Net Minority Interest": -23022000.0,
        "Reconciled Depreciation": 268000.0,
        "Reconciled Cost Of Revenue": 15297000.0,
        "EBITDA": -20800000.0,
        "EBIT": -21068000.0,
        "Net Interest Income": -1865000.0,
        "Interest Expense": 1865000.0,
        "Interest Income": NaN,
        "Normalized Income": -23022000.0,
        "Net Income From Continuing And Discontinued Operation": -23022000.0,
        "Total Expenses": 50912000.0,
        "Total Operating Income As Reported": -21068000.0,
        "Diluted Average Shares": 155709901.0,
        "Basic Average Shares": 155709901.0,
        "Diluted EPS": -0.15,
        "Basic EPS": -0.15,
        "Diluted NI Availto Com Stockholders": -23022000.0,
        "Net Income Common Stockholders": -23022000.0,
        "Net Income": -23022000.0,
        "Net Income Including Noncontrolling Interests": -23022000.0,
        "Net Income Continuous Operations": -23022000.0,
        "Tax Provision": 89000.0,
        "Pretax Income": -22933000.0,
        "Other Income Expense": NaN,
        "Special Income Charges": NaN,
        "Impairment Of Capital Assets": NaN,
        "Net Non Operating Interest Income Expense": -1865000.0,
        "Total Other Finance Cost": NaN,
        "Interest Expense Non Operating": 1865000.0,
        "Interest Income Non Operating": NaN,
        "Operating Income": -21068000.0,
        "Operating Expense": 35615000.0,
        "Other Operating Expenses": 2316000.0,
        "Research And Development": 5576000.0,
        "Selling General And Administration": 27723000.0,
        "Selling And Marketing Expense": 18931000.0,
        "General And Administrative Expense": 8792000.0,
        "Other Gand A": 8792000.0,
        "Gross Profit": 14547000.0,
        "Cost Of Revenue": 15297000.0,
        "Total Revenue": 29844000.0,
        "Operating Revenue": 29844000.0
    },
    "2022-03-31": {
        "Diluted EPS": -0.13,
        "Total Revenue": 30,
        "Gross Profit": 15,
        "Operating Income": -21,
        "EBIT": -21,
        "Net Income": -20
    },
    "2021-12-31": {
        "Diluted EPS": 1.35,
        "Total Revenue": 29,
        "Gross Profit": 16,
        "Operating Income": -29,
        "EBIT": -28,
        "Net Income": -21
    },
    "2021-09-30": {
        "Diluted EPS": 0.01,
        "Total Revenue": 26,
        "Gross Profit": 14,
        "Operating Income": -25,
        "EBIT": -25,
        "Net Income": 2
    },
    "2021-06-30": {
        "Diluted EPS": -1.15,
        "Total Revenue": 31,
        "Gross Profit": 19,
        "Operating Income": -28,
        "EBIT": -27,
        "Net Income": -30
    },
    "2021-03-31": {
        "Diluted EPS": -0.93,
        "Total Revenue": 27,
        "Gross Profit": 17,
        "Operating Income": -13,
        "EBIT": -12,
        "Net Income": -13
    },
    "2020-12-31": {
        "Diluted EPS": -1.42,
        "Total Revenue": 37,
        "Gross Profit": 22,
        "Operating Income": -19,
        "EBIT": -19,
        "Net Income": -19
    },
    "2020-09-30": {
        "Diluted EPS": -0.2,
        "Total Revenue": 22,
        "Gross Profit": 15,
        "Operating Income": -2,
        "EBIT": -2,
        "Net Income": -3
    },
    "2020-06-30": {
        "Diluted EPS": -0.05,
        "Total Revenue": 18,
        "Gross Profit": 12,
        "Operating Income": -1,
        "EBIT": -1,
        "Net Income": -1
    },
    "2020-03-31": {
        "Diluted EPS": 0.0,
        "Total Revenue": NaN,
        "Gross Profit": NaN,
        "Operating Income": 0,
        "EBIT": 0,
        "Net Income": 0
    },
    "2019-12-31": {
        "Diluted EPS": 0.0,
        "Total Revenue": NaN,
        "Gross Profit": NaN,
        "Operating Income": NaN,
        "EBIT": NaN,
        "Net Income": NaN
    },
    "2019-09-30": {
        "Diluted EPS": -0.01,
        "Total Revenue": NaN,
        "Gross Profit": NaN,
        "Operating Income": 0,
        "EBIT": 0,
        "Net Income": 0
    },
    "2019-06-30": {
        "Diluted EPS": 0.0,
        "Total Revenue": NaN,
        "Gross Profit": NaN,
        "Operating Income": 0,
        "EBIT": 0,
        "Net Income": 0
    },
    "2023-09-30": {
        "Tax Effect Of Unusual Items": 0.0,
        "Tax Rate For Calcs": 0.21,
        "Normalized EBITDA": -4874000.0,
        "Net Income From Continuing Operation Net Minority Interest": -4414000.0,
        "Reconciled Depreciation": 305000.0,
        "Reconciled Cost Of Revenue": 19797000.0,
        "EBITDA": -4874000.0,
        "EBIT": -5179000.0,
        "Net Interest Income": 779000.0,
        "Interest Income": 779000.0,
        "Normalized Income": -4414000.0,
        "Net Income From Continuing And Discontinued Operation": -4414000.0,
        "Total Expenses": 43825000.0,
        "Total Operating Income As Reported": -5179000.0,
        "Diluted Average Shares": 166570673.0,
        "Basic Average Shares": 166570673.0,
        "Diluted EPS": -0.03,
        "Basic EPS": -0.03,
        "Diluted NI Availto Com Stockholders": -4414000.0,
        "Net Income Common Stockholders": -4414000.0,
        "Net Income": -4414000.0,
        "Net Income Including Noncontrolling Interests": -4414000.0,
        "Net Income Continuous Operations": -4414000.0,
        "Tax Provision": 14000.0,
        "Pretax Income": -4400000.0,
        "Net Non Operating Interest Income Expense": 779000.0,
        "Total Other Finance Cost": NaN,
        "Interest Income Non Operating": 779000.0,
        "Operating Income": -5179000.0,
        "Operating Expense": 24028000.0,
        "Other Operating Expenses": 1405000.0,
        "Research And Development": 4180000.0,
        "Selling General And Administration": 18443000.0,
        "Selling And Marketing Expense": 13184000.0,
        "General And Administrative Expense": 5259000.0,
        "Other Gand A": 5259000.0,
        "Gross Profit": 18849000.0,
        "Cost Of Revenue": 19797000.0,
        "Total Revenue": 38646000.0,
        "Operating Revenue": 38646000.0
    },
    "2023-12-31": {
        "Tax Effect Of Unusual Items": 0.0,
        "Tax Rate For Calcs": 0.21,
        "Normalized EBITDA": -2300000.0,
        "Net Income From Continuing Operation Net Minority Interest": -1306000.0,
        "Reconciled Depreciation": 283000.0,
        "Reconciled Cost Of Revenue": 21447000.0,
        "EBITDA": -2300000.0,
        "EBIT": -2583000.0,
        "Net Interest Income": 1330000.0,
        "Interest Income": NaN,
        "Normalized Income": -1306000.0,
        "Net Income From Continuing And Discontinued Operation": -1306000.0,
        "Total Expenses": 45001000.0,
        "Total Operating Income As Reported": -2583000.0,
        "Diluted Average Shares": 167485398.0,
        "Basic Average Shares": 167485398.0,
        "Diluted EPS": -0.01,
        "Basic EPS": -0.01,
        "Diluted NI Availto Com Stockholders": -1306000.0,
        "Net Income Common Stockholders": -1306000.0,
        "Net Income": -1306000.0,
        "Net Income Including Noncontrolling Interests": -1306000.0,
        "Net Income Continuous Operations": -1306000.0,
        "Tax Provision": 53000.0,
        "Pretax Income": -1253000.0,
        "Net Non Operating Interest Income Expense": 1330000.0,
        "Total Other Finance Cost": NaN,
        "Interest Income Non Operating": NaN,
        "Operating Income": -2583000.0,
        "Operating Expense": 23554000.0,
        "Other Operating Expenses": 1478000.0,
        "Research And Development": 3867000.0,
        "Selling General And Administration": 18209000.0,
        "Selling And Marketing Expense": 12846000.0,
        "General And Administrative Expense": 5363000.0,
        "Other Gand A": 5363000.0,
        "Gross Profit": 20971000.0,
        "Cost Of Revenue": 21447000.0,
        "Total Revenue": 42418000.0,
        "Operating Revenue": 42418000.0
    },
    "2024-03-31": {
        "Tax Effect Of Unusual Items": 0.0,
        "Tax Rate For Calcs": 0.21,
        "Normalized EBITDA": -1478000.0,
        "Net Income From Continuing Operation Net Minority Interest": -1466000.0,
        "Reconciled Depreciation": 201000.0,
        "Reconciled Cost Of Revenue": 23685000.0,
        "EBITDA": -1478000.0,
        "EBIT": -1679000.0,
        "Net Interest Income": 378000.0,
        "Interest Income": NaN,
        "Normalized Income": -1466000.0,
        "Net Income From Continuing And Discontinued Operation": -1466000.0,
        "Total Expenses": 47095000.0,
        "Total Operating Income As Reported": -1679000.0,
        "Diluted Average Shares": 168846946.0,
        "Basic Average Shares": 168846946.0,
        "Diluted EPS": -0.01,
        "Basic EPS": -0.01,
        "Diluted NI Availto Com Stockholders": -1466000.0,
        "Net Income Common Stockholders": -1466000.0,
        "Net Income": -1466000.0,
        "Net Income Including Noncontrolling Interests": -1466000.0,
        "Net Income Continuous Operations": -1466000.0,
        "Tax Provision": 165000.0,
        "Pretax Income": -1301000.0,
        "Net Non Operating Interest Income Expense": 378000.0,
        "Total Other Finance Cost": -378000.0,
        "Interest Income Non Operating": NaN,
        "Operating Income": -1679000.0,
        "Operating Expense": 23410000.0,
        "Other Operating Expenses": 1464000.0,
        "Research And Development": 3739000.0,
        "Selling General And Administration": 18207000.0,
        "Selling And Marketing Expense": 13009000.0,
        "General And Administrative Expense": 5198000.0,
        "Other Gand A": 5198000.0,
        "Gross Profit": 21731000.0,
        "Cost Of Revenue": 23685000.0,
        "Total Revenue": 45416000.0,
        "Operating Revenue": 45416000.0
    },
    "2024-06-30": {
        "Tax Effect Of Unusual Items": 0.0,
        "Tax Rate For Calcs": 0.21,
        "Normalized EBITDA": -3266000.0,
        "Net Income From Continuing Operation Net Minority Interest": -474000.0,
        "Reconciled Depreciation": 220000.0,
        "Reconciled Cost Of Revenue": 25107000.0,
        "EBITDA": -3266000.0,
        "EBIT": -3486000.0,
        "Net Interest Income": 3044000.0,
        "Interest Income": 3044000.0,
        "Normalized Income": -474000.0,
        "Net Income From Continuing And Discontinued Operation": -474000.0,
        "Total Expenses": 49544000.0,
        "Total Operating Income As Reported": -3486000.0,
        "Diluted Average Shares": 169148522.0,
        "Basic Average Shares": 169148522.0,
        "Diluted EPS": -0.002802,
        "Basic EPS": -0.002802,
        "Diluted NI Availto Com Stockholders": -474000.0,
        "Net Income Common Stockholders": -474000.0,
        "Net Income": -474000.0,
        "Net Income Including Noncontrolling Interests": -474000.0,
        "Net Income Continuous Operations": -474000.0,
        "Tax Provision": 32000.0,
        "Pretax Income": -442000.0,
        "Net Non Operating Interest Income Expense": 3044000.0,
        "Total Other Finance Cost": NaN,
        "Interest Income Non Operating": 3044000.0,
        "Operating Income": -3486000.0,
        "Operating Expense": 24437000.0,
        "Other Operating Expenses": 1661000.0,
        "Research And Development": 2163000.0,
        "Selling General And Administration": 20613000.0,
        "Selling And Marketing Expense": 13269000.0,
        "General And Administrative Expense": 7344000.0,
        "Other Gand A": 7344000.0,
        "Gross Profit": 20951000.0,
        "Cost Of Revenue": 25107000.0,
        "Total Revenue": 46058000.0,
        "Operating Revenue": 46058000.0
    },
    "2024-09-30": {
        "Tax Effect Of Unusual Items": 0.0,
        "Tax Rate For Calcs": 0.21,
        "Normalized EBITDA": 330000.0,
        "Net Income From Continuing Operation Net Minority Interest": 1874000.0,
        "Reconciled Depreciation": 231000.0,
        "Reconciled Cost Of Revenue": 25778000.0,
        "EBITDA": 330000.0,
        "EBIT": 99000.0,
        "Net Interest Income": 1701000.0,
        "Interest Income": 1701000.0,
        "Normalized Income": 1874000.0,
        "Net Income From Continuing And Discontinued Operation": 1874000.0,
        "Total Expenses": 47300000.0,
        "Total Operating Income As Reported": 99000.0,
        "Diluted Average Shares": 173753763.0,
        "Basic Average Shares": 168426349.0,
        "Diluted EPS": 0.01,
        "Basic EPS": 0.01,
        "Diluted NI Availto Com Stockholders": 1874000.0,
        "Net Income Common Stockholders": 1874000.0,
        "Net Income": 1874000.0,
        "Net Income Including Noncontrolling Interests": 1874000.0,
        "Net Income Continuous Operations": 1874000.0,
        "Tax Provision": -74000.0,
        "Pretax Income": 1800000.0,
        "Net Non Operating Interest Income Expense": 1701000.0,
        "Total Other Finance Cost": NaN,
        "Interest Income Non Operating": 1701000.0,
        "Operating Income": 99000.0,
        "Operating Expense": 21522000.0,
        "Other Operating Expenses": 1677000.0,
        "Research And Development": 2352000.0,
        "Selling General And Administration": 17493000.0,
        "Selling And Marketing Expense": 12337000.0,
        "General And Administrative Expense": 5156000.0,
        "Other Gand A": 5156000.0,
        "Gross Profit": 21621000.0,
        "Cost Of Revenue": 25778000.0,
        "Total Revenue": 47399000.0,
        "Operating Revenue": 47399000.0
    }
}