{
    "2023-03-31": {
        "Tax Effect Of Unusual Items": NaN,
        "Tax Rate For Calcs": NaN,
        "Normalized EBITDA": NaN,
        "Total Unusual Items": NaN,
        "Total Unusual Items Excluding Goodwill": NaN,
        "Net Income From Continuing Operation Net Minority Interest": NaN,
        "Reconciled Depreciation": NaN,
        "Reconciled Cost Of Revenue": NaN,
        "EBITDA": NaN,
        "EBIT": NaN,
        "Net Interest Income": NaN,
        "Interest Expense": NaN,
        "Normalized Income": NaN,
        "Net Income From Continuing And Discontinued Operation": NaN,
        "Total Expenses": NaN,
        "Rent Expense Supplemental": 81362000.0,
        "Total Operating Income As Reported": NaN,
        "Diluted Average Shares": 106950000.0,
        "Basic Average Shares": 105634000.0,
        "Diluted EPS": 0.84,
        "Basic EPS": 0.85,
        "Diluted NI Availto Com Stockholders": NaN,
        "Net Income Common Stockholders": NaN,
        "Net Income": NaN,
        "Net Income Including Noncontrolling Interests": NaN,
        "Net Income Continuous Operations": NaN,
        "Tax Provision": NaN,
        "Pretax Income": NaN,
        "Other Income Expense": NaN,
        "Other Non Operating Income Expenses": NaN,
        "Earnings From Equity Interest": NaN,
        "Gain On Sale Of Security": NaN,
        "Net Non Operating Interest Income Expense": NaN,
        "Interest Expense Non Operating": NaN,
        "Operating Income": NaN,
        "Operating Expense": NaN,
        "Other Operating Expenses": NaN,
        "Selling General And Administration": NaN,
        "General And Administrative Expense": NaN,
        "Other Gand A": NaN,
        "Rent And Landing Fees": 81362000.0,
        "Gross Profit": NaN,
        "Cost Of Revenue": NaN,
        "Total Revenue": NaN,
        "Operating Revenue": NaN
    },
    "2022-12-31": {
        "Tax Effect Of Unusual Items": NaN,
        "Tax Rate For Calcs": NaN,
        "Normalized EBITDA": NaN,
        "Total Unusual Items": NaN,
        "Total Unusual Items Excluding Goodwill": NaN,
        "Net Income From Continuing Operation Net Minority Interest": NaN,
        "Reconciled Depreciation": NaN,
        "Reconciled Cost Of Revenue": NaN,
        "EBITDA": NaN,
        "EBIT": NaN,
        "Net Interest Income": NaN,
        "Interest Expense": NaN,
        "Normalized Income": NaN,
        "Net Income From Continuing And Discontinued Operation": NaN,
        "Total Expenses": NaN,
        "Rent Expense Supplemental": NaN,
        "Total Operating Income As Reported": NaN,
        "Diluted Average Shares": 84417000.0,
        "Basic Average Shares": 82597000.0,
        "Diluted EPS": 0.03,
        "Basic EPS": 0.03,
        "Diluted NI Availto Com Stockholders": NaN,
        "Net Income Common Stockholders": NaN,
        "Net Income": NaN,
        "Net Income Including Noncontrolling Interests": NaN,
        "Net Income Continuous Operations": NaN,
        "Tax Provision": NaN,
        "Pretax Income": NaN,
        "Other Income Expense": NaN,
        "Other Non Operating Income Expenses": NaN,
        "Earnings From Equity Interest": NaN,
        "Gain On Sale Of Security": NaN,
        "Net Non Operating Interest Income Expense": NaN,
        "Interest Expense Non Operating": NaN,
        "Operating Income": NaN,
        "Operating Expense": NaN,
        "Other Operating Expenses": NaN,
        "Selling General And Administration": NaN,
        "General And Administrative Expense": NaN,
        "Other Gand A": NaN,
        "Rent And Landing Fees": NaN,
        "Gross Profit": NaN,
        "Cost Of Revenue": NaN,
        "Total Revenue": NaN,
        "Operating Revenue": NaN
    },
    "2022-09-30": {
        "Tax Effect Of Unusual Items": NaN,
        "Tax Rate For Calcs": NaN,
        "Normalized EBITDA": NaN,
        "Total Unusual Items": NaN,
        "Total Unusual Items Excluding Goodwill": NaN,
        "Net Income From Continuing Operation Net Minority Interest": NaN,
        "Reconciled Depreciation": NaN,
        "Reconciled Cost Of Revenue": NaN,
        "EBITDA": NaN,
        "EBIT": NaN,
        "Net Interest Income": NaN,
        "Interest Expense": NaN,
        "Normalized Income": NaN,
        "Net Income From Continuing And Discontinued Operation": NaN,
        "Total Expenses": NaN,
        "Rent Expense Supplemental": 81760000.0,
        "Total Operating Income As Reported": NaN,
        "Diluted Average Shares": NaN,
        "Basic Average Shares": NaN,
        "Diluted EPS": NaN,
        "Basic EPS": NaN,
        "Diluted NI Availto Com Stockholders": NaN,
        "Net Income Common Stockholders": NaN,
        "Net Income": NaN,
        "Net Income Including Noncontrolling Interests": NaN,
        "Net Income Continuous Operations": NaN,
        "Tax Provision": NaN,
        "Pretax Income": NaN,
        "Other Income Expense": NaN,
        "Other Non Operating Income Expenses": NaN,
        "Earnings From Equity Interest": NaN,
        "Gain On Sale Of Security": NaN,
        "Net Non Operating Interest Income Expense": NaN,
        "Interest Expense Non Operating": NaN,
        "Operating Income": NaN,
        "Operating Expense": NaN,
        "Other Operating Expenses": NaN,
        "Selling General And Administration": NaN,
        "General And Administrative Expense": NaN,
        "Other Gand A": NaN,
        "Rent And Landing Fees": 81760000.0,
        "Gross Profit": NaN,
        "Cost Of Revenue": NaN,
        "Total Revenue": NaN,
        "Operating Revenue": NaN
    },
    "2022-06-30": {
        "Tax Effect Of Unusual Items": -844979.762121,
        "Tax Rate For Calcs": 0.013183,
        "Normalized EBITDA": 292618000.0,
        "Total Unusual Items": -64094000.0,
        "Total Unusual Items Excluding Goodwill": -64094000.0,
        "Net Income From Continuing Operation Net Minority Interest": 195141000.0,
        "Reconciled Depreciation": 119355000.0,
        "Reconciled Cost Of Revenue": 192957000.0,
        "EBITDA": 228524000.0,
        "EBIT": 228524000.0,
        "Net Interest Income": -30776000.0,
        "Interest Expense": 30776000.0,
        "Normalized Income": 258390020.237879,
        "Net Income From Continuing And Discontinued Operation": 195141000.0,
        "Total Expenses": 243098000.0,
        "Rent Expense Supplemental": NaN,
        "Total Operating Income As Reported": 275987000.0,
        "Diluted Average Shares": 83665000.0,
        "Basic Average Shares": 82566000.0,
        "Diluted EPS": 2.33,
        "Basic EPS": 2.36,
        "Diluted NI Availto Com Stockholders": 195141000.0,
        "Net Income Common Stockholders": 195141000.0,
        "Net Income": 195141000.0,
        "Net Income Including Noncontrolling Interests": 195141000.0,
        "Net Income Continuous Operations": 195141000.0,
        "Tax Provision": 2607000.0,
        "Pretax Income": 197748000.0,
        "Other Income Expense": -47463000.0,
        "Other Non Operating Income Expenses": 3165000.0,
        "Special Income Charges": NaN,
        "Impairment Of Capital Assets": NaN,
        "Earnings From Equity Interest": 13466000.0,
        "Gain On Sale Of Security": -64094000.0,
        "Net Non Operating Interest Income Expense": -30776000.0,
        "Interest Expense Non Operating": 30776000.0,
        "Operating Income": 275987000.0,
        "Operating Expense": 50141000.0,
        "Other Operating Expenses": 27216000.0,
        "Selling General And Administration": 22925000.0,
        "General And Administrative Expense": 22925000.0,
        "Other Gand A": 22925000.0,
        "Rent And Landing Fees": NaN,
        "Gross Profit": 326128000.0,
        "Cost Of Revenue": 192957000.0,
        "Total Revenue": 519085000.0,
        "Operating Revenue": 519085000.0
    },
    "2022-03-31": {
        "Diluted EPS": -0.81,
        "Total Revenue": 414,
        "Gross Profit": 414,
        "Operating Income": 218,
        "EBIT": 334,
        "Net Income": -66
    },
    "2021-12-31": {
        "Diluted EPS": 0.99,
        "Total Revenue": 383,
        "Gross Profit": 383,
        "Operating Income": 124,
        "EBIT": 248,
        "Net Income": 81
    },
    "2021-09-30": {
        "Diluted EPS": -0.2,
        "Total Revenue": 291,
        "Gross Profit": 291,
        "Operating Income": 92,
        "EBIT": 198,
        "Net Income": -17
    },
    "2021-06-30": {
        "Diluted EPS": -1.54,
        "Total Revenue": 304,
        "Gross Profit": 304,
        "Operating Income": 93,
        "EBIT": 212,
        "Net Income": -126
    },
    "2021-03-31": {
        "Diluted EPS": -1.49,
        "Total Revenue": 267,
        "Gross Profit": 267,
        "Operating Income": 65,
        "EBIT": 184,
        "Net Income": -121
    },
    "2020-12-31": {
        "Diluted EPS": -6.7,
        "Total Revenue": 164,
        "Gross Profit": 164,
        "Operating Income": -285,
        "EBIT": -170,
        "Net Income": -431
    },
    "2020-09-30": {
        "Diluted EPS": -0.73,
        "Total Revenue": 135,
        "Gross Profit": 135,
        "Operating Income": -37,
        "EBIT": 56,
        "Net Income": -52
    },
    "2020-06-30": {
        "Diluted EPS": -2.14,
        "Total Revenue": 89,
        "Gross Profit": 89,
        "Operating Income": -95,
        "EBIT": 10,
        "Net Income": -141
    },
    "2020-03-31": {
        "Diluted EPS": 2.69,
        "Total Revenue": 188,
        "Gross Profit": 188,
        "Operating Income": -4,
        "EBIT": 103,
        "Net Income": 158
    },
    "2019-12-31": {
        "Diluted EPS": 0.01,
        "Total Revenue": 214,
        "Gross Profit": 214,
        "Operating Income": 47,
        "EBIT": 153,
        "Net Income": 0
    },
    "2019-09-30": {
        "Diluted EPS": 1.35,
        "Total Revenue": 229,
        "Gross Profit": 229,
        "Operating Income": 53,
        "EBIT": 150,
        "Net Income": 73
    },
    "2019-06-30": {
        "Diluted EPS": 1.74,
        "Total Revenue": 287,
        "Gross Profit": 287,
        "Operating Income": 95,
        "EBIT": 202,
        "Net Income": 95
    },
    "2019-03-31": {
        "Diluted EPS": -2.02,
        "Total Revenue": 179,
        "Gross Profit": 179,
        "Operating Income": 18,
        "EBIT": 94,
        "Net Income": -110
    },
    "2018-12-31": {
        "Diluted EPS": 6.99,
        "Total Revenue": 259,
        "Gross Profit": 259,
        "Operating Income": 74,
        "EBIT": 170,
        "Net Income": 306
    },
    "2018-09-30": {
        "Diluted EPS": 0.24,
        "Total Revenue": 283,
        "Gross Profit": 283,
        "Operating Income": 91,
        "EBIT": 190,
        "Net Income": 13
    },
    "2018-06-30": {
        "Diluted EPS": -1.69,
        "Total Revenue": 204,
        "Gross Profit": 204,
        "Operating Income": 39,
        "EBIT": 119,
        "Net Income": -75
    },
    "2018-03-31": {
        "Diluted EPS": -0.73,
        "Total Revenue": 146,
        "Gross Profit": 146,
        "Operating Income": 49,
        "EBIT": 103,
        "Net Income": -23
    },
    "2017-12-31": {
        "Diluted EPS": -19.93,
        "Total Revenue": 123,
        "Gross Profit": 123,
        "Operating Income": 75,
        "EBIT": 124,
        "Net Income": -417
    },
    "2017-09-30": {
        "Diluted EPS": -1.16,
        "Total Revenue": 100,
        "Gross Profit": 100,
        "Operating Income": 13,
        "EBIT": 56,
        "Net Income": -36
    },
    "2017-06-30": {
        "Diluted EPS": 0.79,
        "Total Revenue": 95,
        "Gross Profit": 95,
        "Operating Income": 6,
        "EBIT": 33,
        "Net Income": 25
    },
    "2017-03-31": {
        "Diluted EPS": 18.29,
        "Total Revenue": 95,
        "Gross Profit": 95,
        "Operating Income": -49,
        "EBIT": 12,
        "Net Income": 366
    },
    "2016-12-31": {
        "Diluted EPS": 76.96,
        "Total Revenue": -6,
        "Gross Profit": -6,
        "Operating Income": 338,
        "EBIT": 294,
        "Net Income": 266
    },
    "2016-09-30": {
        "Diluted EPS": -16.01,
        "Total Revenue": 94,
        "Gross Profit": 94,
        "Operating Income": -72,
        "EBIT": -3,
        "Net Income": -90
    },
    "2016-06-30": {
        "Diluted EPS": -35.05,
        "Total Revenue": 89,
        "Gross Profit": 89,
        "Operating Income": -175,
        "EBIT": -118,
        "Net Income": -196
    },
    "2016-03-31": {
        "Diluted EPS": -33.89,
        "Total Revenue": 81,
        "Gross Profit": 81,
        "Operating Income": -172,
        "EBIT": -101,
        "Net Income": -189
    },
    "2015-12-31": {
        "Diluted EPS": 595.52,
        "Total Revenue": 109,
        "Gross Profit": 109,
        "Operating Income": -343,
        "EBIT": -281,
        "Net Income": -319
    },
    "2015-09-30": {
        "Diluted EPS": -299.6,
        "Total Revenue": 132,
        "Gross Profit": 132,
        "Operating Income": -297,
        "EBIT": -229,
        "Net Income": -292
    },
    "2015-06-30": {
        "Diluted EPS": -157.01,
        "Total Revenue": 150,
        "Gross Profit": 150,
        "Operating Income": -228,
        "EBIT": -144,
        "Net Income": -153
    },
    "2015-03-31": {
        "Diluted EPS": -336.36,
        "Total Revenue": 153,
        "Gross Profit": 153,
        "Operating Income": -497,
        "EBIT": -404,
        "Net Income": -327
    },
    "2014-12-31": {
        "Diluted EPS": -207.32,
        "Total Revenue": 181,
        "Gross Profit": 181,
        "Operating Income": -286,
        "EBIT": -195,
        "Net Income": -190
    },
    "2014-09-30": {
        "Diluted EPS": -30.63,
        "Total Revenue": 183,
        "Gross Profit": 183,
        "Operating Income": -34,
        "EBIT": 52,
        "Net Income": -29
    },
    "2014-06-30": {
        "Diluted EPS": 4.54,
        "Total Revenue": 207,
        "Gross Profit": 207,
        "Operating Income": 17,
        "EBIT": 117,
        "Net Income": 4
    },
    "2014-03-31": {
        "Diluted EPS": 29.5,
        "Total Revenue": 224,
        "Gross Profit": 224,
        "Operating Income": 49,
        "EBIT": 139,
        "Net Income": 25
    },
    "2013-12-31": {
        "Diluted EPS": 2.27,
        "Total Revenue": 238,
        "Gross Profit": 238,
        "Operating Income": 37,
        "EBIT": 141,
        "Net Income": 2
    },
    "2013-09-30": {
        "Diluted EPS": 40.84,
        "Total Revenue": 257,
        "Gross Profit": 257,
        "Operating Income": 62,
        "EBIT": 164,
        "Net Income": 35
    },
    "2013-06-30": {
        "Diluted EPS": 44.24,
        "Total Revenue": 246,
        "Gross Profit": 246,
        "Operating Income": 70,
        "EBIT": 165,
        "Net Income": 38
    },
    "2013-03-31": {
        "Diluted EPS": 46.51,
        "Total Revenue": 234,
        "Gross Profit": 234,
        "Operating Income": 73,
        "EBIT": 157,
        "Net Income": 40
    },
    "2012-12-31": {
        "Diluted EPS": 50.48,
        "Total Revenue": 253,
        "Gross Profit": 253,
        "Operating Income": 78,
        "EBIT": 170,
        "Net Income": 43
    },
    "2012-09-30": {
        "Diluted EPS": 27.23,
        "Total Revenue": 227,
        "Gross Profit": 227,
        "Operating Income": 44,
        "EBIT": 142,
        "Net Income": 23
    },
    "2012-06-30": {
        "Diluted EPS": 35.17,
        "Total Revenue": 227,
        "Gross Profit": 227,
        "Operating Income": 56,
        "EBIT": 152,
        "Net Income": 30
    },
    "2012-03-31": {
        "Diluted EPS": 58.99,
        "Total Revenue": 245,
        "Gross Profit": 245,
        "Operating Income": 85,
        "EBIT": 178,
        "Net Income": 50
    },
    "2011-12-31": {
        "Diluted EPS": 52.75,
        "Total Revenue": 220,
        "Gross Profit": 220,
        "Operating Income": 73,
        "EBIT": 156,
        "Net Income": 45
    },
    "2011-09-30": {
        "Diluted EPS": 60.13,
        "Total Revenue": 215,
        "Gross Profit": 215,
        "Operating Income": 81,
        "EBIT": 153,
        "Net Income": 51
    },
    "2011-06-30": {
        "Diluted EPS": 66.36,
        "Total Revenue": 236,
        "Gross Profit": 236,
        "Operating Income": 92,
        "EBIT": 173,
        "Net Income": 56
    },
    "2011-03-31": {
        "Diluted EPS": 45.94,
        "Total Revenue": 200,
        "Gross Profit": 200,
        "Operating Income": 65,
        "EBIT": 140,
        "Net Income": 39
    },
    "2010-12-31": {
        "Diluted EPS": 28.36,
        "Total Revenue": 177,
        "Gross Profit": 177,
        "Operating Income": 42,
        "EBIT": 115,
        "Net Income": 23
    },
    "2010-09-30": {
        "Diluted EPS": 22.69,
        "Total Revenue": 155,
        "Gross Profit": 155,
        "Operating Income": 35,
        "EBIT": 103,
        "Net Income": 19
    },
    "2010-06-30": {
        "Diluted EPS": 32.33,
        "Total Revenue": 168,
        "Gross Profit": 168,
        "Operating Income": 44,
        "EBIT": 116,
        "Net Income": 27
    },
    "2010-03-31": {
        "Diluted EPS": 29.5,
        "Total Revenue": 165,
        "Gross Profit": 165,
        "Operating Income": 44,
        "EBIT": 113,
        "Net Income": 25
    },
    "2009-12-31": {
        "Diluted EPS": -53.89,
        "Total Revenue": 203,
        "Gross Profit": 203,
        "Operating Income": -99,
        "EBIT": -11,
        "Net Income": -69
    },
    "2009-09-30": {
        "Diluted EPS": 60.13,
        "Total Revenue": 203,
        "Gross Profit": 203,
        "Operating Income": 83,
        "EBIT": 160,
        "Net Income": 50
    },
    "2009-06-30": {
        "Diluted EPS": 36.87,
        "Total Revenue": 170,
        "Gross Profit": 170,
        "Operating Income": 46,
        "EBIT": 111,
        "Net Income": 27
    },
    "2009-03-31": {
        "Diluted EPS": -325.01,
        "Total Revenue": 143,
        "Gross Profit": 143,
        "Operating Income": -343,
        "EBIT": -274,
        "Net Income": -226
    },
    "2023-06-30": {
        "Tax Effect Of Unusual Items": 8775995.0,
        "Tax Rate For Calcs": 0.335,
        "Normalized EBITDA": 232558000.0,
        "Total Unusual Items": 26197000.0,
        "Total Unusual Items Excluding Goodwill": 26197000.0,
        "Net Income From Continuing Operation Net Minority Interest": 13677000.0,
        "Reconciled Depreciation": 192554000.0,
        "Reconciled Cost Of Revenue": 271566000.0,
        "EBITDA": 258755000.0,
        "EBIT": 66201000.0,
        "Net Interest Income": -45632000.0,
        "Interest Expense": 45632000.0,
        "Normalized Income": -3744005.0,
        "Net Income From Continuing And Discontinued Operation": 13677000.0,
        "Total Expenses": 326785000.0,
        "Rent Expense Supplemental": 101165000.0,
        "Total Operating Income As Reported": 40425000.0,
        "Diluted Average Shares": 125667000.0,
        "Basic Average Shares": 125436000.0,
        "Diluted EPS": 0.11,
        "Basic EPS": 0.11,
        "Diluted NI Availto Com Stockholders": 13677000.0,
        "Net Income Common Stockholders": 13677000.0,
        "Net Income": 13677000.0,
        "Net Income Including Noncontrolling Interests": 13677000.0,
        "Net Income Continuous Operations": 13677000.0,
        "Tax Provision": 6892000.0,
        "Pretax Income": 20569000.0,
        "Other Income Expense": 25776000.0,
        "Other Non Operating Income Expenses": 1591000.0,
        "Earnings From Equity Interest": -2012000.0,
        "Gain On Sale Of Security": 26197000.0,
        "Net Non Operating Interest Income Expense": -45632000.0,
        "Interest Expense Non Operating": 45632000.0,
        "Operating Income": 40425000.0,
        "Operating Expense": 55219000.0,
        "Other Operating Expenses": 22037000.0,
        "Selling General And Administration": 33182000.0,
        "General And Administrative Expense": 33182000.0,
        "Other Gand A": 33182000.0,
        "Rent And Landing Fees": 101165000.0,
        "Gross Profit": 95644000.0,
        "Cost Of Revenue": 271566000.0,
        "Total Revenue": 367210000.0,
        "Operating Revenue": 367210000.0
    },
    "2023-09-30": {
        "Tax Effect Of Unusual Items": -20748420.0,
        "Tax Rate For Calcs": 0.21,
        "Normalized EBITDA": 311086000.0,
        "Total Unusual Items": -98802000.0,
        "Total Unusual Items Excluding Goodwill": -98802000.0,
        "Net Income From Continuing Operation Net Minority Interest": -2103000.0,
        "Reconciled Depreciation": 184615000.0,
        "Reconciled Cost Of Revenue": 267507000.0,
        "EBITDA": 212284000.0,
        "EBIT": 27669000.0,
        "Net Interest Income": -45637000.0,
        "Interest Expense": 45637000.0,
        "Normalized Income": 75950580.0,
        "Net Income From Continuing And Discontinued Operation": -2103000.0,
        "Total Expenses": 256364000.0,
        "Rent Expense Supplemental": 103548000.0,
        "Total Operating Income As Reported": 126771000.0,
        "Diluted Average Shares": 124103000.0,
        "Basic Average Shares": 124103000.0,
        "Diluted EPS": -0.02,
        "Basic EPS": -0.02,
        "Diluted NI Availto Com Stockholders": -2103000.0,
        "Net Income Common Stockholders": -2103000.0,
        "Net Income": -2103000.0,
        "Net Income Including Noncontrolling Interests": -2103000.0,
        "Net Income Continuous Operations": -2103000.0,
        "Tax Provision": -15865000.0,
        "Pretax Income": -17968000.0,
        "Other Income Expense": -99102000.0,
        "Other Non Operating Income Expenses": 2193000.0,
        "Earnings From Equity Interest": -2493000.0,
        "Gain On Sale Of Security": -98802000.0,
        "Net Non Operating Interest Income Expense": -45637000.0,
        "Interest Expense Non Operating": 45637000.0,
        "Operating Income": 126771000.0,
        "Operating Expense": -11143000.0,
        "Other Operating Expenses": -36031000.0,
        "Selling General And Administration": 24888000.0,
        "General And Administrative Expense": 24888000.0,
        "Other Gand A": 24888000.0,
        "Rent And Landing Fees": 103548000.0,
        "Gross Profit": 115628000.0,
        "Cost Of Revenue": 267507000.0,
        "Total Revenue": 383135000.0,
        "Operating Revenue": 383135000.0
    },
    "2023-12-31": {
        "Tax Effect Of Unusual Items": 19865160.0,
        "Tax Rate For Calcs": 0.21,
        "Normalized EBITDA": 236296000.0,
        "Total Unusual Items": 94596000.0,
        "Total Unusual Items Excluding Goodwill": 94596000.0,
        "Net Income From Continuing Operation Net Minority Interest": 85898000.0,
        "Reconciled Depreciation": 205780000.0,
        "Reconciled Cost Of Revenue": 287242000.0,
        "EBITDA": 330892000.0,
        "EBIT": 125112000.0,
        "Net Interest Income": -44295000.0,
        "Interest Expense": 44295000.0,
        "Normalized Income": 11167160.0,
        "Net Income From Continuing And Discontinued Operation": 85898000.0,
        "Total Expenses": 350217000.0,
        "Rent Expense Supplemental": NaN,
        "Total Operating Income As Reported": 34742000.0,
        "Diluted Average Shares": NaN,
        "Basic Average Shares": NaN,
        "Diluted EPS": NaN,
        "Basic EPS": NaN,
        "Diluted NI Availto Com Stockholders": 85898000.0,
        "Net Income Common Stockholders": 85898000.0,
        "Net Income": 85898000.0,
        "Net Income Including Noncontrolling Interests": 85898000.0,
        "Net Income Continuous Operations": 85898000.0,
        "Tax Provision": -5081000.0,
        "Pretax Income": 80817000.0,
        "Other Income Expense": 90370000.0,
        "Other Non Operating Income Expenses": 1921000.0,
        "Earnings From Equity Interest": -6147000.0,
        "Gain On Sale Of Security": 94596000.0,
        "Net Non Operating Interest Income Expense": -44295000.0,
        "Interest Expense Non Operating": 44295000.0,
        "Operating Income": 34742000.0,
        "Operating Expense": 62975000.0,
        "Other Operating Expenses": 25739000.0,
        "Selling General And Administration": 37236000.0,
        "General And Administrative Expense": 37236000.0,
        "Other Gand A": 37236000.0,
        "Rent And Landing Fees": NaN,
        "Gross Profit": 97717000.0,
        "Cost Of Revenue": 287242000.0,
        "Total Revenue": 384959000.0,
        "Operating Revenue": 384959000.0
    },
    "2024-03-31": {
        "Tax Effect Of Unusual Items": -14016982.0,
        "Tax Rate For Calcs": 0.161,
        "Normalized EBITDA": 246462000.0,
        "Total Unusual Items": -87062000.0,
        "Total Unusual Items Excluding Goodwill": -87062000.0,
        "Net Income From Continuing Operation Net Minority Interest": -112439000.0,
        "Reconciled Depreciation": 242567000.0,
        "Reconciled Cost Of Revenue": 351386000.0,
        "EBITDA": 159400000.0,
        "EBIT": -83167000.0,
        "Net Interest Income": -50845000.0,
        "Interest Expense": 50845000.0,
        "Normalized Income": -39393982.0,
        "Net Income From Continuing And Discontinued Operation": -112439000.0,
        "Total Expenses": 362087000.0,
        "Rent Expense Supplemental": NaN,
        "Total Operating Income As Reported": 67845000.0,
        "Diluted Average Shares": 158490000.0,
        "Basic Average Shares": 158490000.0,
        "Diluted EPS": -0.71,
        "Basic EPS": -0.71,
        "Diluted NI Availto Com Stockholders": -112439000.0,
        "Net Income Common Stockholders": -112439000.0,
        "Net Income": -112439000.0,
        "Net Income Including Noncontrolling Interests": -112439000.0,
        "Net Income Continuous Operations": -112439000.0,
        "Tax Provision": -21573000.0,
        "Pretax Income": -134012000.0,
        "Other Income Expense": -151012000.0,
        "Other Non Operating Income Expenses": -55896000.0,
        "Earnings From Equity Interest": -8054000.0,
        "Gain On Sale Of Security": -87062000.0,
        "Net Non Operating Interest Income Expense": -50845000.0,
        "Interest Expense Non Operating": 50845000.0,
        "Operating Income": 67845000.0,
        "Operating Expense": 10701000.0,
        "Other Operating Expenses": -59140000.0,
        "Selling General And Administration": 69841000.0,
        "General And Administrative Expense": 69841000.0,
        "Other Gand A": 69841000.0,
        "Rent And Landing Fees": NaN,
        "Gross Profit": 78546000.0,
        "Cost Of Revenue": 351386000.0,
        "Total Revenue": 429932000.0,
        "Operating Revenue": 429932000.0
    },
    "2024-06-30": {
        "Tax Effect Of Unusual Items": 197972.0,
        "Tax Rate For Calcs": 0.086,
        "Normalized EBITDA": 347901000.0,
        "Total Unusual Items": 2302000.0,
        "Total Unusual Items Excluding Goodwill": 2302000.0,
        "Net Income From Continuing Operation Net Minority Interest": 12381000.0,
        "Reconciled Depreciation": 289823000.0,
        "Reconciled Cost Of Revenue": 416877000.0,
        "EBITDA": 350203000.0,
        "EBIT": 60380000.0,
        "Net Interest Income": -48982000.0,
        "Interest Expense": 48982000.0,
        "Normalized Income": 10276972.0,
        "Net Income From Continuing And Discontinued Operation": 12381000.0,
        "Total Expenses": 494795000.0,
        "Rent Expense Supplemental": NaN,
        "Total Operating Income As Reported": 54370000.0,
        "Diluted Average Shares": 183692000.0,
        "Basic Average Shares": 183564000.0,
        "Diluted EPS": 0.07,
        "Basic EPS": 0.07,
        "Diluted NI Availto Com Stockholders": 12381000.0,
        "Net Income Common Stockholders": 12381000.0,
        "Net Income": 12381000.0,
        "Net Income Including Noncontrolling Interests": 12381000.0,
        "Net Income Continuous Operations": 12381000.0,
        "Tax Provision": -983000.0,
        "Pretax Income": 11398000.0,
        "Other Income Expense": 6010000.0,
        "Other Non Operating Income Expenses": 4164000.0,
        "Earnings From Equity Interest": -456000.0,
        "Gain On Sale Of Security": 2302000.0,
        "Net Non Operating Interest Income Expense": -48982000.0,
        "Interest Expense Non Operating": 48982000.0,
        "Operating Income": 54370000.0,
        "Operating Expense": 77918000.0,
        "Other Operating Expenses": 29671000.0,
        "Selling General And Administration": 48247000.0,
        "General And Administrative Expense": 48247000.0,
        "Other Gand A": 48247000.0,
        "Rent And Landing Fees": NaN,
        "Gross Profit": 132288000.0,
        "Cost Of Revenue": 416877000.0,
        "Total Revenue": 549165000.0,
        "Operating Revenue": 549165000.0
    }
}