{
    "2022-06-30": {
        "Diluted EPS": 0.0,
        "Total Revenue": NaN,
        "Gross Profit": NaN,
        "Operating Income": NaN,
        "Net Income": NaN
    },
    "2018-03-31": {
        "Diluted EPS": 0.0,
        "Total Revenue": 4,
        "Gross Profit": 2,
        "Operating Income": 0,
        "EBIT": 1,
        "Net Income": 0
    },
    "2017-03-31": {
        "Diluted EPS": -0.24,
        "Total Revenue": 0,
        "Gross Profit": 0,
        "Operating Income": -2,
        "EBIT": -1,
        "Net Income": -2
    },
    "2012-12-31": {
        "Diluted EPS": -10.8,
        "Total Revenue": 29,
        "Gross Profit": 8,
        "Operating Income": -45,
        "EBIT": -14,
        "Net Income": -48
    },
    "2012-09-30": {
        "Diluted EPS": -4.74,
        "Total Revenue": 27,
        "Gross Profit": 3,
        "Operating Income": -20,
        "EBIT": -18,
        "Net Income": -21
    },
    "2012-06-30": {
        "Diluted EPS": -3.72,
        "Total Revenue": 13,
        "Gross Profit": 3,
        "Operating Income": -17,
        "EBIT": -14,
        "Net Income": -17
    },
    "2012-03-31": {
        "Diluted EPS": -0.66,
        "Total Revenue": 16,
        "Gross Profit": 6,
        "Operating Income": -3,
        "EBIT": 0,
        "Net Income": -3
    },
    "2011-12-31": {
        "Diluted EPS": -1.56,
        "Total Revenue": 31,
        "Gross Profit": 9,
        "Operating Income": -6,
        "EBIT": -2,
        "Net Income": -7
    },
    "2011-09-30": {
        "Diluted EPS": 0.18,
        "Total Revenue": 28,
        "Gross Profit": 9,
        "Operating Income": 1,
        "EBIT": 3,
        "Net Income": 1
    },
    "2011-06-30": {
        "Diluted EPS": 1.26,
        "Total Revenue": 28,
        "Gross Profit": 12,
        "Operating Income": 5,
        "EBIT": 9,
        "Net Income": 6
    },
    "2011-03-31": {
        "Diluted EPS": 1.86,
        "Total Revenue": 27,
        "Gross Profit": 14,
        "Operating Income": 9,
        "EBIT": 12,
        "Net Income": 8
    },
    "2010-12-31": {
        "Diluted EPS": 1.8,
        "Total Revenue": 61,
        "Gross Profit": 22,
        "Operating Income": 11,
        "EBIT": 14,
        "Net Income": 8
    },
    "2010-09-30": {
        "Diluted EPS": 2.52,
        "Total Revenue": 44,
        "Gross Profit": 21,
        "Operating Income": 13,
        "EBIT": 15,
        "Net Income": 11
    },
    "2010-06-30": {
        "Diluted EPS": 2.16,
        "Total Revenue": 34,
        "Gross Profit": 17,
        "Operating Income": 12,
        "EBIT": 14,
        "Net Income": 9
    },
    "2010-03-31": {
        "Diluted EPS": 1.44,
        "Total Revenue": 25,
        "Gross Profit": 11,
        "Operating Income": 7,
        "EBIT": 9,
        "Net Income": 6
    },
    "2009-12-31": {
        "Diluted EPS": 2.16,
        "Total Revenue": 32,
        "Gross Profit": 16,
        "Operating Income": 8,
        "EBIT": 10,
        "Net Income": 9
    },
    "2009-09-30": {
        "Diluted EPS": 2.4,
        "Total Revenue": 29,
        "Gross Profit": 15,
        "Operating Income": 11,
        "EBIT": 13,
        "Net Income": 10
    },
    "2009-06-30": {
        "Diluted EPS": 1.92,
        "Total Revenue": 26,
        "Gross Profit": 12,
        "Operating Income": 9,
        "EBIT": 10,
        "Net Income": 8
    },
    "2009-03-31": {
        "Diluted EPS": 0.96,
        "Total Revenue": 15,
        "Gross Profit": 7,
        "Operating Income": 4,
        "EBIT": 6,
        "Net Income": 4
    }
}