{
    "2023-03-31": {
        "Tax Effect Of Unusual Items": NaN,
        "Tax Rate For Calcs": NaN,
        "Normalized EBITDA": NaN,
        "Total Unusual Items": NaN,
        "Total Unusual Items Excluding Goodwill": NaN,
        "Net Income From Continuing Operation Net Minority Interest": NaN,
        "Reconciled Depreciation": NaN,
        "Reconciled Cost Of Revenue": NaN,
        "EBITDA": NaN,
        "EBIT": NaN,
        "Net Interest Income": NaN,
        "Normalized Income": NaN,
        "Net Income From Continuing And Discontinued Operation": NaN,
        "Total Expenses": NaN,
        "Total Operating Income As Reported": NaN,
        "Diluted Average Shares": NaN,
        "Basic Average Shares": NaN,
        "Diluted EPS": NaN,
        "Basic EPS": NaN,
        "Diluted NI Availto Com Stockholders": NaN,
        "Net Income Common Stockholders": NaN,
        "Net Income": NaN,
        "Minority Interests": NaN,
        "Net Income Including Noncontrolling Interests": NaN,
        "Net Income Continuous Operations": NaN,
        "Tax Provision": NaN,
        "Pretax Income": NaN,
        "Other Income Expense": NaN,
        "Other Non Operating Income Expenses": NaN,
        "Special Income Charges": NaN,
        "Gain On Sale Of Ppe": NaN,
        "Gain On Sale Of Business": 0.0,
        "Impairment Of Capital Assets": 0.0,
        "Restructuring And Mergern Acquisition": NaN,
        "Earnings From Equity Interest": NaN,
        "Net Non Operating Interest Income Expense": NaN,
        "Total Other Finance Cost": NaN,
        "Operating Income": NaN,
        "Operating Expense": NaN,
        "Selling General And Administration": NaN,
        "General And Administrative Expense": NaN,
        "Other Gand A": NaN,
        "Salaries And Wages": NaN,
        "Gross Profit": NaN,
        "Cost Of Revenue": NaN,
        "Total Revenue": NaN,
        "Excise Taxes": NaN,
        "Operating Revenue": NaN
    },
    "2022-12-31": {
        "Tax Effect Of Unusual Items": NaN,
        "Tax Rate For Calcs": NaN,
        "Normalized EBITDA": NaN,
        "Total Unusual Items": NaN,
        "Total Unusual Items Excluding Goodwill": NaN,
        "Net Income From Continuing Operation Net Minority Interest": NaN,
        "Reconciled Depreciation": NaN,
        "Reconciled Cost Of Revenue": NaN,
        "EBITDA": NaN,
        "EBIT": NaN,
        "Net Interest Income": NaN,
        "Normalized Income": NaN,
        "Net Income From Continuing And Discontinued Operation": NaN,
        "Total Expenses": NaN,
        "Total Operating Income As Reported": NaN,
        "Diluted Average Shares": NaN,
        "Basic Average Shares": NaN,
        "Diluted EPS": NaN,
        "Basic EPS": NaN,
        "Diluted NI Availto Com Stockholders": NaN,
        "Net Income Common Stockholders": NaN,
        "Net Income": NaN,
        "Minority Interests": NaN,
        "Net Income Including Noncontrolling Interests": NaN,
        "Net Income Continuous Operations": NaN,
        "Tax Provision": NaN,
        "Pretax Income": NaN,
        "Other Income Expense": NaN,
        "Other Non Operating Income Expenses": NaN,
        "Special Income Charges": NaN,
        "Gain On Sale Of Ppe": NaN,
        "Gain On Sale Of Business": NaN,
        "Impairment Of Capital Assets": 852700000.0,
        "Restructuring And Mergern Acquisition": NaN,
        "Earnings From Equity Interest": NaN,
        "Net Non Operating Interest Income Expense": NaN,
        "Total Other Finance Cost": NaN,
        "Operating Income": NaN,
        "Operating Expense": NaN,
        "Selling General And Administration": NaN,
        "General And Administrative Expense": NaN,
        "Other Gand A": NaN,
        "Salaries And Wages": NaN,
        "Gross Profit": NaN,
        "Cost Of Revenue": NaN,
        "Total Revenue": NaN,
        "Excise Taxes": NaN,
        "Operating Revenue": NaN
    },
    "2022-09-30": {
        "Tax Effect Of Unusual Items": NaN,
        "Tax Rate For Calcs": NaN,
        "Normalized EBITDA": NaN,
        "Total Unusual Items": NaN,
        "Total Unusual Items Excluding Goodwill": NaN,
        "Net Income From Continuing Operation Net Minority Interest": NaN,
        "Reconciled Depreciation": NaN,
        "Reconciled Cost Of Revenue": NaN,
        "EBITDA": NaN,
        "EBIT": NaN,
        "Net Interest Income": NaN,
        "Normalized Income": NaN,
        "Net Income From Continuing And Discontinued Operation": NaN,
        "Total Expenses": NaN,
        "Total Operating Income As Reported": NaN,
        "Diluted Average Shares": NaN,
        "Basic Average Shares": NaN,
        "Diluted EPS": NaN,
        "Basic EPS": NaN,
        "Diluted NI Availto Com Stockholders": NaN,
        "Net Income Common Stockholders": NaN,
        "Net Income": NaN,
        "Minority Interests": NaN,
        "Net Income Including Noncontrolling Interests": NaN,
        "Net Income Continuous Operations": NaN,
        "Tax Provision": NaN,
        "Pretax Income": NaN,
        "Other Income Expense": NaN,
        "Other Non Operating Income Expenses": NaN,
        "Special Income Charges": NaN,
        "Gain On Sale Of Ppe": NaN,
        "Gain On Sale Of Business": 4900000.0,
        "Other Special Charges": -4800000.0,
        "Impairment Of Capital Assets": NaN,
        "Restructuring And Mergern Acquisition": NaN,
        "Earnings From Equity Interest": NaN,
        "Net Non Operating Interest Income Expense": NaN,
        "Total Other Finance Cost": 58700000.0,
        "Operating Income": NaN,
        "Operating Expense": NaN,
        "Selling General And Administration": NaN,
        "General And Administrative Expense": NaN,
        "Other Gand A": NaN,
        "Salaries And Wages": NaN,
        "Gross Profit": NaN,
        "Cost Of Revenue": NaN,
        "Total Revenue": NaN,
        "Excise Taxes": NaN,
        "Operating Revenue": NaN
    },
    "2022-06-30": {
        "Tax Effect Of Unusual Items": -78000.0,
        "Tax Rate For Calcs": 0.13,
        "Normalized EBITDA": 284700000.0,
        "Total Unusual Items": -600000.0,
        "Total Unusual Items Excluding Goodwill": -600000.0,
        "Net Income From Continuing Operation Net Minority Interest": 47300000.0,
        "Reconciled Depreciation": 171700000.0,
        "Reconciled Cost Of Revenue": 2101700000.0,
        "EBITDA": 284100000.0,
        "EBIT": 112400000.0,
        "Net Interest Income": -66600000.0,
        "Normalized Income": 47822000.0,
        "Net Income From Continuing And Discontinued Operation": 47300000.0,
        "Total Expenses": 2809300000.0,
        "Total Operating Income As Reported": 114500000.0,
        "Diluted Average Shares": 217800000.0,
        "Basic Average Shares": 217000000.0,
        "Diluted EPS": 0.22,
        "Basic EPS": 0.22,
        "Diluted NI Availto Com Stockholders": 47300000.0,
        "Net Income Common Stockholders": 47300000.0,
        "Net Income": 47300000.0,
        "Minority Interests": -600000.0,
        "Net Income Including Noncontrolling Interests": 47900000.0,
        "Net Income Continuous Operations": 47900000.0,
        "Tax Provision": 7000000.0,
        "Pretax Income": 54900000.0,
        "Other Income Expense": 9100000.0,
        "Other Non Operating Income Expenses": 7000000.0,
        "Special Income Charges": -600000.0,
        "Gain On Sale Of Ppe": -100000.0,
        "Gain On Sale Of Business": NaN,
        "Other Special Charges": 300000.0,
        "Impairment Of Capital Assets": 0.0,
        "Restructuring And Mergern Acquisition": 200000.0,
        "Earnings From Equity Interest": 2700000.0,
        "Net Non Operating Interest Income Expense": -66600000.0,
        "Total Other Finance Cost": 66600000.0,
        "Operating Income": 112400000.0,
        "Operating Expense": 707600000.0,
        "Other Operating Expenses": NaN,
        "Selling General And Administration": 707600000.0,
        "Gross Profit": 820000000.0,
        "Cost Of Revenue": 2101700000.0,
        "Total Revenue": 2921700000.0,
        "Excise Taxes": 579700000.0,
        "Operating Revenue": 3501400000.0
    },
    "2023-06-30": {
        "Tax Effect Of Unusual Items": NaN,
        "Tax Rate For Calcs": NaN,
        "Normalized EBITDA": NaN,
        "Total Unusual Items": NaN,
        "Total Unusual Items Excluding Goodwill": NaN,
        "Net Income From Continuing Operation Net Minority Interest": NaN,
        "Reconciled Depreciation": NaN,
        "Reconciled Cost Of Revenue": NaN,
        "EBITDA": NaN,
        "EBIT": NaN,
        "Net Interest Income": NaN,
        "Normalized Income": NaN,
        "Net Income From Continuing And Discontinued Operation": NaN,
        "Total Expenses": NaN,
        "Total Operating Income As Reported": NaN,
        "Diluted Average Shares": NaN,
        "Basic Average Shares": NaN,
        "Diluted EPS": NaN,
        "Basic EPS": NaN,
        "Diluted NI Availto Com Stockholders": NaN,
        "Net Income Common Stockholders": NaN,
        "Net Income": NaN,
        "Minority Interests": NaN,
        "Net Income Including Noncontrolling Interests": NaN,
        "Net Income Continuous Operations": NaN,
        "Tax Provision": NaN,
        "Pretax Income": NaN,
        "Other Income Expense": NaN,
        "Other Non Operating Income Expenses": NaN,
        "Special Income Charges": NaN,
        "Gain On Sale Of Ppe": NaN,
        "Gain On Sale Of Business": 0.0,
        "Impairment Of Capital Assets": 0.0,
        "Restructuring And Mergern Acquisition": NaN,
        "Earnings From Equity Interest": NaN,
        "Net Non Operating Interest Income Expense": NaN,
        "Total Other Finance Cost": 54600000.0,
        "Operating Income": NaN,
        "Operating Expense": NaN,
        "Selling General And Administration": NaN,
        "General And Administrative Expense": NaN,
        "Other Gand A": NaN,
        "Salaries And Wages": -2600000.0,
        "Gross Profit": NaN,
        "Cost Of Revenue": NaN,
        "Total Revenue": NaN,
        "Excise Taxes": NaN,
        "Operating Revenue": NaN
    },
    "2022-03-31": {
        "Diluted EPS": 0.7,
        "Total Revenue": NaN,
        "Gross Profit": 928,
        "Operating Income": 224,
        "EBIT": 400,
        "Net Income": 152
    },
    "2021-12-31": {
        "Diluted EPS": 0.36,
        "Total Revenue": NaN,
        "Gross Profit": 857,
        "Operating Income": 165,
        "EBIT": 349,
        "Net Income": 80
    },
    "2021-09-30": {
        "Diluted EPS": 2.08,
        "Total Revenue": NaN,
        "Gross Profit": NaN,
        "Operating Income": 531,
        "EBIT": 733,
        "Net Income": 453
    },
    "2021-06-30": {
        "Diluted EPS": 1.79,
        "Total Revenue": NaN,
        "Gross Profit": NaN,
        "Operating Income": 581,
        "EBIT": 784,
        "Net Income": 389
    },
    "2021-03-31": {
        "Diluted EPS": 0.39,
        "Total Revenue": NaN,
        "Gross Profit": 731,
        "Operating Income": 177,
        "EBIT": 381,
        "Net Income": 84
    },
    "2020-12-31": {
        "Diluted EPS": -6.32,
        "Total Revenue": NaN,
        "Gross Profit": 895,
        "Operating Income": NaN,
        "EBIT": 411,
        "Net Income": NaN
    },
    "2020-09-30": {
        "Diluted EPS": 1.58,
        "Total Revenue": NaN,
        "Gross Profit": NaN,
        "Operating Income": 508,
        "EBIT": 731,
        "Net Income": 343
    },
    "2020-06-30": {
        "Diluted EPS": 0.9,
        "Total Revenue": NaN,
        "Gross Profit": NaN,
        "Operating Income": 458,
        "EBIT": 698,
        "Net Income": 195
    },
    "2020-03-31": {
        "Diluted EPS": -0.54,
        "Total Revenue": NaN,
        "Gross Profit": 624,
        "Operating Income": -93,
        "EBIT": 166,
        "Net Income": -117
    },
    "2019-12-31": {
        "Diluted EPS": 0.75,
        "Total Revenue": NaN,
        "Gross Profit": 966,
        "Operating Income": 311,
        "EBIT": 531,
        "Net Income": 164
    },
    "2019-09-30": {
        "Diluted EPS": -1.86,
        "Total Revenue": NaN,
        "Gross Profit": NaN,
        "Operating Income": -237,
        "EBIT": -22,
        "Net Income": -403
    },
    "2019-06-30": {
        "Diluted EPS": 1.52,
        "Total Revenue": NaN,
        "Gross Profit": NaN,
        "Operating Income": 469,
        "EBIT": 689,
        "Net Income": 329
    },
    "2019-03-31": {
        "Diluted EPS": 0.7,
        "Total Revenue": NaN,
        "Gross Profit": 890,
        "Operating Income": 222,
        "EBIT": 439,
        "Net Income": 151
    },
    "2018-12-31": {
        "Diluted EPS": 0.35,
        "Total Revenue": NaN,
        "Gross Profit": 823,
        "Operating Income": 142,
        "EBIT": 358,
        "Net Income": 76
    },
    "2018-09-30": {
        "Diluted EPS": 1.56,
        "Total Revenue": NaN,
        "Gross Profit": NaN,
        "Operating Income": 470,
        "EBIT": 687,
        "Net Income": 338
    },
    "2018-06-30": {
        "Diluted EPS": 1.96,
        "Total Revenue": NaN,
        "Gross Profit": NaN,
        "Operating Income": 591,
        "EBIT": 810,
        "Net Income": 424
    },
    "2018-03-31": {
        "Diluted EPS": 1.28,
        "Total Revenue": NaN,
        "Gross Profit": 796,
        "Operating Income": 430,
        "EBIT": 647,
        "Net Income": 278
    },
    "2017-12-31": {
        "Diluted EPS": 3.42,
        "Total Revenue": NaN,
        "Gross Profit": NaN,
        "Operating Income": 270,
        "EBIT": 484,
        "Net Income": 740
    },
    "2017-09-30": {
        "Diluted EPS": 1.33,
        "Total Revenue": NaN,
        "Gross Profit": NaN,
        "Operating Income": 506,
        "EBIT": 721,
        "Net Income": 287
    },
    "2017-06-30": {
        "Diluted EPS": 1.52,
        "Total Revenue": NaN,
        "Gross Profit": NaN,
        "Operating Income": 537,
        "EBIT": 741,
        "Net Income": 330
    },
    "2017-03-31": {
        "Diluted EPS": 0.96,
        "Total Revenue": NaN,
        "Gross Profit": NaN,
        "Operating Income": 364,
        "EBIT": 568,
        "Net Income": 209
    },
    "2016-12-31": {
        "Diluted EPS": 4.93,
        "Total Revenue": NaN,
        "Gross Profit": 813,
        "Operating Income": NaN,
        "EBIT": NaN,
        "Net Income": NaN
    },
    "2016-09-30": {
        "Diluted EPS": 0.94,
        "Total Revenue": 948,
        "Gross Profit": 406,
        "Operating Income": 289,
        "EBIT": 540,
        "Net Income": 203
    },
    "2016-06-30": {
        "Diluted EPS": 0.8,
        "Total Revenue": 986,
        "Gross Profit": 424,
        "Operating Income": 268,
        "EBIT": 549,
        "Net Income": 172
    },
    "2016-03-31": {
        "Diluted EPS": 0.8,
        "Total Revenue": 657,
        "Gross Profit": 243,
        "Operating Income": 243,
        "EBIT": 470,
        "Net Income": 163
    },
    "2015-12-31": {
        "Diluted EPS": 0.37,
        "Total Revenue": 844,
        "Gross Profit": 333,
        "Operating Income": 120,
        "EBIT": 246,
        "Net Income": 69
    },
    "2015-09-30": {
        "Diluted EPS": 0.09,
        "Total Revenue": NaN,
        "Gross Profit": 432,
        "Operating Income": 8,
        "EBIT": 227,
        "Net Income": 17
    },
    "2015-06-30": {
        "Diluted EPS": 1.23,
        "Total Revenue": NaN,
        "Gross Profit": 426,
        "Operating Income": 314,
        "EBIT": 602,
        "Net Income": 229
    },
    "2015-03-31": {
        "Diluted EPS": 0.43,
        "Total Revenue": 700,
        "Gross Profit": 245,
        "Operating Income": 125,
        "EBIT": 334,
        "Net Income": 81
    },
    "2014-12-31": {
        "Diluted EPS": 0.51,
        "Total Revenue": 974,
        "Gross Profit": 354,
        "Operating Income": 154,
        "EBIT": 326,
        "Net Income": 94
    },
    "2014-09-30": {
        "Diluted EPS": -0.19,
        "Total Revenue": NaN,
        "Gross Profit": 501,
        "Operating Income": 3,
        "EBIT": 238,
        "Net Income": -34
    },
    "2014-06-30": {
        "Diluted EPS": 1.56,
        "Total Revenue": NaN,
        "Gross Profit": 505,
        "Operating Income": 365,
        "EBIT": 635,
        "Net Income": 291
    },
    "2014-03-31": {
        "Diluted EPS": 0.88,
        "Total Revenue": 816,
        "Gross Profit": 293,
        "Operating Income": 204,
        "EBIT": 410,
        "Net Income": 163
    },
    "2013-12-31": {
        "Diluted EPS": 0.74,
        "Total Revenue": NaN,
        "Gross Profit": 384,
        "Operating Income": 161,
        "EBIT": 346,
        "Net Income": 137
    },
    "2013-09-30": {
        "Diluted EPS": 0.73,
        "Total Revenue": NaN,
        "Gross Profit": 501,
        "Operating Income": 196,
        "EBIT": 426,
        "Net Income": 134
    },
    "2013-06-30": {
        "Diluted EPS": 1.45,
        "Total Revenue": NaN,
        "Gross Profit": 494,
        "Operating Income": 346,
        "EBIT": 606,
        "Net Income": 267
    },
    "2013-03-31": {
        "Diluted EPS": 0.16,
        "Total Revenue": 829,
        "Gross Profit": 281,
        "Operating Income": 103,
        "EBIT": 308,
        "Net Income": 29
    },
    "2012-12-31": {
        "Diluted EPS": 0.34,
        "Total Revenue": NaN,
        "Gross Profit": 384,
        "Operating Income": 163,
        "EBIT": 325,
        "Net Income": 60
    },
    "2012-09-30": {
        "Diluted EPS": 1.09,
        "Total Revenue": NaN,
        "Gross Profit": 509,
        "Operating Income": 304,
        "EBIT": 526,
        "Net Income": 198
    },
    "2012-06-30": {
        "Diluted EPS": 0.57,
        "Total Revenue": 999,
        "Gross Profit": 419,
        "Operating Income": 279,
        "EBIT": 542,
        "Net Income": 105
    },
    "2012-03-31": {
        "Diluted EPS": 0.44,
        "Total Revenue": 691,
        "Gross Profit": 253,
        "Operating Income": 122,
        "EBIT": 300,
        "Net Income": 80
    },
    "2011-12-31": {
        "Diluted EPS": 0.95,
        "Total Revenue": 937,
        "Gross Profit": 390,
        "Operating Income": 214,
        "EBIT": 361,
        "Net Income": 173
    },
    "2011-09-30": {
        "Diluted EPS": 1.06,
        "Total Revenue": 954,
        "Gross Profit": 404,
        "Operating Income": 255,
        "EBIT": 415,
        "Net Income": 197
    },
    "2011-06-30": {
        "Diluted EPS": 1.18,
        "Total Revenue": 934,
        "Gross Profit": 410,
        "Operating Income": 298,
        "EBIT": 531,
        "Net Income": 223
    },
    "2011-03-31": {
        "Diluted EPS": 0.44,
        "Total Revenue": 690,
        "Gross Profit": 263,
        "Operating Income": 126,
        "EBIT": 284,
        "Net Income": 83
    },
    "2010-12-31": {
        "Diluted EPS": 0.58,
        "Total Revenue": 835,
        "Gross Profit": 360,
        "Operating Income": 161,
        "EBIT": 298,
        "Net Income": 110
    },
    "2010-09-30": {
        "Diluted EPS": 1.37,
        "Total Revenue": 875,
        "Gross Profit": 418,
        "Operating Income": 301,
        "EBIT": 484,
        "Net Income": 256
    },
    "2010-06-30": {
        "Diluted EPS": 1.27,
        "Total Revenue": 883,
        "Gross Profit": 409,
        "Operating Income": 295,
        "EBIT": 510,
        "Net Income": 237
    },
    "2010-03-31": {
        "Diluted EPS": 0.56,
        "Total Revenue": 661,
        "Gross Profit": 257,
        "Operating Income": 108,
        "EBIT": 252,
        "Net Income": 105
    },
    "2009-12-31": {
        "Diluted EPS": 1.19,
        "Total Revenue": 821,
        "Gross Profit": 345,
        "Operating Income": 136,
        "EBIT": 278,
        "Net Income": 222
    },
    "2009-09-30": {
        "Diluted EPS": 1.26,
        "Total Revenue": 854,
        "Gross Profit": 381,
        "Operating Income": 237,
        "EBIT": 385,
        "Net Income": 235
    },
    "2009-06-30": {
        "Diluted EPS": 1.01,
        "Total Revenue": 799,
        "Gross Profit": 366,
        "Operating Income": 263,
        "EBIT": 442,
        "Net Income": 187
    },
    "2009-03-31": {
        "Diluted EPS": 0.41,
        "Total Revenue": 559,
        "Gross Profit": 213,
        "Operating Income": 117,
        "EBIT": 259,
        "Net Income": 76
    },
    "2023-09-30": {
        "Tax Effect Of Unusual Items": -2667000.0,
        "Tax Rate For Calcs": 0.21,
        "Normalized EBITDA": 780800000.0,
        "Total Unusual Items": -12700000.0,
        "Total Unusual Items Excluding Goodwill": -12700000.0,
        "Net Income From Continuing Operation Net Minority Interest": 430700000.0,
        "Reconciled Depreciation": 168700000.0,
        "Reconciled Cost Of Revenue": 1952200000.0,
        "EBITDA": 768100000.0,
        "EBIT": 599400000.0,
        "Net Interest Income": -48800000.0,
        "Normalized Income": 440733000.0,
        "Net Income From Continuing And Discontinued Operation": 430700000.0,
        "Total Expenses": 2699000000.0,
        "Total Operating Income As Reported": 592200000.0,
        "Diluted Average Shares": 217600000.0,
        "Basic Average Shares": 216100000.0,
        "Diluted EPS": 1.98,
        "Basic EPS": 1.99,
        "Diluted NI Availto Com Stockholders": 430700000.0,
        "Net Income Common Stockholders": 430700000.0,
        "Net Income": 430700000.0,
        "Minority Interests": -900000.0,
        "Net Income Including Noncontrolling Interests": 431600000.0,
        "Net Income Continuous Operations": 431600000.0,
        "Tax Provision": 112400000.0,
        "Pretax Income": 544000000.0,
        "Other Income Expense": -6600000.0,
        "Other Non Operating Income Expenses": 600000.0,
        "Special Income Charges": -12700000.0,
        "Gain On Sale Of Ppe": 100000.0,
        "Gain On Sale Of Business": -11100000.0,
        "Impairment Of Capital Assets": 100000.0,
        "Restructuring And Mergern Acquisition": 1600000.0,
        "Earnings From Equity Interest": 5500000.0,
        "Net Non Operating Interest Income Expense": -48800000.0,
        "Total Other Finance Cost": 48800000.0,
        "Operating Income": 599400000.0,
        "Operating Expense": 746800000.0,
        "Selling General And Administration": 746800000.0,
        "General And Administrative Expense": 746800000.0,
        "Other Gand A": 746800000.0,
        "Salaries And Wages": -2500000.0,
        "Gross Profit": 1346200000.0,
        "Cost Of Revenue": 1952200000.0,
        "Total Revenue": 3298400000.0,
        "Excise Taxes": 607200000.0,
        "Operating Revenue": 3905600000.0
    },
    "2023-12-31": {
        "Tax Effect Of Unusual Items": -54271903.323263,
        "Tax Rate For Calcs": 0.362538,
        "Normalized EBITDA": 571300000.0,
        "Total Unusual Items": -149700000.0,
        "Total Unusual Items Excluding Goodwill": -149700000.0,
        "Net Income From Continuing Operation Net Minority Interest": 103300000.0,
        "Reconciled Depreciation": 174200000.0,
        "Reconciled Cost Of Revenue": 1757800000.0,
        "EBITDA": 421600000.0,
        "EBIT": 247400000.0,
        "Net Interest Income": -46100000.0,
        "Normalized Income": 198728096.676737,
        "Net Income From Continuing And Discontinued Operation": 103300000.0,
        "Total Expenses": 2441000000.0,
        "Total Operating Income As Reported": 199300000.0,
        "Diluted Average Shares": 216600000.0,
        "Basic Average Shares": 215000000.0,
        "Diluted EPS": 0.48,
        "Basic EPS": 0.48,
        "Diluted NI Availto Com Stockholders": 103300000.0,
        "Net Income Common Stockholders": 103300000.0,
        "Net Income": 103300000.0,
        "Minority Interests": -2200000.0,
        "Net Income Including Noncontrolling Interests": 105500000.0,
        "Net Income Continuous Operations": 105500000.0,
        "Tax Provision": 60000000.0,
        "Pretax Income": 165500000.0,
        "Other Income Expense": -138200000.0,
        "Other Non Operating Income Expenses": 12300000.0,
        "Special Income Charges": -149700000.0,
        "Gain On Sale Of Ppe": -100000.0,
        "Gain On Sale Of Business": 13300000.0,
        "Impairment Of Capital Assets": 160700000.0,
        "Restructuring And Mergern Acquisition": 2200000.0,
        "Earnings From Equity Interest": -800000.0,
        "Net Non Operating Interest Income Expense": -46100000.0,
        "Total Other Finance Cost": NaN,
        "Operating Income": 349800000.0,
        "Operating Expense": 683200000.0,
        "Selling General And Administration": 683200000.0,
        "General And Administrative Expense": 683200000.0,
        "Other Gand A": 683200000.0,
        "Salaries And Wages": -2500000.0,
        "Gross Profit": 1033000000.0,
        "Cost Of Revenue": 1757800000.0,
        "Total Revenue": 2790800000.0,
        "Excise Taxes": 542300000.0,
        "Operating Revenue": 3333100000.0
    },
    "2024-03-31": {
        "Tax Effect Of Unusual Items": 1323000.0,
        "Tax Rate For Calcs": 0.21,
        "Normalized EBITDA": 471600000.0,
        "Total Unusual Items": 6300000.0,
        "Total Unusual Items Excluding Goodwill": 6300000.0,
        "Net Income From Continuing Operation Net Minority Interest": 207800000.0,
        "Reconciled Depreciation": 169000000.0,
        "Reconciled Cost Of Revenue": 1632900000.0,
        "EBITDA": 477900000.0,
        "EBIT": 308900000.0,
        "Net Interest Income": -48400000.0,
        "Normalized Income": 202823000.0,
        "Net Income From Continuing And Discontinued Operation": 207800000.0,
        "Total Expenses": 2287500000.0,
        "Total Operating Income As Reported": 314300000.0,
        "Diluted Average Shares": 214200000.0,
        "Basic Average Shares": 212700000.0,
        "Diluted EPS": 0.97,
        "Basic EPS": 0.98,
        "Diluted NI Availto Com Stockholders": 207800000.0,
        "Net Income Common Stockholders": 207800000.0,
        "Net Income": 207800000.0,
        "Minority Interests": -2100000.0,
        "Net Income Including Noncontrolling Interests": 209900000.0,
        "Net Income Continuous Operations": 209900000.0,
        "Tax Provision": 55500000.0,
        "Pretax Income": 265400000.0,
        "Other Income Expense": 4900000.0,
        "Other Non Operating Income Expenses": -500000.0,
        "Special Income Charges": 6300000.0,
        "Gain On Sale Of Ppe": 5400000.0,
        "Gain On Sale Of Business": NaN,
        "Impairment Of Capital Assets": NaN,
        "Restructuring And Mergern Acquisition": -900000.0,
        "Earnings From Equity Interest": -900000.0,
        "Net Non Operating Interest Income Expense": -48400000.0,
        "Total Other Finance Cost": 48400000.0,
        "Operating Income": 308900000.0,
        "Operating Expense": 654600000.0,
        "Selling General And Administration": 654600000.0,
        "General And Administrative Expense": 654600000.0,
        "Other Gand A": 654600000.0,
        "Salaries And Wages": -7400000.0,
        "Gross Profit": 963500000.0,
        "Cost Of Revenue": 1632900000.0,
        "Total Revenue": 2596400000.0,
        "Excise Taxes": 452900000.0,
        "Operating Revenue": 3049300000.0
    },
    "2024-06-30": {
        "Tax Effect Of Unusual Items": 24000.0,
        "Tax Rate For Calcs": 0.24,
        "Normalized EBITDA": 769000000.0,
        "Total Unusual Items": 100000.0,
        "Total Unusual Items Excluding Goodwill": 100000.0,
        "Net Income From Continuing Operation Net Minority Interest": 427000000.0,
        "Reconciled Depreciation": 167700000.0,
        "Reconciled Cost Of Revenue": 1922400000.0,
        "EBITDA": 769100000.0,
        "EBIT": 601400000.0,
        "Net Interest Income": -51200000.0,
        "Normalized Income": 426924000.0,
        "Net Income From Continuing And Discontinued Operation": 427000000.0,
        "Total Expenses": 2650900000.0,
        "Total Operating Income As Reported": 599600000.0,
        "Diluted Average Shares": 210800000.0,
        "Basic Average Shares": 210000000.0,
        "Diluted EPS": 2.03,
        "Basic EPS": 2.03,
        "Diluted NI Availto Com Stockholders": 427000000.0,
        "Net Income Common Stockholders": 427000000.0,
        "Net Income": 427000000.0,
        "Minority Interests": 1700000.0,
        "Net Income Including Noncontrolling Interests": 425300000.0,
        "Net Income Continuous Operations": 425300000.0,
        "Tax Provision": 134600000.0,
        "Pretax Income": 559900000.0,
        "Other Income Expense": 9700000.0,
        "Other Non Operating Income Expenses": 11500000.0,
        "Special Income Charges": 100000.0,
        "Gain On Sale Of Ppe": -100000.0,
        "Gain On Sale Of Business": NaN,
        "Impairment Of Capital Assets": NaN,
        "Restructuring And Mergern Acquisition": -200000.0,
        "Earnings From Equity Interest": -1900000.0,
        "Net Non Operating Interest Income Expense": -51200000.0,
        "Total Other Finance Cost": 51200000.0,
        "Operating Income": 601400000.0,
        "Operating Expense": 728500000.0,
        "Selling General And Administration": 728500000.0,
        "General And Administrative Expense": 728500000.0,
        "Other Gand A": 728500000.0,
        "Salaries And Wages": -7300000.0,
        "Gross Profit": 1329900000.0,
        "Cost Of Revenue": 1922400000.0,
        "Total Revenue": 3252300000.0,
        "Excise Taxes": 585800000.0,
        "Operating Revenue": 3838100000.0
    },
    "2024-09-30": {
        "Tax Effect Of Unusual Items": -20398000.0,
        "Tax Rate For Calcs": 0.31,
        "Normalized EBITDA": 759000000.0,
        "Total Unusual Items": -65800000.0,
        "Total Unusual Items Excluding Goodwill": -65800000.0,
        "Net Income From Continuing Operation Net Minority Interest": 199800000.0,
        "Reconciled Depreciation": 175400000.0,
        "Reconciled Cost Of Revenue": 1840200000.0,
        "EBITDA": 693200000.0,
        "EBIT": 517800000.0,
        "Net Interest Income": -93100000.0,
        "Normalized Income": 245202000.0,
        "Net Income From Continuing And Discontinued Operation": 199800000.0,
        "Total Expenses": 2524900000.0,
        "Total Operating Income As Reported": 451200000.0,
        "Diluted Average Shares": 208000000.0,
        "Basic Average Shares": 207200000.0,
        "Diluted EPS": 0.96,
        "Basic EPS": 0.96,
        "Diluted NI Availto Com Stockholders": 199800000.0,
        "Net Income Common Stockholders": 199800000.0,
        "Net Income": 199800000.0,
        "Minority Interests": -29000000.0,
        "Net Income Including Noncontrolling Interests": 228800000.0,
        "Net Income Continuous Operations": 228800000.0,
        "Tax Provision": 102600000.0,
        "Pretax Income": 331400000.0,
        "Other Income Expense": -93300000.0,
        "Other Non Operating Income Expenses": -26700000.0,
        "Special Income Charges": -65800000.0,
        "Gain On Sale Of Ppe": -21900000.0,
        "Gain On Sale Of Business": -41700000.0,
        "Impairment Of Capital Assets": 0.0,
        "Restructuring And Mergern Acquisition": 2200000.0,
        "Earnings From Equity Interest": -800000.0,
        "Net Non Operating Interest Income Expense": -93100000.0,
        "Total Other Finance Cost": 93100000.0,
        "Operating Income": 517800000.0,
        "Operating Expense": 684700000.0,
        "Selling General And Administration": 684700000.0,
        "General And Administrative Expense": 684700000.0,
        "Other Gand A": 684700000.0,
        "Salaries And Wages": NaN,
        "Gross Profit": 1202500000.0,
        "Cost Of Revenue": 1840200000.0,
        "Total Revenue": 3042700000.0,
        "Excise Taxes": 560600000.0,
        "Operating Revenue": 3603300000.0
    }
}