{
    "2023-03-31": {
        "Tax Effect Of Unusual Items": -25066.869105,
        "Tax Rate For Calcs": 0.385644,
        "Normalized EBITDA": 35427000.0,
        "Total Unusual Items": -65000.0,
        "Total Unusual Items Excluding Goodwill": -65000.0,
        "Net Income From Continuing Operation Net Minority Interest": 9509000.0,
        "Reconciled Depreciation": 14785000.0,
        "Reconciled Cost Of Revenue": 137762000.0,
        "EBITDA": 35362000.0,
        "EBIT": 20577000.0,
        "Net Interest Income": -5099000.0,
        "Interest Expense": 5099000.0,
        "Normalized Income": 9548933.130895,
        "Net Income From Continuing And Discontinued Operation": 9509000.0,
        "Total Expenses": 216841000.0,
        "Total Operating Income As Reported": 18400000.0,
        "Diluted Average Shares": 100952573.0,
        "Basic Average Shares": 97561650.0,
        "Diluted EPS": 0.09,
        "Basic EPS": 0.1,
        "Diluted NI Availto Com Stockholders": 9509000.0,
        "Net Income Common Stockholders": 9509000.0,
        "Net Income": 9509000.0,
        "Net Income Including Noncontrolling Interests": 9509000.0,
        "Net Income Continuous Operations": 9509000.0,
        "Tax Provision": 5969000.0,
        "Pretax Income": 15478000.0,
        "Other Income Expense": 2112000.0,
        "Other Non Operating Income Expenses": 2177000.0,
        "Special Income Charges": -65000.0,
        "Gain On Sale Of Ppe": -65000.0,
        "Net Non Operating Interest Income Expense": -5099000.0,
        "Interest Expense Non Operating": 5099000.0,
        "Operating Income": 18465000.0,
        "Operating Expense": 79079000.0,
        "Depreciation Amortization Depletion Income Statement": 14785000.0,
        "Depreciation And Amortization In Income Statement": 14785000.0,
        "Amortization": 5124000.0,
        "Amortization Of Intangibles Income Statement": 5124000.0,
        "Depreciation Income Statement": 9661000.0,
        "Selling General And Administration": 64294000.0,
        "General And Administrative Expense": NaN,
        "Other Gand A": NaN,
        "Salaries And Wages": NaN,
        "Gross Profit": 97544000.0,
        "Cost Of Revenue": 137762000.0,
        "Total Revenue": 235306000.0,
        "Operating Revenue": 235306000.0
    },
    "2022-12-31": {
        "Tax Effect Of Unusual Items": -10290.0,
        "Tax Rate For Calcs": 0.21,
        "Normalized EBITDA": 46933000.0,
        "Total Unusual Items": -49000.0,
        "Total Unusual Items Excluding Goodwill": -49000.0,
        "Net Income From Continuing Operation Net Minority Interest": 15742000.0,
        "Reconciled Depreciation": 15046000.0,
        "Reconciled Cost Of Revenue": 139397000.0,
        "EBITDA": 46884000.0,
        "EBIT": 31838000.0,
        "Net Interest Income": -4256000.0,
        "Interest Expense": 4256000.0,
        "Normalized Income": 15780710.0,
        "Net Income From Continuing And Discontinued Operation": 15742000.0,
        "Total Expenses": 218932000.0,
        "Total Operating Income As Reported": 23239000.0,
        "Diluted Average Shares": 101193087.0,
        "Basic Average Shares": 97697881.0,
        "Diluted EPS": 0.16,
        "Basic EPS": 0.16,
        "Diluted NI Availto Com Stockholders": 15742000.0,
        "Net Income Common Stockholders": 15742000.0,
        "Net Income": 15742000.0,
        "Net Income Including Noncontrolling Interests": 15742000.0,
        "Net Income Continuous Operations": 15742000.0,
        "Tax Provision": 11840000.0,
        "Pretax Income": 27582000.0,
        "Other Income Expense": 8550000.0,
        "Other Non Operating Income Expenses": 8599000.0,
        "Special Income Charges": -49000.0,
        "Gain On Sale Of Ppe": -49000.0,
        "Net Non Operating Interest Income Expense": -4256000.0,
        "Interest Expense Non Operating": 4256000.0,
        "Operating Income": 23288000.0,
        "Operating Expense": 79535000.0,
        "Depreciation Amortization Depletion Income Statement": 15046000.0,
        "Depreciation And Amortization In Income Statement": 15046000.0,
        "Amortization": 5117000.0,
        "Amortization Of Intangibles Income Statement": 5117000.0,
        "Depreciation Income Statement": 9929000.0,
        "Selling General And Administration": 64489000.0,
        "General And Administrative Expense": NaN,
        "Other Gand A": NaN,
        "Salaries And Wages": NaN,
        "Gross Profit": 102823000.0,
        "Cost Of Revenue": 139397000.0,
        "Total Revenue": 242220000.0,
        "Operating Revenue": 242220000.0
    },
    "2022-09-30": {
        "Tax Effect Of Unusual Items": 1680.0,
        "Tax Rate For Calcs": 0.21,
        "Normalized EBITDA": 27626000.0,
        "Total Unusual Items": 8000.0,
        "Total Unusual Items Excluding Goodwill": 8000.0,
        "Net Income From Continuing Operation Net Minority Interest": 5365000.0,
        "Reconciled Depreciation": 14515000.0,
        "Reconciled Cost Of Revenue": 134544000.0,
        "EBITDA": 27634000.0,
        "EBIT": 13119000.0,
        "Net Interest Income": -3859000.0,
        "Interest Expense": 3859000.0,
        "Normalized Income": 5358680.0,
        "Net Income From Continuing And Discontinued Operation": 5365000.0,
        "Total Expenses": 211407000.0,
        "Total Operating Income As Reported": 20731000.0,
        "Diluted Average Shares": 101920413.0,
        "Basic Average Shares": 98299612.0,
        "Diluted EPS": 0.05,
        "Basic EPS": 0.05,
        "Diluted NI Availto Com Stockholders": 5365000.0,
        "Net Income Common Stockholders": 5365000.0,
        "Net Income": 5365000.0,
        "Net Income Including Noncontrolling Interests": 5365000.0,
        "Net Income Continuous Operations": 5365000.0,
        "Tax Provision": 3895000.0,
        "Pretax Income": 9260000.0,
        "Other Income Expense": -7604000.0,
        "Other Non Operating Income Expenses": -7612000.0,
        "Special Income Charges": 8000.0,
        "Gain On Sale Of Ppe": 8000.0,
        "Net Non Operating Interest Income Expense": -3859000.0,
        "Interest Expense Non Operating": 3859000.0,
        "Operating Income": 20723000.0,
        "Operating Expense": 76863000.0,
        "Depreciation Amortization Depletion Income Statement": 14515000.0,
        "Depreciation And Amortization In Income Statement": 14515000.0,
        "Amortization": 5087000.0,
        "Amortization Of Intangibles Income Statement": 5087000.0,
        "Depreciation Income Statement": 9428000.0,
        "Selling General And Administration": 62348000.0,
        "General And Administrative Expense": NaN,
        "Other Gand A": NaN,
        "Salaries And Wages": NaN,
        "Gross Profit": 97586000.0,
        "Cost Of Revenue": 134544000.0,
        "Total Revenue": 232130000.0,
        "Operating Revenue": 232130000.0
    },
    "2022-06-30": {
        "Tax Effect Of Unusual Items": -1053.410948,
        "Tax Rate For Calcs": 0.210682,
        "Normalized EBITDA": 26625000.0,
        "Total Unusual Items": -5000.0,
        "Total Unusual Items Excluding Goodwill": -5000.0,
        "Net Income From Continuing Operation Net Minority Interest": 7729000.0,
        "Reconciled Depreciation": 14624000.0,
        "Reconciled Cost Of Revenue": 143538000.0,
        "EBITDA": 26620000.0,
        "EBIT": 11996000.0,
        "Net Interest Income": -2204000.0,
        "Interest Expense": 2204000.0,
        "Normalized Income": 7732946.589052,
        "Net Income From Continuing And Discontinued Operation": 7729000.0,
        "Total Expenses": 227081000.0,
        "Total Operating Income As Reported": 19373000.0,
        "Diluted Average Shares": 103177186.0,
        "Basic Average Shares": 97783809.0,
        "Diluted EPS": 0.07,
        "Basic EPS": 0.08,
        "Diluted NI Availto Com Stockholders": 7729000.0,
        "Net Income Common Stockholders": 7729000.0,
        "Net Income": 7729000.0,
        "Net Income Including Noncontrolling Interests": 7729000.0,
        "Net Income Continuous Operations": 7729000.0,
        "Tax Provision": 2063000.0,
        "Pretax Income": 9792000.0,
        "Other Income Expense": -7382000.0,
        "Other Non Operating Income Expenses": -7377000.0,
        "Special Income Charges": -5000.0,
        "Gain On Sale Of Ppe": -5000.0,
        "Net Non Operating Interest Income Expense": -2204000.0,
        "Interest Expense Non Operating": 2204000.0,
        "Operating Income": 19378000.0,
        "Operating Expense": 83543000.0,
        "Depreciation Amortization Depletion Income Statement": 14624000.0,
        "Depreciation And Amortization In Income Statement": 14624000.0,
        "Amortization": 4967000.0,
        "Amortization Of Intangibles Income Statement": 4967000.0,
        "Depreciation Income Statement": 9657000.0,
        "Selling General And Administration": 68919000.0,
        "General And Administrative Expense": NaN,
        "Other Gand A": NaN,
        "Salaries And Wages": NaN,
        "Gross Profit": 102921000.0,
        "Cost Of Revenue": 143538000.0,
        "Total Revenue": 246459000.0,
        "Operating Revenue": 246459000.0
    },
    "2022-03-31": {
        "Diluted EPS": 0.11,
        "Total Revenue": 240,
        "Gross Profit": 98,
        "Operating Income": 21,
        "EBIT": 34,
        "Net Income": 12
    },
    "2021-12-31": {
        "Diluted EPS": 0.23,
        "Total Revenue": 227,
        "Gross Profit": 99,
        "Operating Income": 20,
        "EBIT": 34,
        "Net Income": 19
    },
    "2021-09-30": {
        "Diluted EPS": 0.11,
        "Total Revenue": 201,
        "Gross Profit": 89,
        "Operating Income": 16,
        "EBIT": 28,
        "Net Income": 12
    },
    "2021-06-30": {
        "Diluted EPS": -1.14,
        "Total Revenue": 180,
        "Gross Profit": 76,
        "Operating Income": -113,
        "EBIT": -101,
        "Net Income": -106
    },
    "2021-03-31": {
        "Diluted EPS": 0.18,
        "Total Revenue": 153,
        "Gross Profit": 65,
        "Operating Income": 22,
        "EBIT": 33,
        "Net Income": 17
    },
    "2020-12-31": {
        "Diluted EPS": 0.0,
        "Total Revenue": NaN,
        "Gross Profit": NaN,
        "Operating Income": NaN,
        "EBIT": NaN,
        "Net Income": NaN
    },
    "2020-09-30": {
        "Diluted EPS": 0.12,
        "Total Revenue": 122,
        "Gross Profit": 57,
        "Operating Income": 16,
        "EBIT": 25,
        "Net Income": 11
    },
    "2020-06-30": {
        "Diluted EPS": 0.09,
        "Total Revenue": 114,
        "Gross Profit": 50,
        "Operating Income": 10,
        "EBIT": 10,
        "Net Income": 8
    },
    "2019-12-31": {
        "Diluted EPS": 0.0,
        "Total Revenue": NaN,
        "Gross Profit": NaN,
        "Operating Income": NaN,
        "EBIT": NaN,
        "Net Income": NaN
    },
    "2023-06-30": {
        "Tax Effect Of Unusual Items": -14070.0,
        "Tax Rate For Calcs": 0.21,
        "Normalized EBITDA": 38124000.0,
        "Total Unusual Items": -67000.0,
        "Total Unusual Items Excluding Goodwill": -67000.0,
        "Net Income From Continuing Operation Net Minority Interest": 10132000.0,
        "Reconciled Depreciation": 15204000.0,
        "Reconciled Cost Of Revenue": 133554000.0,
        "EBITDA": 38057000.0,
        "EBIT": 22853000.0,
        "Net Interest Income": -5330000.0,
        "Interest Expense": 5330000.0,
        "Normalized Income": 10184930.0,
        "Net Income From Continuing And Discontinued Operation": 10132000.0,
        "Total Expenses": 206933000.0,
        "Total Operating Income As Reported": 22169000.0,
        "Diluted Average Shares": 98200005.0,
        "Basic Average Shares": 96524111.0,
        "Diluted EPS": 0.1,
        "Basic EPS": 0.1,
        "Diluted NI Availto Com Stockholders": 10132000.0,
        "Net Income Common Stockholders": 10132000.0,
        "Net Income": 10132000.0,
        "Net Income Including Noncontrolling Interests": 10132000.0,
        "Net Income Continuous Operations": 10132000.0,
        "Tax Provision": 7391000.0,
        "Pretax Income": 17523000.0,
        "Other Income Expense": 617000.0,
        "Other Non Operating Income Expenses": 684000.0,
        "Special Income Charges": -67000.0,
        "Gain On Sale Of Ppe": -67000.0,
        "Net Non Operating Interest Income Expense": -5330000.0,
        "Interest Expense Non Operating": 5330000.0,
        "Operating Income": 22236000.0,
        "Operating Expense": 73379000.0,
        "Depreciation Amortization Depletion Income Statement": 15204000.0,
        "Depreciation And Amortization In Income Statement": 15204000.0,
        "Amortization": 5125000.0,
        "Amortization Of Intangibles Income Statement": 5125000.0,
        "Depreciation Income Statement": 10079000.0,
        "Selling General And Administration": 58175000.0,
        "General And Administrative Expense": 58175000.0,
        "Other Gand A": 44173000.0,
        "Salaries And Wages": 14002000.0,
        "Gross Profit": 95615000.0,
        "Cost Of Revenue": 133554000.0,
        "Total Revenue": 229169000.0,
        "Operating Revenue": 229169000.0
    },
    "2023-09-30": {
        "Tax Effect Of Unusual Items": -203520.0,
        "Tax Rate For Calcs": 0.318,
        "Normalized EBITDA": 35478000.0,
        "Total Unusual Items": -640000.0,
        "Total Unusual Items Excluding Goodwill": -640000.0,
        "Net Income From Continuing Operation Net Minority Interest": 9772000.0,
        "Reconciled Depreciation": 14789000.0,
        "Reconciled Cost Of Revenue": 130139000.0,
        "EBITDA": 34838000.0,
        "EBIT": 20049000.0,
        "Net Interest Income": -5712000.0,
        "Interest Expense": 5712000.0,
        "Normalized Income": 10208480.0,
        "Net Income From Continuing And Discontinued Operation": 9772000.0,
        "Total Expenses": 202042000.0,
        "Total Operating Income As Reported": 22944000.0,
        "Diluted Average Shares": 94035111.0,
        "Basic Average Shares": 92480316.0,
        "Diluted EPS": 0.1,
        "Basic EPS": 0.11,
        "Diluted NI Availto Com Stockholders": 9772000.0,
        "Net Income Common Stockholders": 9772000.0,
        "Net Income": 9772000.0,
        "Net Income Including Noncontrolling Interests": 9772000.0,
        "Net Income Continuous Operations": 9772000.0,
        "Tax Provision": 4565000.0,
        "Pretax Income": 14337000.0,
        "Other Income Expense": -3535000.0,
        "Other Non Operating Income Expenses": -2895000.0,
        "Special Income Charges": -640000.0,
        "Gain On Sale Of Ppe": -640000.0,
        "Net Non Operating Interest Income Expense": -5712000.0,
        "Interest Expense Non Operating": 5712000.0,
        "Operating Income": 23584000.0,
        "Operating Expense": 71903000.0,
        "Depreciation Amortization Depletion Income Statement": 14789000.0,
        "Depreciation And Amortization In Income Statement": 14789000.0,
        "Amortization": 5027000.0,
        "Amortization Of Intangibles Income Statement": 5027000.0,
        "Depreciation Income Statement": 9762000.0,
        "Selling General And Administration": 57114000.0,
        "General And Administrative Expense": NaN,
        "Other Gand A": NaN,
        "Salaries And Wages": NaN,
        "Gross Profit": 95487000.0,
        "Cost Of Revenue": 130139000.0,
        "Total Revenue": 225626000.0,
        "Operating Revenue": 225626000.0
    },
    "2023-12-31": {
        "Tax Effect Of Unusual Items": -115500.0,
        "Tax Rate For Calcs": 0.21,
        "Normalized EBITDA": 49779000.0,
        "Total Unusual Items": -550000.0,
        "Total Unusual Items Excluding Goodwill": -550000.0,
        "Net Income From Continuing Operation Net Minority Interest": 16277000.0,
        "Reconciled Depreciation": 15959000.0,
        "Reconciled Cost Of Revenue": 137290000.0,
        "EBITDA": 49229000.0,
        "EBIT": 33270000.0,
        "Net Interest Income": -5576000.0,
        "Interest Expense": 5576000.0,
        "Normalized Income": 16711500.0,
        "Net Income From Continuing And Discontinued Operation": 16277000.0,
        "Total Expenses": 202189000.0,
        "Total Operating Income As Reported": 31525000.0,
        "Diluted Average Shares": 91504594.0,
        "Basic Average Shares": 89189646.0,
        "Diluted EPS": 0.18,
        "Basic EPS": 0.18,
        "Diluted NI Availto Com Stockholders": 16277000.0,
        "Net Income Common Stockholders": 16277000.0,
        "Net Income": 16277000.0,
        "Net Income Including Noncontrolling Interests": 16277000.0,
        "Net Income Continuous Operations": 16277000.0,
        "Tax Provision": 11417000.0,
        "Pretax Income": 27694000.0,
        "Other Income Expense": 1195000.0,
        "Other Non Operating Income Expenses": 1745000.0,
        "Special Income Charges": -550000.0,
        "Gain On Sale Of Ppe": -550000.0,
        "Net Non Operating Interest Income Expense": -5576000.0,
        "Interest Expense Non Operating": 5576000.0,
        "Operating Income": 32075000.0,
        "Operating Expense": 64899000.0,
        "Depreciation Amortization Depletion Income Statement": 15959000.0,
        "Depreciation And Amortization In Income Statement": 15959000.0,
        "Amortization": 5070000.0,
        "Amortization Of Intangibles Income Statement": 5070000.0,
        "Depreciation Income Statement": 10889000.0,
        "Selling General And Administration": 48940000.0,
        "General And Administrative Expense": NaN,
        "Other Gand A": NaN,
        "Salaries And Wages": NaN,
        "Gross Profit": 96974000.0,
        "Cost Of Revenue": 137290000.0,
        "Total Revenue": 234264000.0,
        "Operating Revenue": 234264000.0
    },
    "2024-03-31": {
        "Tax Effect Of Unusual Items": 63215.673362,
        "Tax Rate For Calcs": 0.357151,
        "Normalized EBITDA": 39357000.0,
        "Total Unusual Items": 177000.0,
        "Total Unusual Items Excluding Goodwill": 177000.0,
        "Net Income From Continuing Operation Net Minority Interest": 11714000.0,
        "Reconciled Depreciation": 15774000.0,
        "Reconciled Cost Of Revenue": 135411000.0,
        "EBITDA": 39534000.0,
        "EBIT": 23760000.0,
        "Net Interest Income": -5538000.0,
        "Interest Expense": 5538000.0,
        "Normalized Income": 11600215.673362,
        "Net Income From Continuing And Discontinued Operation": 11714000.0,
        "Total Expenses": 204089000.0,
        "Total Operating Income As Reported": 23558000.0,
        "Diluted Average Shares": 91849886.0,
        "Basic Average Shares": 88795211.0,
        "Diluted EPS": 0.13,
        "Basic EPS": 0.13,
        "Diluted NI Availto Com Stockholders": 11714000.0,
        "Net Income Common Stockholders": 11714000.0,
        "Net Income": 11714000.0,
        "Net Income Including Noncontrolling Interests": 11714000.0,
        "Net Income Continuous Operations": 11714000.0,
        "Tax Provision": 6508000.0,
        "Pretax Income": 18222000.0,
        "Other Income Expense": 379000.0,
        "Other Non Operating Income Expenses": 202000.0,
        "Special Income Charges": 177000.0,
        "Gain On Sale Of Ppe": 177000.0,
        "Net Non Operating Interest Income Expense": -5538000.0,
        "Interest Expense Non Operating": 5538000.0,
        "Operating Income": 23381000.0,
        "Operating Expense": 68678000.0,
        "Depreciation Amortization Depletion Income Statement": 15774000.0,
        "Depreciation And Amortization In Income Statement": 15774000.0,
        "Amortization": 4985000.0,
        "Amortization Of Intangibles Income Statement": 4985000.0,
        "Depreciation Income Statement": 10789000.0,
        "Selling General And Administration": 52904000.0,
        "General And Administrative Expense": NaN,
        "Other Gand A": NaN,
        "Salaries And Wages": NaN,
        "Gross Profit": 92059000.0,
        "Cost Of Revenue": 135411000.0,
        "Total Revenue": 227470000.0,
        "Operating Revenue": 227470000.0
    }
}