{
    "2023-03-31": {
        "Tax Effect Of Unusual Items": NaN,
        "Tax Rate For Calcs": NaN,
        "Normalized EBITDA": NaN,
        "Total Unusual Items": 0.0,
        "Total Unusual Items Excluding Goodwill": 0.0,
        "Net Income From Continuing Operation Net Minority Interest": NaN,
        "Reconciled Depreciation": NaN,
        "Reconciled Cost Of Revenue": NaN,
        "EBITDA": NaN,
        "EBIT": NaN,
        "Net Interest Income": NaN,
        "Interest Expense": NaN,
        "Interest Income": NaN,
        "Normalized Income": NaN,
        "Net Income From Continuing And Discontinued Operation": NaN,
        "Total Expenses": NaN,
        "Total Operating Income As Reported": NaN,
        "Diluted Average Shares": 8911546.0,
        "Basic Average Shares": 8911546.0,
        "Diluted EPS": 0.074,
        "Basic EPS": 0.074,
        "Diluted NI Availto Com Stockholders": NaN,
        "Net Income Common Stockholders": NaN,
        "Net Income": NaN,
        "Net Income Including Noncontrolling Interests": NaN,
        "Net Income Discontinuous Operations": 0.0,
        "Net Income Continuous Operations": NaN,
        "Earnings From Equity Interest Net Of Tax": NaN,
        "Tax Provision": NaN,
        "Pretax Income": NaN,
        "Other Income Expense": NaN,
        "Special Income Charges": 0.0,
        "Restructuring And Mergern Acquisition": 0.0,
        "Net Non Operating Interest Income Expense": NaN,
        "Total Other Finance Cost": 19000.0,
        "Interest Expense Non Operating": NaN,
        "Interest Income Non Operating": NaN,
        "Operating Income": NaN,
        "Operating Expense": NaN,
        "Other Operating Expenses": NaN,
        "Research And Development": NaN,
        "Selling General And Administration": NaN,
        "Selling And Marketing Expense": NaN,
        "General And Administrative Expense": NaN,
        "Other Gand A": NaN,
        "Gross Profit": NaN,
        "Cost Of Revenue": NaN,
        "Total Revenue": NaN,
        "Operating Revenue": NaN
    },
    "2022-12-31": {
        "Tax Effect Of Unusual Items": NaN,
        "Tax Rate For Calcs": NaN,
        "Normalized EBITDA": NaN,
        "Total Unusual Items": -42000.0,
        "Total Unusual Items Excluding Goodwill": -42000.0,
        "Net Income From Continuing Operation Net Minority Interest": NaN,
        "Reconciled Depreciation": NaN,
        "Reconciled Cost Of Revenue": NaN,
        "EBITDA": NaN,
        "EBIT": NaN,
        "Net Interest Income": NaN,
        "Interest Expense": NaN,
        "Interest Income": 382000.0,
        "Normalized Income": NaN,
        "Net Income From Continuing And Discontinued Operation": NaN,
        "Total Expenses": NaN,
        "Total Operating Income As Reported": NaN,
        "Diluted Average Shares": NaN,
        "Basic Average Shares": NaN,
        "Diluted EPS": NaN,
        "Basic EPS": NaN,
        "Diluted NI Availto Com Stockholders": NaN,
        "Net Income Common Stockholders": NaN,
        "Net Income": NaN,
        "Net Income Including Noncontrolling Interests": NaN,
        "Net Income Discontinuous Operations": 0.0,
        "Net Income Continuous Operations": NaN,
        "Earnings From Equity Interest Net Of Tax": NaN,
        "Tax Provision": NaN,
        "Pretax Income": NaN,
        "Other Income Expense": -42000.0,
        "Special Income Charges": -42000.0,
        "Restructuring And Mergern Acquisition": 42000.0,
        "Net Non Operating Interest Income Expense": NaN,
        "Total Other Finance Cost": -382000.0,
        "Interest Expense Non Operating": NaN,
        "Interest Income Non Operating": 382000.0,
        "Operating Income": NaN,
        "Operating Expense": NaN,
        "Other Operating Expenses": NaN,
        "Research And Development": NaN,
        "Selling General And Administration": NaN,
        "Selling And Marketing Expense": NaN,
        "General And Administrative Expense": NaN,
        "Other Gand A": NaN,
        "Gross Profit": NaN,
        "Cost Of Revenue": NaN,
        "Total Revenue": NaN,
        "Operating Revenue": NaN
    },
    "2022-09-30": {
        "Tax Effect Of Unusual Items": NaN,
        "Tax Rate For Calcs": NaN,
        "Normalized EBITDA": NaN,
        "Total Unusual Items": NaN,
        "Total Unusual Items Excluding Goodwill": NaN,
        "Net Income From Continuing Operation Net Minority Interest": NaN,
        "Reconciled Depreciation": NaN,
        "Reconciled Cost Of Revenue": NaN,
        "EBITDA": NaN,
        "EBIT": NaN,
        "Net Interest Income": NaN,
        "Interest Expense": NaN,
        "Interest Income": 356000.0,
        "Normalized Income": NaN,
        "Net Income From Continuing And Discontinued Operation": NaN,
        "Total Expenses": NaN,
        "Total Operating Income As Reported": NaN,
        "Diluted Average Shares": 9134476.0,
        "Basic Average Shares": 8929332.0,
        "Diluted EPS": -0.04,
        "Basic EPS": -0.04,
        "Diluted NI Availto Com Stockholders": NaN,
        "Net Income Common Stockholders": NaN,
        "Net Income": NaN,
        "Net Income Including Noncontrolling Interests": NaN,
        "Net Income Discontinuous Operations": 0.0,
        "Net Income Continuous Operations": NaN,
        "Earnings From Equity Interest Net Of Tax": NaN,
        "Tax Provision": NaN,
        "Pretax Income": NaN,
        "Other Income Expense": 30000.0,
        "Special Income Charges": NaN,
        "Restructuring And Mergern Acquisition": NaN,
        "Net Non Operating Interest Income Expense": NaN,
        "Total Other Finance Cost": NaN,
        "Interest Expense Non Operating": NaN,
        "Interest Income Non Operating": 356000.0,
        "Operating Income": NaN,
        "Operating Expense": NaN,
        "Other Operating Expenses": NaN,
        "Research And Development": NaN,
        "Selling General And Administration": NaN,
        "Selling And Marketing Expense": NaN,
        "General And Administrative Expense": NaN,
        "Other Gand A": NaN,
        "Gross Profit": NaN,
        "Cost Of Revenue": NaN,
        "Total Revenue": NaN,
        "Operating Revenue": NaN
    },
    "2022-06-30": {
        "Tax Effect Of Unusual Items": -310000.0,
        "Tax Rate For Calcs": 0.4,
        "Normalized EBITDA": 1551000.0,
        "Total Unusual Items": -775000.0,
        "Total Unusual Items Excluding Goodwill": -775000.0,
        "Net Income From Continuing Operation Net Minority Interest": -132000.0,
        "Reconciled Depreciation": 926000.0,
        "Reconciled Cost Of Revenue": 16743000.0,
        "EBITDA": 776000.0,
        "EBIT": -150000.0,
        "Net Interest Income": 508000.0,
        "Interest Expense": NaN,
        "Normalized Income": 333000.0,
        "Net Income From Continuing And Discontinued Operation": -132000.0,
        "Total Expenses": 20925000.0,
        "Total Operating Income As Reported": -925000.0,
        "Diluted Average Shares": 8886546.0,
        "Basic Average Shares": 8886546.0,
        "Diluted EPS": -0.01,
        "Basic EPS": -0.01,
        "Diluted NI Availto Com Stockholders": -132000.0,
        "Net Income Common Stockholders": -132000.0,
        "Net Income": -132000.0,
        "Net Income Including Noncontrolling Interests": -132000.0,
        "Net Income Discontinuous Operations": 0.0,
        "Net Income Continuous Operations": -132000.0,
        "Earnings From Equity Interest Net Of Tax": 115000.0,
        "Tax Provision": -170000.0,
        "Pretax Income": -417000.0,
        "Other Income Expense": -775000.0,
        "Special Income Charges": -775000.0,
        "Restructuring And Mergern Acquisition": 775000.0,
        "Net Non Operating Interest Income Expense": 508000.0,
        "Total Other Finance Cost": -508000.0,
        "Interest Expense Non Operating": NaN,
        "Operating Income": -150000.0,
        "Operating Expense": 4182000.0,
        "Other Operating Expenses": -9000.0,
        "Research And Development": 180000.0,
        "Selling General And Administration": 4011000.0,
        "Selling And Marketing Expense": 1517000.0,
        "General And Administrative Expense": 2494000.0,
        "Other Gand A": 2494000.0,
        "Gross Profit": 4032000.0,
        "Cost Of Revenue": 16743000.0,
        "Total Revenue": 20775000.0,
        "Operating Revenue": 20775000.0
    },
    "2022-03-31": {
        "Diluted EPS": -0.17,
        "Total Revenue": 20,
        "Gross Profit": 3,
        "Operating Income": -1,
        "EBIT": -1,
        "Net Income": -2
    },
    "2021-12-31": {
        "Diluted EPS": -0.08,
        "Total Revenue": 20,
        "Gross Profit": 2,
        "Operating Income": -1,
        "EBIT": 1,
        "Net Income": -1
    },
    "2021-09-30": {
        "Diluted EPS": -0.11,
        "Total Revenue": 18,
        "Gross Profit": 3,
        "Operating Income": -1,
        "EBIT": 1,
        "Net Income": -1
    },
    "2021-06-30": {
        "Diluted EPS": -0.28,
        "Total Revenue": 22,
        "Gross Profit": 3,
        "Operating Income": -3,
        "EBIT": -2,
        "Net Income": -2
    },
    "2021-03-31": {
        "Diluted EPS": 0.07,
        "Total Revenue": 18,
        "Gross Profit": 3,
        "Operating Income": 0,
        "EBIT": 1,
        "Net Income": 1
    },
    "2020-12-31": {
        "Diluted EPS": -0.23,
        "Total Revenue": 17,
        "Gross Profit": 1,
        "Operating Income": -3,
        "EBIT": -2,
        "Net Income": -2
    },
    "2020-09-30": {
        "Diluted EPS": -0.16,
        "Total Revenue": 17,
        "Gross Profit": 1,
        "Operating Income": -1,
        "EBIT": 0,
        "Net Income": -2
    },
    "2020-06-30": {
        "Diluted EPS": -0.26,
        "Total Revenue": 17,
        "Gross Profit": 2,
        "Operating Income": -1,
        "EBIT": 0,
        "Net Income": -2
    },
    "2020-03-31": {
        "Diluted EPS": 0.05,
        "Total Revenue": 25,
        "Gross Profit": 5,
        "Operating Income": 1,
        "EBIT": 2,
        "Net Income": 0
    },
    "2019-12-31": {
        "Diluted EPS": 0.05,
        "Total Revenue": 24,
        "Gross Profit": 4,
        "Operating Income": 1,
        "EBIT": 2,
        "Net Income": 0
    },
    "2019-09-30": {
        "Diluted EPS": 0.02,
        "Total Revenue": 25,
        "Gross Profit": 4,
        "Operating Income": 1,
        "EBIT": 2,
        "Net Income": 0
    },
    "2019-06-30": {
        "Diluted EPS": 0.02,
        "Total Revenue": 25,
        "Gross Profit": 4,
        "Operating Income": 1,
        "EBIT": 2,
        "Net Income": 0
    },
    "2019-03-31": {
        "Diluted EPS": 0.01,
        "Total Revenue": 23,
        "Gross Profit": 3,
        "Operating Income": 0,
        "EBIT": 1,
        "Net Income": 0
    },
    "2018-12-31": {
        "Diluted EPS": -0.2,
        "Total Revenue": 21,
        "Gross Profit": 0,
        "Operating Income": -3,
        "EBIT": 0,
        "Net Income": -2
    },
    "2018-09-30": {
        "Diluted EPS": -0.06,
        "Total Revenue": 23,
        "Gross Profit": 3,
        "Operating Income": 0,
        "EBIT": -2,
        "Net Income": -1
    },
    "2018-06-30": {
        "Diluted EPS": -0.16,
        "Total Revenue": 25,
        "Gross Profit": 3,
        "Operating Income": -1,
        "EBIT": 0,
        "Net Income": -1
    },
    "2018-03-31": {
        "Diluted EPS": -0.08,
        "Total Revenue": 24,
        "Gross Profit": 3,
        "Operating Income": -1,
        "EBIT": 0,
        "Net Income": -1
    },
    "2017-12-31": {
        "Diluted EPS": -0.04,
        "Total Revenue": 26,
        "Gross Profit": 5,
        "Operating Income": 1,
        "EBIT": 2,
        "Net Income": 0
    },
    "2017-09-30": {
        "Diluted EPS": 0.1,
        "Total Revenue": 27,
        "Gross Profit": 5,
        "Operating Income": 1,
        "EBIT": 2,
        "Net Income": 1
    },
    "2017-06-30": {
        "Diluted EPS": 0.07,
        "Total Revenue": 27,
        "Gross Profit": 5,
        "Operating Income": 1,
        "EBIT": 2,
        "Net Income": 1
    },
    "2017-03-31": {
        "Diluted EPS": 0.14,
        "Total Revenue": 27,
        "Gross Profit": 6,
        "Operating Income": 2,
        "EBIT": 3,
        "Net Income": 1
    },
    "2016-12-31": {
        "Diluted EPS": 0.18,
        "Total Revenue": 25,
        "Gross Profit": 6,
        "Operating Income": 2,
        "EBIT": 3,
        "Net Income": 2
    },
    "2016-09-30": {
        "Diluted EPS": 0.1,
        "Total Revenue": 24,
        "Gross Profit": 5,
        "Operating Income": 1,
        "EBIT": 2,
        "Net Income": 1
    },
    "2016-06-30": {
        "Diluted EPS": -0.28,
        "Total Revenue": 24,
        "Gross Profit": 4,
        "Operating Income": 0,
        "EBIT": 1,
        "Net Income": -2
    },
    "2016-03-31": {
        "Diluted EPS": 0.01,
        "Total Revenue": 24,
        "Gross Profit": 4,
        "Operating Income": 0,
        "EBIT": 1,
        "Net Income": 0
    },
    "2015-12-31": {
        "Diluted EPS": 0.34,
        "Total Revenue": 22,
        "Gross Profit": 2,
        "Operating Income": 3,
        "EBIT": 4,
        "Net Income": 3
    },
    "2015-09-30": {
        "Diluted EPS": 0.02,
        "Total Revenue": 22,
        "Gross Profit": 3,
        "Operating Income": 0,
        "EBIT": 1,
        "Net Income": 0
    },
    "2015-06-30": {
        "Diluted EPS": 0.08,
        "Total Revenue": 21,
        "Gross Profit": 4,
        "Operating Income": 1,
        "EBIT": 2,
        "Net Income": 1
    },
    "2015-03-31": {
        "Diluted EPS": 0.22,
        "Total Revenue": 20,
        "Gross Profit": 4,
        "Operating Income": 1,
        "EBIT": 2,
        "Net Income": 2
    },
    "2014-12-31": {
        "Diluted EPS": 0.12,
        "Total Revenue": 21,
        "Gross Profit": 4,
        "Operating Income": 2,
        "EBIT": 4,
        "Net Income": 1
    },
    "2014-09-30": {
        "Diluted EPS": -0.05,
        "Total Revenue": 20,
        "Gross Profit": 4,
        "Operating Income": 1,
        "EBIT": 1,
        "Net Income": 0
    },
    "2014-06-30": {
        "Diluted EPS": 0.04,
        "Total Revenue": 21,
        "Gross Profit": 4,
        "Operating Income": 1,
        "EBIT": 1,
        "Net Income": 0
    },
    "2014-03-31": {
        "Diluted EPS": 0.05,
        "Total Revenue": 18,
        "Gross Profit": 4,
        "Operating Income": 0,
        "EBIT": 0,
        "Net Income": 0
    },
    "2013-12-31": {
        "Diluted EPS": -0.08,
        "Total Revenue": 15,
        "Gross Profit": 3,
        "Operating Income": 2,
        "EBIT": 2,
        "Net Income": 0
    },
    "2013-09-30": {
        "Diluted EPS": 0.09,
        "Total Revenue": 21,
        "Gross Profit": 5,
        "Operating Income": 1,
        "EBIT": 1,
        "Net Income": 1
    },
    "2013-06-30": {
        "Diluted EPS": 0.12,
        "Total Revenue": 22,
        "Gross Profit": 5,
        "Operating Income": 1,
        "EBIT": 1,
        "Net Income": 1
    },
    "2013-03-31": {
        "Diluted EPS": 0.19,
        "Total Revenue": 22,
        "Gross Profit": 5,
        "Operating Income": 1,
        "EBIT": 1,
        "Net Income": 2
    },
    "2012-12-31": {
        "Diluted EPS": 0.04,
        "Total Revenue": 23,
        "Gross Profit": 6,
        "Operating Income": 1,
        "EBIT": 1,
        "Net Income": 0
    },
    "2012-09-30": {
        "Diluted EPS": 0.2,
        "Total Revenue": 22,
        "Gross Profit": 6,
        "Operating Income": 2,
        "EBIT": 2,
        "Net Income": 2
    },
    "2012-06-30": {
        "Diluted EPS": -0.48,
        "Total Revenue": 22,
        "Gross Profit": 6,
        "Operating Income": 2,
        "EBIT": 2,
        "Net Income": -4
    },
    "2012-03-31": {
        "Diluted EPS": 0.06,
        "Total Revenue": 21,
        "Gross Profit": 5,
        "Operating Income": 1,
        "EBIT": 1,
        "Net Income": 1
    },
    "2011-12-31": {
        "Diluted EPS": 0.01,
        "Total Revenue": 23,
        "Gross Profit": 5,
        "Operating Income": 1,
        "EBIT": 1,
        "Net Income": 0
    },
    "2011-09-30": {
        "Diluted EPS": -0.37,
        "Total Revenue": 21,
        "Gross Profit": -1,
        "Operating Income": -5,
        "EBIT": -5,
        "Net Income": -3
    },
    "2011-06-30": {
        "Diluted EPS": 0.07,
        "Total Revenue": 20,
        "Gross Profit": 4,
        "Operating Income": 0,
        "EBIT": 0,
        "Net Income": 1
    },
    "2011-03-31": {
        "Diluted EPS": 0.17,
        "Total Revenue": 21,
        "Gross Profit": 6,
        "Operating Income": 2,
        "EBIT": 2,
        "Net Income": 2
    },
    "2010-12-31": {
        "Diluted EPS": -0.32,
        "Total Revenue": 24,
        "Gross Profit": 7,
        "Operating Income": 1,
        "EBIT": 1,
        "Net Income": -3
    },
    "2010-09-30": {
        "Diluted EPS": -0.58,
        "Total Revenue": 19,
        "Gross Profit": 0,
        "Operating Income": -4,
        "EBIT": -4,
        "Net Income": -5
    },
    "2010-06-30": {
        "Diluted EPS": 0.01,
        "Total Revenue": 19,
        "Gross Profit": 4,
        "Operating Income": 0,
        "EBIT": 0,
        "Net Income": 0
    },
    "2010-03-31": {
        "Diluted EPS": 0.08,
        "Total Revenue": 18,
        "Gross Profit": 4,
        "Operating Income": 1,
        "EBIT": 1,
        "Net Income": 1
    },
    "2009-12-31": {
        "Diluted EPS": -0.12,
        "Total Revenue": 18,
        "Gross Profit": 2,
        "Operating Income": -1,
        "EBIT": -1,
        "Net Income": -1
    },
    "2009-09-30": {
        "Diluted EPS": 0.13,
        "Total Revenue": 19,
        "Gross Profit": 4,
        "Operating Income": 0,
        "EBIT": 0,
        "Net Income": 1
    },
    "2009-06-30": {
        "Diluted EPS": 0.08,
        "Total Revenue": 21,
        "Gross Profit": 4,
        "Operating Income": 0,
        "EBIT": 0,
        "Net Income": 1
    },
    "2009-03-31": {
        "Diluted EPS": 0.16,
        "Total Revenue": 26,
        "Gross Profit": 7,
        "Operating Income": 3,
        "EBIT": 3,
        "Net Income": 1
    },
    "2023-06-30": {
        "Tax Effect Of Unusual Items": 0.0,
        "Tax Rate For Calcs": 0.23,
        "Normalized EBITDA": 2600000.0,
        "Total Unusual Items": 0.0,
        "Total Unusual Items Excluding Goodwill": 0.0,
        "Net Income From Continuing Operation Net Minority Interest": 1475000.0,
        "Reconciled Depreciation": 901000.0,
        "Reconciled Cost Of Revenue": 21378000.0,
        "EBITDA": 2600000.0,
        "EBIT": 1699000.0,
        "Net Interest Income": -273000.0,
        "Interest Expense": 440000.0,
        "Interest Income": 167000.0,
        "Normalized Income": 1475000.0,
        "Net Income From Continuing And Discontinued Operation": 1475000.0,
        "Total Expenses": 25272000.0,
        "Total Operating Income As Reported": 1532000.0,
        "Diluted Average Shares": 9052163.0,
        "Basic Average Shares": 8942423.0,
        "Diluted EPS": 0.15,
        "Basic EPS": 0.16,
        "Diluted NI Availto Com Stockholders": 1475000.0,
        "Net Income Common Stockholders": 1475000.0,
        "Net Income": 1475000.0,
        "Net Income Including Noncontrolling Interests": 1475000.0,
        "Net Income Discontinuous Operations": NaN,
        "Net Income Continuous Operations": 1475000.0,
        "Earnings From Equity Interest Net Of Tax": 153000.0,
        "Tax Provision": -63000.0,
        "Pretax Income": 1259000.0,
        "Other Income Expense": NaN,
        "Special Income Charges": 0.0,
        "Restructuring And Mergern Acquisition": 0.0,
        "Net Non Operating Interest Income Expense": -273000.0,
        "Total Other Finance Cost": -167000.0,
        "Interest Expense Non Operating": 440000.0,
        "Interest Income Non Operating": 167000.0,
        "Operating Income": 1532000.0,
        "Operating Expense": 3894000.0,
        "Other Operating Expenses": -35000.0,
        "Research And Development": 157000.0,
        "Selling General And Administration": 3772000.0,
        "Selling And Marketing Expense": 1298000.0,
        "General And Administrative Expense": 2474000.0,
        "Other Gand A": 2474000.0,
        "Gross Profit": 5426000.0,
        "Cost Of Revenue": 21378000.0,
        "Total Revenue": 26804000.0,
        "Operating Revenue": 26804000.0
    },
    "2023-09-30": {
        "Tax Effect Of Unusual Items": 0.0,
        "Tax Rate For Calcs": 0.23,
        "Normalized EBITDA": 3142000.0,
        "Total Unusual Items": 0.0,
        "Total Unusual Items Excluding Goodwill": 0.0,
        "Net Income From Continuing Operation Net Minority Interest": 2151000.0,
        "Reconciled Depreciation": 1099000.0,
        "Reconciled Cost Of Revenue": 24121000.0,
        "EBITDA": 3142000.0,
        "EBIT": 2043000.0,
        "Net Interest Income": -125000.0,
        "Interest Expense": 408000.0,
        "Interest Income": 283000.0,
        "Normalized Income": 2151000.0,
        "Net Income From Continuing And Discontinued Operation": 2151000.0,
        "Total Expenses": 28175000.0,
        "Total Operating Income As Reported": 1760000.0,
        "Diluted Average Shares": 9134476.0,
        "Basic Average Shares": 8929332.0,
        "Diluted EPS": 0.24,
        "Basic EPS": 0.24,
        "Diluted NI Availto Com Stockholders": 2151000.0,
        "Net Income Common Stockholders": 2151000.0,
        "Net Income": 2151000.0,
        "Net Income Including Noncontrolling Interests": 2151000.0,
        "Net Income Discontinuous Operations": NaN,
        "Net Income Continuous Operations": 2151000.0,
        "Earnings From Equity Interest Net Of Tax": 126000.0,
        "Tax Provision": -390000.0,
        "Pretax Income": 1635000.0,
        "Other Income Expense": NaN,
        "Special Income Charges": 0.0,
        "Restructuring And Mergern Acquisition": 0.0,
        "Net Non Operating Interest Income Expense": -125000.0,
        "Total Other Finance Cost": -283000.0,
        "Interest Expense Non Operating": 408000.0,
        "Interest Income Non Operating": 283000.0,
        "Operating Income": 1760000.0,
        "Operating Expense": 4054000.0,
        "Other Operating Expenses": -37000.0,
        "Research And Development": 194000.0,
        "Selling General And Administration": 3897000.0,
        "Selling And Marketing Expense": 1350000.0,
        "General And Administrative Expense": 2547000.0,
        "Other Gand A": 2547000.0,
        "Gross Profit": 5814000.0,
        "Cost Of Revenue": 24121000.0,
        "Total Revenue": 29935000.0,
        "Operating Revenue": 29935000.0
    },
    "2023-12-31": {
        "Tax Effect Of Unusual Items": 0.0,
        "Tax Rate For Calcs": 0.23,
        "Normalized EBITDA": 3427000.0,
        "Total Unusual Items": 0.0,
        "Total Unusual Items Excluding Goodwill": 0.0,
        "Net Income From Continuing Operation Net Minority Interest": 389000.0,
        "Reconciled Depreciation": 1670000.0,
        "Reconciled Cost Of Revenue": 24868000.0,
        "EBITDA": 3427000.0,
        "EBIT": 1757000.0,
        "Net Interest Income": -549000.0,
        "Interest Expense": 469000.0,
        "Interest Income": -80000.0,
        "Normalized Income": 389000.0,
        "Net Income From Continuing And Discontinued Operation": 389000.0,
        "Total Expenses": 30000000.0,
        "Total Operating Income As Reported": 1837000.0,
        "Diluted Average Shares": NaN,
        "Basic Average Shares": NaN,
        "Diluted EPS": NaN,
        "Basic EPS": NaN,
        "Diluted NI Availto Com Stockholders": 389000.0,
        "Net Income Common Stockholders": 389000.0,
        "Net Income": 389000.0,
        "Net Income Including Noncontrolling Interests": 389000.0,
        "Net Income Discontinuous Operations": NaN,
        "Net Income Continuous Operations": 389000.0,
        "Earnings From Equity Interest Net Of Tax": 156000.0,
        "Tax Provision": 1055000.0,
        "Pretax Income": 1288000.0,
        "Other Income Expense": NaN,
        "Special Income Charges": 0.0,
        "Restructuring And Mergern Acquisition": 0.0,
        "Net Non Operating Interest Income Expense": -549000.0,
        "Total Other Finance Cost": NaN,
        "Interest Expense Non Operating": 469000.0,
        "Interest Income Non Operating": -80000.0,
        "Operating Income": 1837000.0,
        "Operating Expense": 5132000.0,
        "Other Operating Expenses": 45000.0,
        "Research And Development": 265000.0,
        "Selling General And Administration": 4822000.0,
        "Selling And Marketing Expense": 1716000.0,
        "General And Administrative Expense": 3106000.0,
        "Other Gand A": 3106000.0,
        "Gross Profit": 6969000.0,
        "Cost Of Revenue": 24868000.0,
        "Total Revenue": 31837000.0,
        "Operating Revenue": 31837000.0
    },
    "2024-03-31": {
        "Tax Effect Of Unusual Items": 0.0,
        "Tax Rate For Calcs": 0.23,
        "Normalized EBITDA": 3476000.0,
        "Total Unusual Items": NaN,
        "Total Unusual Items Excluding Goodwill": NaN,
        "Net Income From Continuing Operation Net Minority Interest": 2110000.0,
        "Reconciled Depreciation": 1374000.0,
        "Reconciled Cost Of Revenue": 27022000.0,
        "EBITDA": 3476000.0,
        "EBIT": 2102000.0,
        "Net Interest Income": -449000.0,
        "Interest Expense": 343000.0,
        "Interest Income": NaN,
        "Normalized Income": 2110000.0,
        "Net Income From Continuing And Discontinued Operation": 2110000.0,
        "Total Expenses": 31880000.0,
        "Total Operating Income As Reported": 2208000.0,
        "Diluted Average Shares": 10554351.0,
        "Basic Average Shares": 10378978.0,
        "Diluted EPS": 0.19,
        "Basic EPS": 0.2,
        "Diluted NI Availto Com Stockholders": 2110000.0,
        "Net Income Common Stockholders": 2110000.0,
        "Net Income": 2110000.0,
        "Net Income Including Noncontrolling Interests": 2110000.0,
        "Net Income Discontinuous Operations": NaN,
        "Net Income Continuous Operations": 2110000.0,
        "Earnings From Equity Interest Net Of Tax": 198000.0,
        "Tax Provision": -153000.0,
        "Pretax Income": 1759000.0,
        "Other Income Expense": NaN,
        "Special Income Charges": NaN,
        "Restructuring And Mergern Acquisition": NaN,
        "Net Non Operating Interest Income Expense": -449000.0,
        "Total Other Finance Cost": 106000.0,
        "Interest Expense Non Operating": 343000.0,
        "Interest Income Non Operating": NaN,
        "Operating Income": 2208000.0,
        "Operating Expense": 4858000.0,
        "Other Operating Expenses": -388000.0,
        "Research And Development": 277000.0,
        "Selling General And Administration": 4969000.0,
        "Selling And Marketing Expense": 1660000.0,
        "General And Administrative Expense": 3309000.0,
        "Other Gand A": 3309000.0,
        "Gross Profit": 7066000.0,
        "Cost Of Revenue": 27022000.0,
        "Total Revenue": 34088000.0,
        "Operating Revenue": 34088000.0
    },
    "2024-06-30": {
        "Tax Effect Of Unusual Items": 0.0,
        "Tax Rate For Calcs": 0.018129,
        "Normalized EBITDA": 4271000.0,
        "Total Unusual Items": NaN,
        "Total Unusual Items Excluding Goodwill": NaN,
        "Net Income From Continuing Operation Net Minority Interest": 2617000.0,
        "Reconciled Depreciation": 1431000.0,
        "Reconciled Cost Of Revenue": 28541000.0,
        "EBITDA": 4271000.0,
        "EBIT": 2840000.0,
        "Net Interest Income": -307000.0,
        "Interest Expense": 413000.0,
        "Interest Income": 106000.0,
        "Normalized Income": 2617000.0,
        "Net Income From Continuing And Discontinued Operation": 2617000.0,
        "Total Expenses": 33791000.0,
        "Total Operating Income As Reported": 2734000.0,
        "Diluted Average Shares": 10561420.0,
        "Basic Average Shares": 10394654.0,
        "Diluted EPS": 0.25,
        "Basic EPS": 0.26,
        "Diluted NI Availto Com Stockholders": 2617000.0,
        "Net Income Common Stockholders": 2617000.0,
        "Net Income": 2617000.0,
        "Net Income Including Noncontrolling Interests": 2617000.0,
        "Net Income Discontinuous Operations": NaN,
        "Net Income Continuous Operations": 2617000.0,
        "Earnings From Equity Interest Net Of Tax": 234000.0,
        "Tax Provision": 44000.0,
        "Pretax Income": 2427000.0,
        "Other Income Expense": NaN,
        "Special Income Charges": NaN,
        "Restructuring And Mergern Acquisition": NaN,
        "Net Non Operating Interest Income Expense": -307000.0,
        "Total Other Finance Cost": NaN,
        "Interest Expense Non Operating": 413000.0,
        "Interest Income Non Operating": 106000.0,
        "Operating Income": 2734000.0,
        "Operating Expense": 5250000.0,
        "Other Operating Expenses": -2000.0,
        "Research And Development": 343000.0,
        "Selling General And Administration": 4909000.0,
        "Selling And Marketing Expense": 1993000.0,
        "General And Administrative Expense": 2916000.0,
        "Other Gand A": 2916000.0,
        "Gross Profit": 7984000.0,
        "Cost Of Revenue": 28541000.0,
        "Total Revenue": 36525000.0,
        "Operating Revenue": 36525000.0
    }
}