{
    "2023-06-30": {
        "Tax Effect Of Unusual Items": NaN,
        "Tax Rate For Calcs": NaN,
        "Normalized EBITDA": NaN,
        "Total Unusual Items": -9485000.0,
        "Total Unusual Items Excluding Goodwill": -9485000.0,
        "Net Income From Continuing Operation Net Minority Interest": NaN,
        "Reconciled Depreciation": NaN,
        "Reconciled Cost Of Revenue": NaN,
        "EBITDA": NaN,
        "EBIT": NaN,
        "Net Interest Income": NaN,
        "Interest Income": NaN,
        "Normalized Income": NaN,
        "Net Income From Continuing And Discontinued Operation": NaN,
        "Total Expenses": NaN,
        "Total Operating Income As Reported": NaN,
        "Diluted Average Shares": NaN,
        "Basic Average Shares": NaN,
        "Diluted EPS": NaN,
        "Basic EPS": NaN,
        "Diluted NI Availto Com Stockholders": NaN,
        "Net Income Common Stockholders": NaN,
        "Net Income": NaN,
        "Net Income Including Noncontrolling Interests": NaN,
        "Net Income Continuous Operations": NaN,
        "Tax Provision": NaN,
        "Pretax Income": NaN,
        "Other Income Expense": -9485000.0,
        "Special Income Charges": -9485000.0,
        "Impairment Of Capital Assets": 9485000.0,
        "Net Non Operating Interest Income Expense": NaN,
        "Total Other Finance Cost": -578000.0,
        "Interest Income Non Operating": NaN,
        "Operating Income": NaN,
        "Operating Expense": NaN,
        "Depreciation Amortization Depletion Income Statement": NaN,
        "Depreciation And Amortization In Income Statement": NaN,
        "Selling General And Administration": NaN,
        "Gross Profit": NaN,
        "Cost Of Revenue": NaN,
        "Total Revenue": NaN,
        "Operating Revenue": NaN
    },
    "2023-03-31": {
        "Tax Effect Of Unusual Items": NaN,
        "Tax Rate For Calcs": NaN,
        "Normalized EBITDA": NaN,
        "Total Unusual Items": NaN,
        "Total Unusual Items Excluding Goodwill": NaN,
        "Net Income From Continuing Operation Net Minority Interest": NaN,
        "Reconciled Depreciation": NaN,
        "Reconciled Cost Of Revenue": NaN,
        "EBITDA": NaN,
        "EBIT": NaN,
        "Net Interest Income": NaN,
        "Interest Income": 1014000.0,
        "Normalized Income": NaN,
        "Net Income From Continuing And Discontinued Operation": NaN,
        "Total Expenses": NaN,
        "Total Operating Income As Reported": NaN,
        "Diluted Average Shares": NaN,
        "Basic Average Shares": NaN,
        "Diluted EPS": NaN,
        "Basic EPS": NaN,
        "Diluted NI Availto Com Stockholders": NaN,
        "Net Income Common Stockholders": NaN,
        "Net Income": NaN,
        "Net Income Including Noncontrolling Interests": NaN,
        "Net Income Continuous Operations": NaN,
        "Tax Provision": NaN,
        "Pretax Income": NaN,
        "Other Income Expense": NaN,
        "Special Income Charges": NaN,
        "Impairment Of Capital Assets": NaN,
        "Net Non Operating Interest Income Expense": NaN,
        "Total Other Finance Cost": NaN,
        "Interest Income Non Operating": 1014000.0,
        "Operating Income": NaN,
        "Operating Expense": NaN,
        "Depreciation Amortization Depletion Income Statement": NaN,
        "Depreciation And Amortization In Income Statement": NaN,
        "Selling General And Administration": NaN,
        "Gross Profit": NaN,
        "Cost Of Revenue": NaN,
        "Total Revenue": NaN,
        "Operating Revenue": NaN
    },
    "2022-12-31": {
        "Tax Effect Of Unusual Items": 0.0,
        "Tax Rate For Calcs": 0.21,
        "Normalized EBITDA": 14116000.0,
        "Total Unusual Items": NaN,
        "Total Unusual Items Excluding Goodwill": NaN,
        "Net Income From Continuing Operation Net Minority Interest": 7045000.0,
        "Reconciled Depreciation": 7258000.0,
        "Reconciled Cost Of Revenue": 409846000.0,
        "EBITDA": 14116000.0,
        "EBIT": 6858000.0,
        "Net Interest Income": 133000.0,
        "Normalized Income": 7045000.0,
        "Net Income From Continuing And Discontinued Operation": 7045000.0,
        "Total Expenses": 550837000.0,
        "Total Operating Income As Reported": 6858000.0,
        "Diluted Average Shares": 33014000.0,
        "Basic Average Shares": 32486000.0,
        "Diluted EPS": 0.21,
        "Basic EPS": 0.22,
        "Diluted NI Availto Com Stockholders": 7045000.0,
        "Net Income Common Stockholders": 7045000.0,
        "Net Income": 7045000.0,
        "Net Income Including Noncontrolling Interests": 7045000.0,
        "Net Income Continuous Operations": 7045000.0,
        "Tax Provision": -54000.0,
        "Pretax Income": 6991000.0,
        "Other Income Expense": NaN,
        "Special Income Charges": NaN,
        "Impairment Of Capital Assets": NaN,
        "Net Non Operating Interest Income Expense": 133000.0,
        "Total Other Finance Cost": NaN,
        "Operating Income": 6858000.0,
        "Operating Expense": 140991000.0,
        "Depreciation Amortization Depletion Income Statement": 7258000.0,
        "Depreciation And Amortization In Income Statement": 7258000.0,
        "Selling General And Administration": 133733000.0,
        "Gross Profit": 147849000.0,
        "Cost Of Revenue": 409846000.0,
        "Total Revenue": 557695000.0,
        "Operating Revenue": 557695000.0
    },
    "2022-09-30": {
        "Tax Effect Of Unusual Items": NaN,
        "Tax Rate For Calcs": NaN,
        "Normalized EBITDA": NaN,
        "Total Unusual Items": 0.0,
        "Total Unusual Items Excluding Goodwill": 0.0,
        "Net Income From Continuing Operation Net Minority Interest": NaN,
        "Reconciled Depreciation": NaN,
        "Reconciled Cost Of Revenue": NaN,
        "EBITDA": NaN,
        "EBIT": NaN,
        "Net Interest Income": NaN,
        "Interest Income": 703000.0,
        "Normalized Income": NaN,
        "Net Income From Continuing And Discontinued Operation": NaN,
        "Total Expenses": NaN,
        "Total Operating Income As Reported": NaN,
        "Diluted Average Shares": NaN,
        "Basic Average Shares": NaN,
        "Diluted EPS": NaN,
        "Basic EPS": NaN,
        "Diluted NI Availto Com Stockholders": NaN,
        "Net Income Common Stockholders": NaN,
        "Net Income": NaN,
        "Net Income Including Noncontrolling Interests": NaN,
        "Net Income Continuous Operations": NaN,
        "Tax Provision": NaN,
        "Pretax Income": NaN,
        "Other Income Expense": NaN,
        "Special Income Charges": 0.0,
        "Impairment Of Capital Assets": 0.0,
        "Net Non Operating Interest Income Expense": NaN,
        "Total Other Finance Cost": -703000.0,
        "Interest Income Non Operating": 703000.0,
        "Operating Income": NaN,
        "Operating Expense": NaN,
        "Depreciation Amortization Depletion Income Statement": NaN,
        "Depreciation And Amortization In Income Statement": NaN,
        "Selling General And Administration": NaN,
        "Gross Profit": NaN,
        "Cost Of Revenue": NaN,
        "Total Revenue": NaN,
        "Operating Revenue": NaN
    },
    "2022-06-30": {
        "Tax Effect Of Unusual Items": 0.0,
        "Tax Rate For Calcs": 0.176,
        "Normalized EBITDA": 36497000.0,
        "Total Unusual Items": NaN,
        "Total Unusual Items Excluding Goodwill": NaN,
        "Net Income From Continuing Operation Net Minority Interest": 24013000.0,
        "Reconciled Depreciation": 7245000.0,
        "Reconciled Cost Of Revenue": 410722000.0,
        "EBITDA": 36497000.0,
        "EBIT": 29252000.0,
        "Net Interest Income": -110000.0,
        "Interest Income": NaN,
        "Normalized Income": 24013000.0,
        "Net Income From Continuing And Discontinued Operation": 24013000.0,
        "Total Expenses": 540001000.0,
        "Total Operating Income As Reported": 29252000.0,
        "Diluted Average Shares": 33149000.0,
        "Basic Average Shares": 32707000.0,
        "Diluted EPS": 0.72,
        "Basic EPS": 0.73,
        "Diluted NI Availto Com Stockholders": 24013000.0,
        "Net Income Common Stockholders": 24013000.0,
        "Net Income": 24013000.0,
        "Net Income Including Noncontrolling Interests": 24013000.0,
        "Net Income Continuous Operations": 24013000.0,
        "Tax Provision": 5129000.0,
        "Pretax Income": 29142000.0,
        "Other Income Expense": NaN,
        "Special Income Charges": NaN,
        "Impairment Of Capital Assets": NaN,
        "Net Non Operating Interest Income Expense": -110000.0,
        "Total Other Finance Cost": 110000.0,
        "Interest Income Non Operating": NaN,
        "Operating Income": 29252000.0,
        "Operating Expense": 129279000.0,
        "Depreciation Amortization Depletion Income Statement": 7245000.0,
        "Depreciation And Amortization In Income Statement": 7245000.0,
        "Selling General And Administration": 122034000.0,
        "Gross Profit": 158531000.0,
        "Cost Of Revenue": 410722000.0,
        "Total Revenue": 569253000.0,
        "Operating Revenue": 569253000.0
    },
    "2022-03-31": {
        "Diluted EPS": 0.3,
        "Total Revenue": 552,
        "Gross Profit": 140,
        "Operating Income": 12,
        "EBIT": 19,
        "Net Income": 11
    },
    "2021-12-31": {
        "Diluted EPS": 0.56,
        "Total Revenue": 622,
        "Gross Profit": 167,
        "Operating Income": 22,
        "EBIT": 29,
        "Net Income": 20
    },
    "2021-09-30": {
        "Diluted EPS": 0.53,
        "Total Revenue": 577,
        "Gross Profit": 147,
        "Operating Income": 21,
        "EBIT": 28,
        "Net Income": 19
    },
    "2021-06-30": {
        "Diluted EPS": 0.45,
        "Total Revenue": 516,
        "Gross Profit": 136,
        "Operating Income": 19,
        "EBIT": 26,
        "Net Income": 16
    },
    "2021-03-31": {
        "Diluted EPS": 0.2,
        "Total Revenue": 459,
        "Gross Profit": 111,
        "Operating Income": 6,
        "EBIT": 13,
        "Net Income": 7
    },
    "2020-12-31": {
        "Diluted EPS": 0.01,
        "Total Revenue": 519,
        "Gross Profit": 121,
        "Operating Income": 9,
        "EBIT": 17,
        "Net Income": 8
    },
    "2020-09-30": {
        "Diluted EPS": 0.25,
        "Total Revenue": 475,
        "Gross Profit": 110,
        "Operating Income": 13,
        "EBIT": 20,
        "Net Income": 9
    },
    "2020-06-30": {
        "Diluted EPS": -0.23,
        "Total Revenue": 359,
        "Gross Profit": 83,
        "Operating Income": -21,
        "EBIT": -14,
        "Net Income": -8
    },
    "2020-03-31": {
        "Diluted EPS": -4.04,
        "Total Revenue": 494,
        "Gross Profit": 126,
        "Operating Income": -176,
        "EBIT": 9,
        "Net Income": -150
    },
    "2019-12-31": {
        "Diluted EPS": 0.23,
        "Total Revenue": 591,
        "Gross Profit": 149,
        "Operating Income": 7,
        "EBIT": 16,
        "Net Income": 9
    },
    "2019-09-30": {
        "Diluted EPS": 0.68,
        "Total Revenue": 637,
        "Gross Profit": 168,
        "Operating Income": 29,
        "EBIT": 38,
        "Net Income": 27
    },
    "2019-06-30": {
        "Diluted EPS": 0.49,
        "Total Revenue": 589,
        "Gross Profit": 157,
        "Operating Income": 21,
        "EBIT": 31,
        "Net Income": 19
    },
    "2019-03-31": {
        "Diluted EPS": 0.21,
        "Total Revenue": 552,
        "Gross Profit": 147,
        "Operating Income": 9,
        "EBIT": 19,
        "Net Income": 8
    },
    "2018-12-31": {
        "Diluted EPS": 0.36,
        "Total Revenue": 650,
        "Gross Profit": 162,
        "Operating Income": 17,
        "EBIT": 27,
        "Net Income": 15
    },
    "2018-09-30": {
        "Diluted EPS": 0.61,
        "Total Revenue": 680,
        "Gross Profit": 184,
        "Operating Income": 28,
        "EBIT": 39,
        "Net Income": 24
    },
    "2018-06-30": {
        "Diluted EPS": 0.44,
        "Total Revenue": 614,
        "Gross Profit": 166,
        "Operating Income": 21,
        "EBIT": 31,
        "Net Income": 18
    },
    "2018-03-31": {
        "Diluted EPS": 0.22,
        "Total Revenue": 554,
        "Gross Profit": 143,
        "Operating Income": 7,
        "EBIT": 18,
        "Net Income": 9
    },
    "2017-12-31": {
        "Diluted EPS": 0.41,
        "Total Revenue": 670,
        "Gross Profit": 168,
        "Operating Income": 24,
        "EBIT": 35,
        "Net Income": 16
    },
    "2017-09-30": {
        "Diluted EPS": 0.51,
        "Total Revenue": 661,
        "Gross Profit": 172,
        "Operating Income": 29,
        "EBIT": 40,
        "Net Income": 21
    },
    "2017-06-30": {
        "Diluted EPS": 0.31,
        "Total Revenue": 610,
        "Gross Profit": 155,
        "Operating Income": 18,
        "EBIT": 31,
        "Net Income": 13
    },
    "2017-03-31": {
        "Diluted EPS": 0.11,
        "Total Revenue": 568,
        "Gross Profit": 139,
        "Operating Income": 6,
        "EBIT": 18,
        "Net Income": 5
    },
    "2016-12-31": {
        "Diluted EPS": 0.43,
        "Total Revenue": 735,
        "Gross Profit": 181,
        "Operating Income": 23,
        "EBIT": 36,
        "Net Income": 18
    },
    "2016-09-30": {
        "Diluted EPS": 0.56,
        "Total Revenue": 697,
        "Gross Profit": 178,
        "Operating Income": 28,
        "EBIT": 44,
        "Net Income": 23
    },
    "2016-06-30": {
        "Diluted EPS": -1.53,
        "Total Revenue": 673,
        "Gross Profit": 170,
        "Operating Income": -77,
        "EBIT": 34,
        "Net Income": -64
    },
    "2016-03-31": {
        "Diluted EPS": 0.17,
        "Total Revenue": 646,
        "Gross Profit": 151,
        "Operating Income": 9,
        "EBIT": 20,
        "Net Income": 7
    },
    "2015-12-31": {
        "Diluted EPS": 0.67,
        "Total Revenue": 811,
        "Gross Profit": 185,
        "Operating Income": 33,
        "EBIT": 44,
        "Net Income": 28
    },
    "2015-09-30": {
        "Diluted EPS": 0.48,
        "Total Revenue": 684,
        "Gross Profit": 169,
        "Operating Income": 33,
        "EBIT": 44,
        "Net Income": 20
    },
    "2015-06-30": {
        "Diluted EPS": 0.42,
        "Total Revenue": 628,
        "Gross Profit": 152,
        "Operating Income": 24,
        "EBIT": 34,
        "Net Income": 17
    },
    "2015-03-31": {
        "Diluted EPS": 0.14,
        "Total Revenue": 573,
        "Gross Profit": 130,
        "Operating Income": 8,
        "EBIT": 18,
        "Net Income": 6
    },
    "2014-12-31": {
        "Diluted EPS": 0.65,
        "Total Revenue": 691,
        "Gross Profit": 158,
        "Operating Income": 32,
        "EBIT": 41,
        "Net Income": 27
    },
    "2014-09-30": {
        "Diluted EPS": 0.51,
        "Total Revenue": 633,
        "Gross Profit": 160,
        "Operating Income": 30,
        "EBIT": 39,
        "Net Income": 21
    },
    "2014-06-30": {
        "Diluted EPS": 0.39,
        "Total Revenue": 453,
        "Gross Profit": 120,
        "Operating Income": 18,
        "EBIT": 23,
        "Net Income": 16
    },
    "2014-03-31": {
        "Diluted EPS": 0.04,
        "Total Revenue": 396,
        "Gross Profit": 100,
        "Operating Income": 2,
        "EBIT": 8,
        "Net Income": 2
    },
    "2013-12-31": {
        "Diluted EPS": 0.36,
        "Total Revenue": 449,
        "Gross Profit": 120,
        "Operating Income": 21,
        "EBIT": 27,
        "Net Income": 15
    },
    "2013-09-30": {
        "Diluted EPS": 0.47,
        "Total Revenue": 451,
        "Gross Profit": 124,
        "Operating Income": 28,
        "EBIT": 33,
        "Net Income": 19
    },
    "2013-06-30": {
        "Diluted EPS": 0.31,
        "Total Revenue": 422,
        "Gross Profit": 112,
        "Operating Income": 17,
        "EBIT": 23,
        "Net Income": 13
    },
    "2013-03-31": {
        "Diluted EPS": -0.03,
        "Total Revenue": 346,
        "Gross Profit": 87,
        "Operating Income": -7,
        "EBIT": -2,
        "Net Income": -1
    },
    "2012-12-31": {
        "Diluted EPS": 0.18,
        "Total Revenue": 345,
        "Gross Profit": 94,
        "Operating Income": 10,
        "EBIT": 15,
        "Net Income": 7
    },
    "2012-09-30": {
        "Diluted EPS": 0.36,
        "Total Revenue": 379,
        "Gross Profit": 105,
        "Operating Income": 23,
        "EBIT": 28,
        "Net Income": 14
    },
    "2012-06-30": {
        "Diluted EPS": 0.26,
        "Total Revenue": 354,
        "Gross Profit": 94,
        "Operating Income": 17,
        "EBIT": 22,
        "Net Income": 10
    },
    "2012-03-31": {
        "Diluted EPS": 0.04,
        "Total Revenue": 311,
        "Gross Profit": 79,
        "Operating Income": 2,
        "EBIT": 7,
        "Net Income": 2
    },
    "2011-12-31": {
        "Diluted EPS": 0.18,
        "Total Revenue": 350,
        "Gross Profit": 92,
        "Operating Income": 11,
        "EBIT": 15,
        "Net Income": 8
    },
    "2011-09-30": {
        "Diluted EPS": 0.33,
        "Total Revenue": 371,
        "Gross Profit": 100,
        "Operating Income": 22,
        "EBIT": 27,
        "Net Income": 14
    },
    "2011-06-30": {
        "Diluted EPS": 0.2,
        "Total Revenue": 320,
        "Gross Profit": 85,
        "Operating Income": 14,
        "EBIT": 18,
        "Net Income": 9
    },
    "2011-03-31": {
        "Diluted EPS": 0.02,
        "Total Revenue": 274,
        "Gross Profit": 70,
        "Operating Income": 1,
        "EBIT": 5,
        "Net Income": 1
    },
    "2010-12-31": {
        "Diluted EPS": 0.1,
        "Total Revenue": 312,
        "Gross Profit": 82,
        "Operating Income": 6,
        "EBIT": 10,
        "Net Income": 4
    },
    "2010-09-30": {
        "Diluted EPS": 0.23,
        "Total Revenue": 313,
        "Gross Profit": 85,
        "Operating Income": 16,
        "EBIT": 20,
        "Net Income": 10
    },
    "2010-06-30": {
        "Diluted EPS": 0.18,
        "Total Revenue": 285,
        "Gross Profit": 76,
        "Operating Income": 11,
        "EBIT": 15,
        "Net Income": 8
    },
    "2010-03-31": {
        "Diluted EPS": -0.05,
        "Total Revenue": 240,
        "Gross Profit": 61,
        "Operating Income": -4,
        "EBIT": 0,
        "Net Income": -2
    },
    "2009-12-31": {
        "Diluted EPS": 0.04,
        "Total Revenue": 262,
        "Gross Profit": 73,
        "Operating Income": 3,
        "EBIT": 7,
        "Net Income": 2
    },
    "2009-09-30": {
        "Diluted EPS": 0.19,
        "Total Revenue": 285,
        "Gross Profit": 83,
        "Operating Income": 13,
        "EBIT": 18,
        "Net Income": 8
    },
    "2009-06-30": {
        "Diluted EPS": 0.09,
        "Total Revenue": 247,
        "Gross Profit": 73,
        "Operating Income": 5,
        "EBIT": 9,
        "Net Income": 4
    },
    "2009-03-31": {
        "Diluted EPS": -0.12,
        "Total Revenue": 224,
        "Gross Profit": 63,
        "Operating Income": -10,
        "EBIT": -6,
        "Net Income": -5
    },
    "2023-09-30": {
        "Tax Effect Of Unusual Items": 0.0,
        "Tax Rate For Calcs": 0.21,
        "Normalized EBITDA": 3458000.0,
        "Total Unusual Items": 0.0,
        "Total Unusual Items Excluding Goodwill": 0.0,
        "Net Income From Continuing Operation Net Minority Interest": -10000.0,
        "Reconciled Depreciation": 6184000.0,
        "Reconciled Cost Of Revenue": 349023000.0,
        "EBITDA": 3458000.0,
        "EBIT": -2726000.0,
        "Net Interest Income": 390000.0,
        "Interest Income": NaN,
        "Normalized Income": -10000.0,
        "Net Income From Continuing And Discontinued Operation": -10000.0,
        "Total Expenses": 475922000.0,
        "Total Operating Income As Reported": -2726000.0,
        "Diluted Average Shares": 30932000.0,
        "Basic Average Shares": 30932000.0,
        "Diluted EPS": -0.000323,
        "Basic EPS": -0.000323,
        "Diluted NI Availto Com Stockholders": -10000.0,
        "Net Income Common Stockholders": -10000.0,
        "Net Income": -10000.0,
        "Net Income Including Noncontrolling Interests": -10000.0,
        "Net Income Continuous Operations": -10000.0,
        "Tax Provision": -2326000.0,
        "Pretax Income": -2336000.0,
        "Other Income Expense": NaN,
        "Special Income Charges": 0.0,
        "Impairment Of Capital Assets": 0.0,
        "Net Non Operating Interest Income Expense": 390000.0,
        "Total Other Finance Cost": -390000.0,
        "Interest Income Non Operating": NaN,
        "Operating Income": -2726000.0,
        "Operating Expense": 126899000.0,
        "Depreciation Amortization Depletion Income Statement": 6184000.0,
        "Depreciation And Amortization In Income Statement": 6184000.0,
        "Selling General And Administration": 120715000.0,
        "Gross Profit": 124173000.0,
        "Cost Of Revenue": 349023000.0,
        "Total Revenue": 473196000.0,
        "Operating Revenue": 473196000.0
    },
    "2023-12-31": {
        "Tax Effect Of Unusual Items": 0.0,
        "Tax Rate For Calcs": 0.21,
        "Normalized EBITDA": -1679000.0,
        "Total Unusual Items": 0.0,
        "Total Unusual Items Excluding Goodwill": 0.0,
        "Net Income From Continuing Operation Net Minority Interest": -2551000.0,
        "Reconciled Depreciation": 6946000.0,
        "Reconciled Cost Of Revenue": 363889000.0,
        "EBITDA": -1679000.0,
        "EBIT": -8625000.0,
        "Net Interest Income": 1223000.0,
        "Interest Income": NaN,
        "Normalized Income": -2551000.0,
        "Net Income From Continuing And Discontinued Operation": -2551000.0,
        "Total Expenses": 500796000.0,
        "Total Operating Income As Reported": -8625000.0,
        "Diluted Average Shares": 31079000.0,
        "Basic Average Shares": 31079000.0,
        "Diluted EPS": -0.08,
        "Basic EPS": -0.08,
        "Diluted NI Availto Com Stockholders": -2551000.0,
        "Net Income Common Stockholders": -2551000.0,
        "Net Income": -2551000.0,
        "Net Income Including Noncontrolling Interests": -2551000.0,
        "Net Income Continuous Operations": -2551000.0,
        "Tax Provision": -4851000.0,
        "Pretax Income": -7402000.0,
        "Other Income Expense": 0.0,
        "Special Income Charges": 0.0,
        "Impairment Of Capital Assets": 0.0,
        "Net Non Operating Interest Income Expense": 1223000.0,
        "Total Other Finance Cost": -1223000.0,
        "Interest Income Non Operating": NaN,
        "Operating Income": -8625000.0,
        "Operating Expense": 136907000.0,
        "Depreciation Amortization Depletion Income Statement": 6946000.0,
        "Depreciation And Amortization In Income Statement": 6946000.0,
        "Selling General And Administration": 129961000.0,
        "Gross Profit": 128282000.0,
        "Cost Of Revenue": 363889000.0,
        "Total Revenue": 492171000.0,
        "Operating Revenue": 492171000.0
    },
    "2024-03-31": {
        "Tax Effect Of Unusual Items": 0.0,
        "Tax Rate For Calcs": 0.21,
        "Normalized EBITDA": -7551000.0,
        "Total Unusual Items": NaN,
        "Total Unusual Items Excluding Goodwill": NaN,
        "Net Income From Continuing Operation Net Minority Interest": -1698000.0,
        "Reconciled Depreciation": 7958000.0,
        "Reconciled Cost Of Revenue": 303467000.0,
        "EBITDA": -7551000.0,
        "EBIT": -15509000.0,
        "Net Interest Income": 1599000.0,
        "Interest Income": 1599000.0,
        "Normalized Income": -1698000.0,
        "Net Income From Continuing And Discontinued Operation": -1698000.0,
        "Total Expenses": 418362000.0,
        "Total Operating Income As Reported": -15509000.0,
        "Diluted Average Shares": 31102000.0,
        "Basic Average Shares": 31102000.0,
        "Diluted EPS": -0.05,
        "Basic EPS": -0.05,
        "Diluted NI Availto Com Stockholders": -1698000.0,
        "Net Income Common Stockholders": -1698000.0,
        "Net Income": -1698000.0,
        "Net Income Including Noncontrolling Interests": -1698000.0,
        "Net Income Continuous Operations": -1698000.0,
        "Tax Provision": -12212000.0,
        "Pretax Income": -13910000.0,
        "Other Income Expense": NaN,
        "Special Income Charges": NaN,
        "Impairment Of Capital Assets": NaN,
        "Net Non Operating Interest Income Expense": 1599000.0,
        "Total Other Finance Cost": NaN,
        "Interest Income Non Operating": 1599000.0,
        "Operating Income": -15509000.0,
        "Operating Expense": 114895000.0,
        "Depreciation Amortization Depletion Income Statement": 7958000.0,
        "Depreciation And Amortization In Income Statement": 7958000.0,
        "Selling General And Administration": 106937000.0,
        "Gross Profit": 99386000.0,
        "Cost Of Revenue": 303467000.0,
        "Total Revenue": 402853000.0,
        "Operating Revenue": 402853000.0
    },
    "2024-06-30": {
        "Tax Effect Of Unusual Items": -12531540.0,
        "Tax Rate For Calcs": 0.21,
        "Normalized EBITDA": 67079000.0,
        "Total Unusual Items": -59674000.0,
        "Total Unusual Items Excluding Goodwill": -59674000.0,
        "Net Income From Continuing Operation Net Minority Interest": -104710000.0,
        "Reconciled Depreciation": 7691000.0,
        "Reconciled Cost Of Revenue": 291807000.0,
        "EBITDA": 7405000.0,
        "EBIT": -286000.0,
        "Net Interest Income": 1741000.0,
        "Interest Income": NaN,
        "Normalized Income": -57567540.0,
        "Net Income From Continuing And Discontinued Operation": -104710000.0,
        "Total Expenses": 396516000.0,
        "Total Operating Income As Reported": -59960000.0,
        "Diluted Average Shares": 30349000.0,
        "Basic Average Shares": 30349000.0,
        "Diluted EPS": -3.45,
        "Basic EPS": -3.45,
        "Diluted NI Availto Com Stockholders": -104710000.0,
        "Net Income Common Stockholders": -104710000.0,
        "Net Income": -104710000.0,
        "Net Income Including Noncontrolling Interests": -104710000.0,
        "Net Income Continuous Operations": -104710000.0,
        "Tax Provision": 46491000.0,
        "Pretax Income": -58219000.0,
        "Other Income Expense": -59674000.0,
        "Special Income Charges": -59674000.0,
        "Impairment Of Capital Assets": 59674000.0,
        "Net Non Operating Interest Income Expense": 1741000.0,
        "Total Other Finance Cost": -1741000.0,
        "Interest Income Non Operating": NaN,
        "Operating Income": -286000.0,
        "Operating Expense": 104709000.0,
        "Depreciation Amortization Depletion Income Statement": 7691000.0,
        "Depreciation And Amortization In Income Statement": 7691000.0,
        "Selling General And Administration": 97018000.0,
        "Gross Profit": 104423000.0,
        "Cost Of Revenue": 291807000.0,
        "Total Revenue": 396230000.0,
        "Operating Revenue": 396230000.0
    },
    "2024-09-30": {
        "Tax Effect Of Unusual Items": 0.0,
        "Tax Rate For Calcs": 0.21,
        "Normalized EBITDA": 64000.0,
        "Total Unusual Items": 0.0,
        "Total Unusual Items Excluding Goodwill": 0.0,
        "Net Income From Continuing Operation Net Minority Interest": -7635000.0,
        "Reconciled Depreciation": 6967000.0,
        "Reconciled Cost Of Revenue": 282320000.0,
        "EBITDA": 64000.0,
        "EBIT": -6903000.0,
        "Net Interest Income": 521000.0,
        "Interest Income": NaN,
        "Normalized Income": -7635000.0,
        "Net Income From Continuing And Discontinued Operation": -7635000.0,
        "Total Expenses": 389260000.0,
        "Total Operating Income As Reported": -6903000.0,
        "Diluted Average Shares": 29704000.0,
        "Basic Average Shares": 29704000.0,
        "Diluted EPS": -0.26,
        "Basic EPS": -0.26,
        "Diluted NI Availto Com Stockholders": -7635000.0,
        "Net Income Common Stockholders": -7635000.0,
        "Net Income": -7635000.0,
        "Net Income Including Noncontrolling Interests": -7635000.0,
        "Net Income Continuous Operations": -7635000.0,
        "Tax Provision": 1253000.0,
        "Pretax Income": -6382000.0,
        "Other Income Expense": NaN,
        "Special Income Charges": 0.0,
        "Impairment Of Capital Assets": 0.0,
        "Net Non Operating Interest Income Expense": 521000.0,
        "Total Other Finance Cost": -521000.0,
        "Interest Income Non Operating": NaN,
        "Operating Income": -6903000.0,
        "Operating Expense": 106940000.0,
        "Depreciation Amortization Depletion Income Statement": 6967000.0,
        "Depreciation And Amortization In Income Statement": 6967000.0,
        "Selling General And Administration": 99973000.0,
        "Gross Profit": 100037000.0,
        "Cost Of Revenue": 282320000.0,
        "Total Revenue": 382357000.0,
        "Operating Revenue": 382357000.0
    }
}