{
    "2023-03-31": {
        "Tax Effect Of Unusual Items": NaN,
        "Tax Rate For Calcs": NaN,
        "Normalized EBITDA": NaN,
        "Net Income From Continuing Operation Net Minority Interest": NaN,
        "Reconciled Depreciation": NaN,
        "Reconciled Cost Of Revenue": NaN,
        "EBITDA": NaN,
        "EBIT": NaN,
        "Net Interest Income": NaN,
        "Interest Expense": 3154000.0,
        "Normalized Income": NaN,
        "Net Income From Continuing And Discontinued Operation": NaN,
        "Total Expenses": NaN,
        "Total Operating Income As Reported": NaN,
        "Diluted Average Shares": NaN,
        "Basic Average Shares": NaN,
        "Diluted EPS": NaN,
        "Basic EPS": NaN,
        "Diluted NI Availto Com Stockholders": NaN,
        "Net Income Common Stockholders": NaN,
        "Net Income": NaN,
        "Net Income Including Noncontrolling Interests": NaN,
        "Net Income Continuous Operations": NaN,
        "Tax Provision": NaN,
        "Pretax Income": NaN,
        "Net Non Operating Interest Income Expense": NaN,
        "Total Other Finance Cost": NaN,
        "Interest Expense Non Operating": 3154000.0,
        "Operating Income": NaN,
        "Operating Expense": NaN,
        "Research And Development": NaN,
        "Selling General And Administration": NaN,
        "Selling And Marketing Expense": NaN,
        "General And Administrative Expense": NaN,
        "Other Gand A": NaN,
        "Gross Profit": NaN,
        "Cost Of Revenue": NaN,
        "Total Revenue": NaN,
        "Operating Revenue": NaN
    },
    "2022-12-31": {
        "Tax Effect Of Unusual Items": NaN,
        "Tax Rate For Calcs": NaN,
        "Normalized EBITDA": NaN,
        "Net Income From Continuing Operation Net Minority Interest": NaN,
        "Reconciled Depreciation": NaN,
        "Reconciled Cost Of Revenue": NaN,
        "EBITDA": NaN,
        "EBIT": NaN,
        "Net Interest Income": NaN,
        "Interest Expense": NaN,
        "Normalized Income": NaN,
        "Net Income From Continuing And Discontinued Operation": NaN,
        "Total Expenses": NaN,
        "Total Operating Income As Reported": NaN,
        "Diluted Average Shares": NaN,
        "Basic Average Shares": NaN,
        "Diluted EPS": NaN,
        "Basic EPS": NaN,
        "Diluted NI Availto Com Stockholders": NaN,
        "Net Income Common Stockholders": NaN,
        "Otherunder Preferred Stock Dividend": 0.0,
        "Net Income": NaN,
        "Net Income Including Noncontrolling Interests": NaN,
        "Net Income Continuous Operations": NaN,
        "Tax Provision": NaN,
        "Pretax Income": NaN,
        "Net Non Operating Interest Income Expense": NaN,
        "Total Other Finance Cost": NaN,
        "Interest Expense Non Operating": NaN,
        "Operating Income": NaN,
        "Operating Expense": NaN,
        "Research And Development": NaN,
        "Selling General And Administration": NaN,
        "Selling And Marketing Expense": NaN,
        "General And Administrative Expense": NaN,
        "Other Gand A": NaN,
        "Gross Profit": NaN,
        "Cost Of Revenue": NaN,
        "Total Revenue": NaN,
        "Operating Revenue": NaN
    },
    "2022-09-30": {
        "Tax Effect Of Unusual Items": NaN,
        "Tax Rate For Calcs": NaN,
        "Normalized EBITDA": NaN,
        "Net Income From Continuing Operation Net Minority Interest": NaN,
        "Reconciled Depreciation": NaN,
        "Reconciled Cost Of Revenue": NaN,
        "EBITDA": NaN,
        "EBIT": NaN,
        "Net Interest Income": NaN,
        "Interest Expense": NaN,
        "Normalized Income": NaN,
        "Net Income From Continuing And Discontinued Operation": NaN,
        "Total Expenses": NaN,
        "Total Operating Income As Reported": NaN,
        "Diluted Average Shares": NaN,
        "Basic Average Shares": NaN,
        "Diluted EPS": NaN,
        "Basic EPS": NaN,
        "Diluted NI Availto Com Stockholders": NaN,
        "Net Income Common Stockholders": NaN,
        "Otherunder Preferred Stock Dividend": 0.0,
        "Net Income": NaN,
        "Net Income Including Noncontrolling Interests": NaN,
        "Net Income Continuous Operations": NaN,
        "Tax Provision": NaN,
        "Pretax Income": NaN,
        "Net Non Operating Interest Income Expense": NaN,
        "Total Other Finance Cost": NaN,
        "Interest Expense Non Operating": NaN,
        "Operating Income": NaN,
        "Operating Expense": NaN,
        "Research And Development": NaN,
        "Selling General And Administration": NaN,
        "Selling And Marketing Expense": NaN,
        "General And Administrative Expense": NaN,
        "Other Gand A": NaN,
        "Gross Profit": NaN,
        "Cost Of Revenue": NaN,
        "Total Revenue": NaN,
        "Operating Revenue": NaN
    },
    "2022-06-30": {
        "Tax Effect Of Unusual Items": 0.0,
        "Tax Rate For Calcs": 0.4,
        "Normalized EBITDA": 13262000.0,
        "Net Income From Continuing Operation Net Minority Interest": -5021000.0,
        "Reconciled Depreciation": 22813000.0,
        "Reconciled Cost Of Revenue": 226334000.0,
        "EBITDA": 13262000.0,
        "EBIT": -9551000.0,
        "Net Interest Income": 4764000.0,
        "Normalized Income": -5021000.0,
        "Net Income From Continuing And Discontinued Operation": -5021000.0,
        "Total Expenses": 352246000.0,
        "Total Operating Income As Reported": -9551000.0,
        "Diluted Average Shares": 250777915.0,
        "Basic Average Shares": 250777915.0,
        "Diluted EPS": -0.02,
        "Basic EPS": -0.02,
        "Diluted NI Availto Com Stockholders": -5021000.0,
        "Net Income Common Stockholders": -5021000.0,
        "Otherunder Preferred Stock Dividend": 0.0,
        "Net Income": -5021000.0,
        "Net Income Including Noncontrolling Interests": -5021000.0,
        "Net Income Continuous Operations": -5021000.0,
        "Tax Provision": 234000.0,
        "Pretax Income": -4787000.0,
        "Net Non Operating Interest Income Expense": 4764000.0,
        "Total Other Finance Cost": -4764000.0,
        "Operating Income": -9551000.0,
        "Operating Expense": 125912000.0,
        "Research And Development": 34079000.0,
        "Selling General And Administration": 91833000.0,
        "Selling And Marketing Expense": 66405000.0,
        "General And Administrative Expense": 25428000.0,
        "Other Gand A": 25428000.0,
        "Gross Profit": 116361000.0,
        "Cost Of Revenue": 226334000.0,
        "Total Revenue": 342695000.0,
        "Operating Revenue": 342695000.0
    },
    "2022-03-31": {
        "Diluted EPS": 0.01,
        "Total Revenue": 355,
        "Gross Profit": 112,
        "Operating Income": -8,
        "EBIT": 15,
        "Net Income": 4
    },
    "2021-12-31": {
        "Diluted EPS": 0.89,
        "Total Revenue": 408,
        "Gross Profit": 144,
        "Operating Income": 19,
        "EBIT": 42,
        "Net Income": 1
    },
    "2021-09-30": {
        "Diluted EPS": 0.07,
        "Total Revenue": 339,
        "Gross Profit": 108,
        "Operating Income": 0,
        "EBIT": 13,
        "Net Income": 17
    },
    "2021-06-30": {
        "Diluted EPS": -1.39,
        "Total Revenue": 329,
        "Gross Profit": 100,
        "Operating Income": -53,
        "EBIT": -45,
        "Net Income": -67
    },
    "2021-03-31": {
        "Diluted EPS": 0.17,
        "Total Revenue": 303,
        "Gross Profit": 89,
        "Operating Income": 22,
        "EBIT": 30,
        "Net Income": 13
    },
    "2020-12-31": {
        "Diluted EPS": 0.0,
        "Total Revenue": NaN,
        "Gross Profit": NaN,
        "Operating Income": NaN,
        "EBIT": NaN,
        "Net Income": NaN
    },
    "2020-09-30": {
        "Diluted EPS": 0.18,
        "Total Revenue": 291,
        "Gross Profit": 90,
        "Operating Income": 22,
        "EBIT": 30,
        "Net Income": 11
    },
    "2020-06-30": {
        "Diluted EPS": 0.12,
        "Total Revenue": 268,
        "Gross Profit": 84,
        "Operating Income": 18,
        "EBIT": 18,
        "Net Income": 7
    },
    "2019-12-31": {
        "Diluted EPS": 0.0,
        "Total Revenue": NaN,
        "Gross Profit": NaN,
        "Operating Income": NaN,
        "EBIT": NaN,
        "Net Income": NaN
    },
    "2023-06-30": {
        "Tax Effect Of Unusual Items": NaN,
        "Tax Rate For Calcs": NaN,
        "Normalized EBITDA": NaN,
        "Net Income From Continuing Operation Net Minority Interest": NaN,
        "Reconciled Depreciation": NaN,
        "Reconciled Cost Of Revenue": NaN,
        "EBITDA": NaN,
        "EBIT": NaN,
        "Net Interest Income": NaN,
        "Interest Expense": NaN,
        "Normalized Income": NaN,
        "Net Income From Continuing And Discontinued Operation": NaN,
        "Total Expenses": NaN,
        "Total Operating Income As Reported": NaN,
        "Diluted Average Shares": 351585059.0,
        "Basic Average Shares": 351585059.0,
        "Diluted EPS": -0.09,
        "Basic EPS": -0.09,
        "Diluted NI Availto Com Stockholders": NaN,
        "Net Income Common Stockholders": NaN,
        "Net Income": NaN,
        "Net Income Including Noncontrolling Interests": NaN,
        "Net Income Continuous Operations": NaN,
        "Tax Provision": NaN,
        "Pretax Income": NaN,
        "Net Non Operating Interest Income Expense": NaN,
        "Total Other Finance Cost": 3827000.0,
        "Interest Expense Non Operating": NaN,
        "Operating Income": NaN,
        "Operating Expense": NaN,
        "Research And Development": NaN,
        "Selling General And Administration": NaN,
        "Selling And Marketing Expense": NaN,
        "General And Administrative Expense": NaN,
        "Other Gand A": NaN,
        "Gross Profit": NaN,
        "Cost Of Revenue": NaN,
        "Total Revenue": NaN,
        "Operating Revenue": NaN
    },
    "2023-09-30": {
        "Tax Effect Of Unusual Items": 0.0,
        "Tax Rate For Calcs": 0.0,
        "Normalized EBITDA": 6582000.0,
        "Net Income From Continuing Operation Net Minority Interest": -23136000.0,
        "Reconciled Depreciation": 25316000.0,
        "Reconciled Cost Of Revenue": 259562000.0,
        "EBITDA": 6582000.0,
        "EBIT": -18734000.0,
        "Net Interest Income": -4402000.0,
        "Interest Expense": NaN,
        "Normalized Income": -23136000.0,
        "Net Income From Continuing And Discontinued Operation": -23136000.0,
        "Total Expenses": 378955000.0,
        "Total Operating Income As Reported": -18734000.0,
        "Diluted Average Shares": 352591043.0,
        "Basic Average Shares": 352591043.0,
        "Diluted EPS": -0.07,
        "Basic EPS": -0.07,
        "Diluted NI Availto Com Stockholders": -23136000.0,
        "Net Income Common Stockholders": -23136000.0,
        "Net Income": -23136000.0,
        "Net Income Including Noncontrolling Interests": -23136000.0,
        "Net Income Continuous Operations": -23136000.0,
        "Tax Provision": 0.0,
        "Pretax Income": -23136000.0,
        "Net Non Operating Interest Income Expense": -4402000.0,
        "Total Other Finance Cost": 4402000.0,
        "Interest Expense Non Operating": NaN,
        "Operating Income": -18734000.0,
        "Operating Expense": 119393000.0,
        "Research And Development": 35890000.0,
        "Selling General And Administration": 83503000.0,
        "Selling And Marketing Expense": 59664000.0,
        "General And Administrative Expense": 23839000.0,
        "Other Gand A": 23839000.0,
        "Gross Profit": 100659000.0,
        "Cost Of Revenue": 259562000.0,
        "Total Revenue": 360221000.0,
        "Operating Revenue": 360221000.0
    },
    "2023-12-31": {
        "Tax Effect Of Unusual Items": 0.0,
        "Tax Rate For Calcs": 0.21,
        "Normalized EBITDA": 34598000.0,
        "Net Income From Continuing Operation Net Minority Interest": 3723000.0,
        "Reconciled Depreciation": 25803000.0,
        "Reconciled Cost Of Revenue": 281524000.0,
        "EBITDA": 34598000.0,
        "EBIT": 8795000.0,
        "Net Interest Income": -1421000.0,
        "Interest Expense": NaN,
        "Normalized Income": 3723000.0,
        "Net Income From Continuing And Discontinued Operation": 3723000.0,
        "Total Expenses": 410979000.0,
        "Total Operating Income As Reported": 8795000.0,
        "Diluted Average Shares": NaN,
        "Basic Average Shares": NaN,
        "Diluted EPS": NaN,
        "Basic EPS": NaN,
        "Diluted NI Availto Com Stockholders": 3723000.0,
        "Net Income Common Stockholders": 3723000.0,
        "Net Income": 3723000.0,
        "Net Income Including Noncontrolling Interests": 3723000.0,
        "Net Income Continuous Operations": 3723000.0,
        "Tax Provision": 3651000.0,
        "Pretax Income": 7374000.0,
        "Net Non Operating Interest Income Expense": -1421000.0,
        "Total Other Finance Cost": 1421000.0,
        "Interest Expense Non Operating": NaN,
        "Operating Income": 8795000.0,
        "Operating Expense": 129455000.0,
        "Research And Development": 34379000.0,
        "Selling General And Administration": 95076000.0,
        "Selling And Marketing Expense": 64911000.0,
        "General And Administrative Expense": 30165000.0,
        "Other Gand A": 30165000.0,
        "Gross Profit": 138250000.0,
        "Cost Of Revenue": 281524000.0,
        "Total Revenue": 419774000.0,
        "Operating Revenue": 419774000.0
    },
    "2024-03-31": {
        "Tax Effect Of Unusual Items": 0.0,
        "Tax Rate For Calcs": 0.21,
        "Normalized EBITDA": 7088000.0,
        "Net Income From Continuing Operation Net Minority Interest": -26158000.0,
        "Reconciled Depreciation": 25321000.0,
        "Reconciled Cost Of Revenue": 305055000.0,
        "EBITDA": 7088000.0,
        "EBIT": -18233000.0,
        "Net Interest Income": -3638000.0,
        "Interest Expense": 3638000.0,
        "Normalized Income": -26158000.0,
        "Net Income From Continuing And Discontinued Operation": -26158000.0,
        "Total Expenses": 432241000.0,
        "Total Operating Income As Reported": -18233000.0,
        "Diluted Average Shares": 345502643.0,
        "Basic Average Shares": 345502643.0,
        "Diluted EPS": -0.08,
        "Basic EPS": -0.08,
        "Diluted NI Availto Com Stockholders": -26158000.0,
        "Net Income Common Stockholders": -26158000.0,
        "Net Income": -26158000.0,
        "Net Income Including Noncontrolling Interests": -26158000.0,
        "Net Income Continuous Operations": -26158000.0,
        "Tax Provision": 4287000.0,
        "Pretax Income": -21871000.0,
        "Net Non Operating Interest Income Expense": -3638000.0,
        "Total Other Finance Cost": NaN,
        "Interest Expense Non Operating": 3638000.0,
        "Operating Income": -18233000.0,
        "Operating Expense": 127186000.0,
        "Research And Development": 36249000.0,
        "Selling General And Administration": 90937000.0,
        "Selling And Marketing Expense": 67608000.0,
        "General And Administrative Expense": 23329000.0,
        "Other Gand A": 23329000.0,
        "Gross Profit": 108953000.0,
        "Cost Of Revenue": 305055000.0,
        "Total Revenue": 414008000.0,
        "Operating Revenue": 414008000.0
    },
    "2024-06-30": {
        "Tax Effect Of Unusual Items": 0.0,
        "Tax Rate For Calcs": 0.352,
        "Normalized EBITDA": 18231000.0,
        "Net Income From Continuing Operation Net Minority Interest": -4291000.0,
        "Reconciled Depreciation": 25862000.0,
        "Reconciled Cost Of Revenue": 313382000.0,
        "EBITDA": 18231000.0,
        "EBIT": -7631000.0,
        "Net Interest Income": 1004000.0,
        "Interest Expense": NaN,
        "Normalized Income": -4291000.0,
        "Net Income From Continuing And Discontinued Operation": -4291000.0,
        "Total Expenses": 435791000.0,
        "Total Operating Income As Reported": -7631000.0,
        "Diluted Average Shares": 342566112.0,
        "Basic Average Shares": 342566112.0,
        "Diluted EPS": -0.01,
        "Basic EPS": -0.01,
        "Diluted NI Availto Com Stockholders": -4291000.0,
        "Net Income Common Stockholders": -4291000.0,
        "Net Income": -4291000.0,
        "Net Income Including Noncontrolling Interests": -4291000.0,
        "Net Income Continuous Operations": -4291000.0,
        "Tax Provision": -2336000.0,
        "Pretax Income": -6627000.0,
        "Net Non Operating Interest Income Expense": 1004000.0,
        "Total Other Finance Cost": -1004000.0,
        "Interest Expense Non Operating": NaN,
        "Operating Income": -7631000.0,
        "Operating Expense": 122409000.0,
        "Research And Development": 33288000.0,
        "Selling General And Administration": 89121000.0,
        "Selling And Marketing Expense": 64837000.0,
        "General And Administrative Expense": 24284000.0,
        "Other Gand A": 24284000.0,
        "Gross Profit": 114778000.0,
        "Cost Of Revenue": 313382000.0,
        "Total Revenue": 428160000.0,
        "Operating Revenue": 428160000.0
    },
    "2024-09-30": {
        "Tax Effect Of Unusual Items": 0.0,
        "Tax Rate For Calcs": 0.21,
        "Normalized EBITDA": 29351000.0,
        "Net Income From Continuing Operation Net Minority Interest": -6454000.0,
        "Reconciled Depreciation": 24793000.0,
        "Reconciled Cost Of Revenue": 300135000.0,
        "EBITDA": 29351000.0,
        "EBIT": 4558000.0,
        "Net Interest Income": -1106000.0,
        "Interest Expense": NaN,
        "Normalized Income": -6454000.0,
        "Net Income From Continuing And Discontinued Operation": -6454000.0,
        "Total Expenses": 428454000.0,
        "Total Operating Income As Reported": 4558000.0,
        "Diluted Average Shares": 342886216.0,
        "Basic Average Shares": 342886216.0,
        "Diluted EPS": -0.02,
        "Basic EPS": -0.02,
        "Diluted NI Availto Com Stockholders": -6454000.0,
        "Net Income Common Stockholders": -6454000.0,
        "Net Income": -6454000.0,
        "Net Income Including Noncontrolling Interests": -6454000.0,
        "Net Income Continuous Operations": -6454000.0,
        "Tax Provision": 9906000.0,
        "Pretax Income": 3452000.0,
        "Net Non Operating Interest Income Expense": -1106000.0,
        "Total Other Finance Cost": 1106000.0,
        "Interest Expense Non Operating": NaN,
        "Operating Income": 4558000.0,
        "Operating Expense": 128319000.0,
        "Research And Development": 36727000.0,
        "Selling General And Administration": 91592000.0,
        "Selling And Marketing Expense": 67808000.0,
        "General And Administrative Expense": 23784000.0,
        "Other Gand A": 23784000.0,
        "Gross Profit": 132877000.0,
        "Cost Of Revenue": 300135000.0,
        "Total Revenue": 433012000.0,
        "Operating Revenue": 433012000.0
    }
}