{
    "2023-06-30": {
        "Tax Effect Of Unusual Items": 0.0,
        "Tax Rate For Calcs": 0.273,
        "Net Income From Continuing Operation Net Minority Interest": 1497000.0,
        "Reconciled Depreciation": 994000.0,
        "Net Interest Income": 11092000.0,
        "Interest Expense": 6200000.0,
        "Interest Income": 17292000.0,
        "Normalized Income": 1497000.0,
        "Net Income From Continuing And Discontinued Operation": 1497000.0,
        "Diluted Average Shares": 8658927.0,
        "Basic Average Shares": 8620643.0,
        "Diluted EPS": 0.17,
        "Basic EPS": 0.17,
        "Diluted NI Availto Com Stockholders": 1488000.0,
        "Net Income Common Stockholders": 1488000.0,
        "Otherunder Preferred Stock Dividend": 9000.0,
        "Net Income": 1497000.0,
        "Net Income Including Noncontrolling Interests": 1497000.0,
        "Net Income Continuous Operations": 1497000.0,
        "Tax Provision": 563000.0,
        "Pretax Income": 2060000.0,
        "Selling General And Administration": 6448000.0,
        "General And Administrative Expense": 6448000.0,
        "Other Gand A": 1059000.0,
        "Insurance And Claims": 246000.0,
        "Salaries And Wages": 5143000.0,
        "Total Revenue": 11782000.0,
        "Operating Revenue": 11782000.0,
        "Occupancy And Equipment": 3062000.0
    },
    "2023-03-31": {
        "Tax Effect Of Unusual Items": NaN,
        "Tax Rate For Calcs": NaN,
        "Net Income From Continuing Operation Net Minority Interest": NaN,
        "Reconciled Depreciation": NaN,
        "Net Interest Income": NaN,
        "Interest Expense": NaN,
        "Interest Income": NaN,
        "Normalized Income": NaN,
        "Net Income From Continuing And Discontinued Operation": NaN,
        "Diluted Average Shares": NaN,
        "Basic Average Shares": NaN,
        "Diluted EPS": NaN,
        "Basic EPS": NaN,
        "Diluted NI Availto Com Stockholders": NaN,
        "Net Income Common Stockholders": NaN,
        "Otherunder Preferred Stock Dividend": 19000.0,
        "Net Income": NaN,
        "Net Income Including Noncontrolling Interests": NaN,
        "Net Income Continuous Operations": NaN,
        "Tax Provision": NaN,
        "Pretax Income": NaN,
        "Selling General And Administration": NaN,
        "General And Administrative Expense": NaN,
        "Other Gand A": NaN,
        "Insurance And Claims": NaN,
        "Salaries And Wages": NaN,
        "Total Revenue": NaN,
        "Operating Revenue": NaN,
        "Occupancy And Equipment": NaN
    },
    "2022-12-31": {
        "Tax Effect Of Unusual Items": NaN,
        "Tax Rate For Calcs": NaN,
        "Net Income From Continuing Operation Net Minority Interest": NaN,
        "Reconciled Depreciation": NaN,
        "Net Interest Income": NaN,
        "Interest Expense": NaN,
        "Interest Income": NaN,
        "Normalized Income": NaN,
        "Net Income From Continuing And Discontinued Operation": NaN,
        "Diluted Average Shares": NaN,
        "Basic Average Shares": NaN,
        "Diluted EPS": NaN,
        "Basic EPS": NaN,
        "Diluted NI Availto Com Stockholders": NaN,
        "Net Income Common Stockholders": NaN,
        "Otherunder Preferred Stock Dividend": NaN,
        "Net Income": NaN,
        "Net Income Including Noncontrolling Interests": NaN,
        "Net Income Continuous Operations": NaN,
        "Tax Provision": NaN,
        "Pretax Income": NaN,
        "Gain On Sale Of Security": 0.0,
        "Selling General And Administration": NaN,
        "General And Administrative Expense": NaN,
        "Other Gand A": NaN,
        "Insurance And Claims": NaN,
        "Salaries And Wages": NaN,
        "Total Revenue": NaN,
        "Operating Revenue": NaN,
        "Occupancy And Equipment": NaN
    },
    "2022-09-30": {
        "Tax Effect Of Unusual Items": NaN,
        "Tax Rate For Calcs": NaN,
        "Net Income From Continuing Operation Net Minority Interest": NaN,
        "Reconciled Depreciation": NaN,
        "Net Interest Income": NaN,
        "Interest Expense": NaN,
        "Interest Income": NaN,
        "Normalized Income": NaN,
        "Net Income From Continuing And Discontinued Operation": NaN,
        "Diluted Average Shares": NaN,
        "Basic Average Shares": NaN,
        "Diluted EPS": NaN,
        "Basic EPS": NaN,
        "Diluted NI Availto Com Stockholders": NaN,
        "Net Income Common Stockholders": NaN,
        "Otherunder Preferred Stock Dividend": NaN,
        "Net Income": NaN,
        "Net Income Including Noncontrolling Interests": NaN,
        "Net Income Continuous Operations": NaN,
        "Tax Provision": NaN,
        "Pretax Income": NaN,
        "Gain On Sale Of Security": 0.0,
        "Selling General And Administration": NaN,
        "General And Administrative Expense": NaN,
        "Other Gand A": NaN,
        "Insurance And Claims": NaN,
        "Salaries And Wages": NaN,
        "Total Revenue": NaN,
        "Operating Revenue": NaN
    },
    "2022-06-30": {
        "Tax Effect Of Unusual Items": 0.0,
        "Tax Rate For Calcs": 0.2691,
        "Net Income From Continuing Operation Net Minority Interest": 4110000.0,
        "Reconciled Depreciation": 1052000.0,
        "Net Interest Income": 14070000.0,
        "Interest Expense": 1301000.0,
        "Interest Income": 15371000.0,
        "Normalized Income": 4110000.0,
        "Net Income From Continuing And Discontinued Operation": 4110000.0,
        "Diluted Average Shares": 8927173.0,
        "Basic Average Shares": 8876691.0,
        "Diluted EPS": 0.46,
        "Basic EPS": 0.46,
        "Diluted NI Availto Com Stockholders": 4110000.0,
        "Net Income Common Stockholders": 4110000.0,
        "Otherunder Preferred Stock Dividend": 24000.0,
        "Net Income": 4110000.0,
        "Net Income Including Noncontrolling Interests": 4110000.0,
        "Net Income Continuous Operations": 4110000.0,
        "Tax Provision": 1513000.0,
        "Pretax Income": 5623000.0,
        "Gain On Sale Of Security": 0.0,
        "Selling General And Administration": 6660000.0,
        "General And Administrative Expense": 6660000.0,
        "Other Gand A": 1125000.0,
        "Insurance And Claims": 143000.0,
        "Salaries And Wages": 5392000.0,
        "Total Revenue": 14841000.0,
        "Operating Revenue": 14841000.0
    },
    "2022-03-31": {
        "Diluted EPS": 0.52,
        "Total Revenue": 17,
        "Gross Profit": 15,
        "Operating Income": 6,
        "EBIT": NaN,
        "Net Income": 5
    },
    "2021-12-31": {
        "Diluted EPS": 0.45,
        "Total Revenue": 16,
        "Gross Profit": 15,
        "Operating Income": 6,
        "EBIT": NaN,
        "Net Income": 4
    },
    "2021-09-30": {
        "Diluted EPS": 0.46,
        "Total Revenue": 16,
        "Gross Profit": 15,
        "Operating Income": 6,
        "EBIT": NaN,
        "Net Income": 4
    },
    "2021-06-30": {
        "Diluted EPS": 0.44,
        "Total Revenue": 16,
        "Gross Profit": 15,
        "Operating Income": 6,
        "EBIT": NaN,
        "Net Income": 4
    },
    "2021-03-31": {
        "Diluted EPS": 0.55,
        "Total Revenue": 17,
        "Gross Profit": 15,
        "Operating Income": 7,
        "EBIT": NaN,
        "Net Income": 5
    },
    "2020-12-31": {
        "Diluted EPS": 0.59,
        "Total Revenue": 19,
        "Gross Profit": 16,
        "Operating Income": 7,
        "EBIT": NaN,
        "Net Income": 6
    },
    "2020-09-30": {
        "Diluted EPS": 0.47,
        "Total Revenue": 19,
        "Gross Profit": 16,
        "Operating Income": 6,
        "EBIT": NaN,
        "Net Income": 4
    },
    "2020-06-30": {
        "Diluted EPS": 0.47,
        "Total Revenue": 19,
        "Gross Profit": 16,
        "Operating Income": 6,
        "EBIT": NaN,
        "Net Income": 4
    },
    "2020-03-31": {
        "Diluted EPS": 0.48,
        "Total Revenue": 20,
        "Gross Profit": 16,
        "Operating Income": 6,
        "EBIT": NaN,
        "Net Income": 4
    },
    "2019-12-31": {
        "Diluted EPS": 0.53,
        "Total Revenue": 20,
        "Gross Profit": 16,
        "Operating Income": 6,
        "EBIT": NaN,
        "Net Income": 5
    },
    "2019-09-30": {
        "Diluted EPS": 0.57,
        "Total Revenue": 21,
        "Gross Profit": 17,
        "Operating Income": 7,
        "EBIT": NaN,
        "Net Income": 5
    },
    "2019-06-30": {
        "Diluted EPS": 0.54,
        "Total Revenue": 20,
        "Gross Profit": 16,
        "Operating Income": 6,
        "EBIT": NaN,
        "Net Income": 5
    },
    "2019-03-31": {
        "Diluted EPS": 0.7,
        "Total Revenue": 22,
        "Gross Profit": 18,
        "Operating Income": 8,
        "EBIT": NaN,
        "Net Income": 7
    },
    "2018-12-31": {
        "Diluted EPS": 0.48,
        "Total Revenue": 19,
        "Gross Profit": 16,
        "Operating Income": 6,
        "EBIT": NaN,
        "Net Income": 5
    },
    "2018-09-30": {
        "Diluted EPS": 0.51,
        "Total Revenue": 19,
        "Gross Profit": 16,
        "Operating Income": 6,
        "EBIT": NaN,
        "Net Income": 5
    },
    "2018-06-30": {
        "Diluted EPS": 0.53,
        "Total Revenue": 19,
        "Gross Profit": 16,
        "Operating Income": 6,
        "EBIT": NaN,
        "Net Income": 5
    },
    "2018-03-31": {
        "Diluted EPS": 0.51,
        "Total Revenue": 19,
        "Gross Profit": 16,
        "Operating Income": 7,
        "EBIT": NaN,
        "Net Income": 5
    },
    "2017-12-31": {
        "Diluted EPS": 0.22,
        "Total Revenue": 18,
        "Gross Profit": 16,
        "Operating Income": 5,
        "EBIT": NaN,
        "Net Income": 2
    },
    "2017-09-30": {
        "Diluted EPS": 0.44,
        "Total Revenue": 18,
        "Gross Profit": 16,
        "Operating Income": 7,
        "EBIT": NaN,
        "Net Income": 4
    },
    "2017-06-30": {
        "Diluted EPS": 0.45,
        "Total Revenue": 18,
        "Gross Profit": 16,
        "Operating Income": 7,
        "EBIT": NaN,
        "Net Income": 4
    },
    "2017-03-31": {
        "Diluted EPS": 0.46,
        "Total Revenue": 18,
        "Gross Profit": 16,
        "Operating Income": 7,
        "EBIT": NaN,
        "Net Income": 4
    },
    "2016-12-31": {
        "Diluted EPS": 0.46,
        "Total Revenue": 18,
        "Gross Profit": 15,
        "Operating Income": 7,
        "EBIT": NaN,
        "Net Income": 4
    },
    "2016-09-30": {
        "Diluted EPS": 0.44,
        "Total Revenue": 18,
        "Gross Profit": 16,
        "Operating Income": 7,
        "EBIT": NaN,
        "Net Income": 4
    },
    "2016-06-30": {
        "Diluted EPS": 0.43,
        "Total Revenue": 18,
        "Gross Profit": 16,
        "Operating Income": 7,
        "EBIT": NaN,
        "Net Income": 4
    },
    "2016-03-31": {
        "Diluted EPS": 0.41,
        "Total Revenue": 17,
        "Gross Profit": 15,
        "Operating Income": 6,
        "EBIT": NaN,
        "Net Income": 4
    },
    "2015-12-31": {
        "Diluted EPS": 0.37,
        "Total Revenue": 17,
        "Gross Profit": 16,
        "Operating Income": 6,
        "EBIT": NaN,
        "Net Income": 3
    },
    "2015-09-30": {
        "Diluted EPS": 0.4,
        "Total Revenue": 17,
        "Gross Profit": 16,
        "Operating Income": 6,
        "EBIT": NaN,
        "Net Income": 4
    },
    "2015-06-30": {
        "Diluted EPS": 0.41,
        "Total Revenue": 17,
        "Gross Profit": 15,
        "Operating Income": 6,
        "EBIT": NaN,
        "Net Income": 4
    },
    "2015-03-31": {
        "Diluted EPS": 0.38,
        "Total Revenue": 17,
        "Gross Profit": 15,
        "Operating Income": 6,
        "EBIT": NaN,
        "Net Income": 4
    },
    "2014-12-31": {
        "Diluted EPS": 0.37,
        "Total Revenue": 16,
        "Gross Profit": 15,
        "Operating Income": 6,
        "EBIT": NaN,
        "Net Income": 3
    },
    "2014-09-30": {
        "Diluted EPS": 0.37,
        "Total Revenue": 16,
        "Gross Profit": 15,
        "Operating Income": 6,
        "EBIT": NaN,
        "Net Income": 3
    },
    "2014-06-30": {
        "Diluted EPS": 0.4,
        "Total Revenue": 16,
        "Gross Profit": 15,
        "Operating Income": 6,
        "EBIT": NaN,
        "Net Income": 4
    },
    "2014-03-31": {
        "Diluted EPS": 0.37,
        "Total Revenue": 16,
        "Gross Profit": 15,
        "Operating Income": 6,
        "EBIT": NaN,
        "Net Income": 3
    },
    "2013-12-31": {
        "Diluted EPS": 0.38,
        "Total Revenue": 16,
        "Gross Profit": 15,
        "Operating Income": 6,
        "EBIT": NaN,
        "Net Income": 4
    },
    "2013-09-30": {
        "Diluted EPS": 0.39,
        "Total Revenue": 16,
        "Gross Profit": 15,
        "Operating Income": 6,
        "EBIT": NaN,
        "Net Income": 4
    },
    "2013-06-30": {
        "Diluted EPS": 0.36,
        "Total Revenue": 16,
        "Gross Profit": 14,
        "Operating Income": 6,
        "EBIT": NaN,
        "Net Income": 4
    },
    "2013-03-31": {
        "Diluted EPS": 0.36,
        "Total Revenue": 16,
        "Gross Profit": 15,
        "Operating Income": 6,
        "EBIT": NaN,
        "Net Income": 4
    },
    "2012-12-31": {
        "Diluted EPS": 0.38,
        "Total Revenue": 17,
        "Gross Profit": 15,
        "Operating Income": 6,
        "EBIT": NaN,
        "Net Income": 4
    },
    "2012-09-30": {
        "Diluted EPS": 0.36,
        "Total Revenue": 17,
        "Gross Profit": 15,
        "Operating Income": 6,
        "EBIT": NaN,
        "Net Income": 4
    },
    "2012-06-30": {
        "Diluted EPS": 0.37,
        "Total Revenue": 17,
        "Gross Profit": 14,
        "Operating Income": 6,
        "EBIT": NaN,
        "Net Income": 4
    },
    "2012-03-31": {
        "Diluted EPS": 0.34,
        "Total Revenue": 17,
        "Gross Profit": 14,
        "Operating Income": 6,
        "EBIT": NaN,
        "Net Income": 4
    },
    "2011-12-31": {
        "Diluted EPS": 0.33,
        "Total Revenue": 17,
        "Gross Profit": 15,
        "Operating Income": 6,
        "EBIT": NaN,
        "Net Income": 3
    },
    "2011-09-30": {
        "Diluted EPS": 0.28,
        "Total Revenue": 17,
        "Gross Profit": 14,
        "Operating Income": 5,
        "EBIT": NaN,
        "Net Income": 3
    },
    "2011-06-30": {
        "Diluted EPS": 0.3,
        "Total Revenue": 17,
        "Gross Profit": 14,
        "Operating Income": 5,
        "EBIT": NaN,
        "Net Income": 3
    },
    "2011-03-31": {
        "Diluted EPS": 0.26,
        "Total Revenue": 16,
        "Gross Profit": 14,
        "Operating Income": 5,
        "EBIT": NaN,
        "Net Income": 3
    },
    "2010-12-31": {
        "Diluted EPS": 0.27,
        "Total Revenue": 16,
        "Gross Profit": 13,
        "Operating Income": 4,
        "EBIT": NaN,
        "Net Income": 3
    },
    "2010-09-30": {
        "Diluted EPS": 0.28,
        "Total Revenue": 16,
        "Gross Profit": 13,
        "Operating Income": 5,
        "EBIT": NaN,
        "Net Income": 3
    },
    "2010-06-30": {
        "Diluted EPS": 0.29,
        "Total Revenue": 17,
        "Gross Profit": 13,
        "Operating Income": 5,
        "EBIT": NaN,
        "Net Income": 3
    },
    "2010-03-31": {
        "Diluted EPS": 0.13,
        "Total Revenue": 14,
        "Gross Profit": 10,
        "Operating Income": 2,
        "EBIT": NaN,
        "Net Income": 1
    },
    "2009-12-31": {
        "Diluted EPS": 0.71,
        "Total Revenue": 17,
        "Gross Profit": 13,
        "Operating Income": 5,
        "EBIT": NaN,
        "Net Income": 3
    },
    "2009-09-30": {
        "Diluted EPS": 0.06,
        "Total Revenue": 14,
        "Gross Profit": 9,
        "Operating Income": 1,
        "EBIT": NaN,
        "Net Income": 1
    },
    "2009-06-30": {
        "Diluted EPS": 0.0,
        "Total Revenue": 16,
        "Gross Profit": 11,
        "Operating Income": 3,
        "EBIT": NaN,
        "Net Income": 2
    },
    "2009-03-31": {
        "Diluted EPS": 0.0,
        "Total Revenue": 17,
        "Gross Profit": 12,
        "Operating Income": 4,
        "EBIT": NaN,
        "Net Income": 3
    },
    "2023-09-30": {
        "Tax Effect Of Unusual Items": 0.0,
        "Tax Rate For Calcs": 0.276,
        "Net Income From Continuing Operation Net Minority Interest": 880000.0,
        "Reconciled Depreciation": 961000.0,
        "Net Interest Income": 10034000.0,
        "Interest Expense": 7350000.0,
        "Interest Income": 17384000.0,
        "Normalized Income": 880000.0,
        "Net Income From Continuing And Discontinued Operation": 880000.0,
        "Diluted Average Shares": 8602888.0,
        "Basic Average Shares": 8577632.0,
        "Diluted EPS": 0.1,
        "Basic EPS": 0.1,
        "Diluted NI Availto Com Stockholders": 865000.0,
        "Net Income Common Stockholders": 865000.0,
        "Otherunder Preferred Stock Dividend": 15000.0,
        "Net Income": 880000.0,
        "Net Income Including Noncontrolling Interests": 880000.0,
        "Net Income Continuous Operations": 880000.0,
        "Tax Provision": 335000.0,
        "Pretax Income": 1215000.0,
        "Selling General And Administration": 6585000.0,
        "General And Administrative Expense": 6585000.0,
        "Other Gand A": 1163000.0,
        "Insurance And Claims": 246000.0,
        "Salaries And Wages": 5176000.0,
        "Total Revenue": 10623000.0,
        "Operating Revenue": 10623000.0,
        "Occupancy And Equipment": 3082000.0
    },
    "2023-12-31": {
        "Tax Effect Of Unusual Items": 0.0,
        "Tax Rate For Calcs": 0.15443,
        "Net Income From Continuing Operation Net Minority Interest": 334000.0,
        "Reconciled Depreciation": 950000.0,
        "Net Interest Income": 9414000.0,
        "Interest Expense": 8277000.0,
        "Interest Income": 17691000.0,
        "Normalized Income": 334000.0,
        "Net Income From Continuing And Discontinued Operation": 334000.0,
        "Diluted Average Shares": 8603843.0,
        "Basic Average Shares": 8575902.0,
        "Diluted EPS": 0.04,
        "Basic EPS": 0.04,
        "Diluted NI Availto Com Stockholders": 330000.0,
        "Net Income Common Stockholders": 330000.0,
        "Otherunder Preferred Stock Dividend": 4000.0,
        "Net Income": 334000.0,
        "Net Income Including Noncontrolling Interests": 334000.0,
        "Net Income Continuous Operations": 334000.0,
        "Tax Provision": 61000.0,
        "Pretax Income": 395000.0,
        "Selling General And Administration": 6491000.0,
        "General And Administrative Expense": 6491000.0,
        "Other Gand A": 1137000.0,
        "Insurance And Claims": 245000.0,
        "Salaries And Wages": 5109000.0,
        "Total Revenue": 10017000.0,
        "Operating Revenue": 10017000.0,
        "Occupancy And Equipment": 2987000.0
    },
    "2024-03-31": {
        "Tax Effect Of Unusual Items": 0.0,
        "Tax Rate For Calcs": 0.335,
        "Net Income From Continuing Operation Net Minority Interest": -482000.0,
        "Reconciled Depreciation": 937000.0,
        "Net Interest Income": 8761000.0,
        "Interest Expense": 9230000.0,
        "Interest Income": 17991000.0,
        "Normalized Income": -482000.0,
        "Net Income From Continuing And Discontinued Operation": -482000.0,
        "Diluted Average Shares": 8630719.0,
        "Basic Average Shares": 8588137.0,
        "Diluted EPS": -0.06,
        "Basic EPS": -0.06,
        "Diluted NI Availto Com Stockholders": -483000.0,
        "Net Income Common Stockholders": -483000.0,
        "Otherunder Preferred Stock Dividend": 1000.0,
        "Net Income": -482000.0,
        "Net Income Including Noncontrolling Interests": -482000.0,
        "Net Income Continuous Operations": -482000.0,
        "Tax Provision": -243000.0,
        "Pretax Income": -725000.0,
        "Selling General And Administration": 6999000.0,
        "General And Administrative Expense": 6999000.0,
        "Other Gand A": 1541000.0,
        "Insurance And Claims": 496000.0,
        "Salaries And Wages": 4962000.0,
        "Total Revenue": 9354000.0,
        "Operating Revenue": 9354000.0,
        "Occupancy And Equipment": 3061000.0
    },
    "2024-06-30": {
        "Tax Effect Of Unusual Items": 0.0,
        "Tax Rate For Calcs": 0.269,
        "Net Income From Continuing Operation Net Minority Interest": -775000.0,
        "Reconciled Depreciation": 952000.0,
        "Net Interest Income": 8238000.0,
        "Interest Expense": 9855000.0,
        "Interest Income": 18093000.0,
        "Normalized Income": -775000.0,
        "Net Income From Continuing And Discontinued Operation": -775000.0,
        "Diluted Average Shares": 8605801.0,
        "Basic Average Shares": 8605801.0,
        "Diluted EPS": -0.09,
        "Basic EPS": -0.09,
        "Diluted NI Availto Com Stockholders": -775000.0,
        "Net Income Common Stockholders": -775000.0,
        "Otherunder Preferred Stock Dividend": NaN,
        "Net Income": -775000.0,
        "Net Income Including Noncontrolling Interests": -775000.0,
        "Net Income Continuous Operations": -775000.0,
        "Tax Provision": -285000.0,
        "Pretax Income": -1060000.0,
        "Selling General And Administration": 6887000.0,
        "General And Administrative Expense": 6887000.0,
        "Other Gand A": 1749000.0,
        "Insurance And Claims": 393000.0,
        "Salaries And Wages": 4745000.0,
        "Total Revenue": 8898000.0,
        "Operating Revenue": 8898000.0,
        "Occupancy And Equipment": 3097000.0
    }
}