{
    "2023-03-31": {
        "Tax Effect Of Unusual Items": -21381.265845,
        "Tax Rate For Calcs": 0.017569,
        "Normalized EBITDA": -19738000.0,
        "Total Unusual Items": -1217000.0,
        "Total Unusual Items Excluding Goodwill": -1217000.0,
        "Net Income From Continuing Operation Net Minority Interest": -22088000.0,
        "Reconciled Depreciation": 978000.0,
        "EBITDA": -20955000.0,
        "EBIT": -21933000.0,
        "Net Interest Income": 2429000.0,
        "Interest Expense": 550000.0,
        "Interest Income": 2979000.0,
        "Normalized Income": -20892381.265845,
        "Net Income From Continuing And Discontinued Operation": -22088000.0,
        "Total Expenses": 34112000.0,
        "Total Operating Income As Reported": -24912000.0,
        "Diluted NI Availto Com Stockholders": -22088000.0,
        "Net Income Common Stockholders": -22088000.0,
        "Net Income": -22088000.0,
        "Net Income Including Noncontrolling Interests": -22088000.0,
        "Net Income Discontinuous Operations": 0.0,
        "Net Income Continuous Operations": -22088000.0,
        "Tax Provision": -395000.0,
        "Pretax Income": -22483000.0,
        "Other Income Expense": -1217000.0,
        "Special Income Charges": -1217000.0,
        "Other Special Charges": NaN,
        "Restructuring And Mergern Acquisition": 1217000.0,
        "Net Non Operating Interest Income Expense": 2429000.0,
        "Interest Expense Non Operating": 550000.0,
        "Interest Income Non Operating": 2979000.0,
        "Operating Income": -23695000.0,
        "Operating Expense": 34112000.0,
        "Research And Development": 14572000.0,
        "Selling General And Administration": 19540000.0,
        "Total Revenue": 10417000.0,
        "Operating Revenue": 10417000.0
    },
    "2022-12-31": {
        "Tax Effect Of Unusual Items": 0.0,
        "Tax Rate For Calcs": 0.00021,
        "Normalized EBITDA": -11684000.0,
        "Total Unusual Items": 0.0,
        "Total Unusual Items Excluding Goodwill": 0.0,
        "Net Income From Continuing Operation Net Minority Interest": -14256000.0,
        "Reconciled Depreciation": 2025000.0,
        "EBITDA": -11684000.0,
        "EBIT": -13709000.0,
        "Net Interest Income": 3172000.0,
        "Interest Expense": 550000.0,
        "Interest Income": 3722000.0,
        "Normalized Income": -14256000.0,
        "Net Income From Continuing And Discontinued Operation": -10362000.0,
        "Total Expenses": 32080000.0,
        "Total Operating Income As Reported": -17431000.0,
        "Diluted NI Availto Com Stockholders": -10362000.0,
        "Net Income Common Stockholders": -10362000.0,
        "Net Income": -10362000.0,
        "Net Income Including Noncontrolling Interests": -10362000.0,
        "Net Income Discontinuous Operations": 3894000.0,
        "Net Income Continuous Operations": -14256000.0,
        "Tax Provision": -3000.0,
        "Pretax Income": -14259000.0,
        "Other Income Expense": 0.0,
        "Special Income Charges": 0.0,
        "Other Special Charges": 0.0,
        "Restructuring And Mergern Acquisition": 0.0,
        "Net Non Operating Interest Income Expense": 3172000.0,
        "Interest Expense Non Operating": 550000.0,
        "Interest Income Non Operating": 3722000.0,
        "Operating Income": -17431000.0,
        "Operating Expense": 32080000.0,
        "Research And Development": 14701000.0,
        "Selling General And Administration": 17379000.0,
        "Total Revenue": 14649000.0,
        "Operating Revenue": 14649000.0
    },
    "2022-09-30": {
        "Tax Effect Of Unusual Items": 0.0,
        "Tax Rate For Calcs": 0.0,
        "Normalized EBITDA": -10935000.0,
        "Total Unusual Items": -3543000.0,
        "Total Unusual Items Excluding Goodwill": -3543000.0,
        "Net Income From Continuing Operation Net Minority Interest": -16023000.0,
        "Reconciled Depreciation": 1314000.0,
        "EBITDA": -14478000.0,
        "EBIT": -14478000.0,
        "Net Interest Income": 1213000.0,
        "Interest Expense": 1545000.0,
        "Interest Income": 2758000.0,
        "Normalized Income": -12480000.0,
        "Net Income From Continuing And Discontinued Operation": 916631000.0,
        "Total Expenses": 26144000.0,
        "Total Operating Income As Reported": -14202000.0,
        "Diluted Average Shares": 75515000.0,
        "Basic Average Shares": 75515000.0,
        "Diluted EPS": 12.14,
        "Basic EPS": 12.14,
        "Diluted NI Availto Com Stockholders": 916631000.0,
        "Net Income Common Stockholders": 916631000.0,
        "Net Income": 916631000.0,
        "Net Income Including Noncontrolling Interests": 916631000.0,
        "Net Income Discontinuous Operations": 932654000.0,
        "Net Income Continuous Operations": -16023000.0,
        "Tax Provision": 0.0,
        "Pretax Income": -16023000.0,
        "Other Income Expense": -3543000.0,
        "Special Income Charges": -3543000.0,
        "Other Special Charges": 3034000.0,
        "Restructuring And Mergern Acquisition": 509000.0,
        "Net Non Operating Interest Income Expense": 1213000.0,
        "Interest Expense Non Operating": 1545000.0,
        "Interest Income Non Operating": 2758000.0,
        "Operating Income": -13693000.0,
        "Operating Expense": 26144000.0,
        "Research And Development": 9867000.0,
        "Selling General And Administration": 16277000.0,
        "Total Revenue": 12451000.0,
        "Operating Revenue": 12451000.0
    },
    "2022-06-30": {
        "Tax Effect Of Unusual Items": -3277.208394,
        "Tax Rate For Calcs": 0.00061,
        "Normalized EBITDA": 9060000.0,
        "Total Unusual Items": -5372000.0,
        "Total Unusual Items Excluding Goodwill": -5372000.0,
        "Net Income From Continuing Operation Net Minority Interest": -8191000.0,
        "Reconciled Depreciation": 2201000.0,
        "EBITDA": 3688000.0,
        "EBIT": 3688000.0,
        "Net Interest Income": -9444000.0,
        "Interest Expense": 11884000.0,
        "Interest Income": 2440000.0,
        "Normalized Income": -2822277.208394,
        "Net Income From Continuing And Discontinued Operation": -8191000.0,
        "Total Expenses": 32557000.0,
        "Total Operating Income As Reported": -26879000.0,
        "Diluted Average Shares": 76270000.0,
        "Basic Average Shares": 76270000.0,
        "Diluted EPS": -0.11,
        "Basic EPS": -0.11,
        "Diluted NI Availto Com Stockholders": -8191000.0,
        "Net Income Common Stockholders": -8191000.0,
        "Net Income": -8191000.0,
        "Net Income Including Noncontrolling Interests": -8191000.0,
        "Net Income Discontinuous Operations": NaN,
        "Net Income Continuous Operations": -8191000.0,
        "Tax Provision": -5000.0,
        "Pretax Income": -8196000.0,
        "Other Income Expense": 22755000.0,
        "Special Income Charges": -5372000.0,
        "Other Special Charges": NaN,
        "Restructuring And Mergern Acquisition": 5372000.0,
        "Earnings From Equity Interest": 28127000.0,
        "Net Non Operating Interest Income Expense": -9444000.0,
        "Interest Expense Non Operating": 11884000.0,
        "Interest Income Non Operating": 2440000.0,
        "Operating Income": -21507000.0,
        "Operating Expense": 32557000.0,
        "Research And Development": 15571000.0,
        "Selling General And Administration": 16986000.0,
        "Total Revenue": 11050000.0,
        "Operating Revenue": 11050000.0
    },
    "2022-03-31": {
        "Diluted EPS": -0.34,
        "Total Revenue": 13,
        "Gross Profit": 13,
        "Operating Income": -37,
        "EBIT": -36,
        "Net Income": -26
    },
    "2021-12-31": {
        "Diluted EPS": -0.35,
        "Total Revenue": 15,
        "Gross Profit": 15,
        "Operating Income": -56,
        "EBIT": -56,
        "Net Income": -32
    },
    "2021-09-30": {
        "Diluted EPS": -0.48,
        "Total Revenue": 13,
        "Gross Profit": 13,
        "Operating Income": -54,
        "EBIT": -52,
        "Net Income": -35
    },
    "2021-06-30": {
        "Diluted EPS": -0.8,
        "Total Revenue": 13,
        "Gross Profit": 13,
        "Operating Income": -64,
        "EBIT": -63,
        "Net Income": -52
    },
    "2021-03-31": {
        "Diluted EPS": -1.24,
        "Total Revenue": 14,
        "Gross Profit": 14,
        "Operating Income": -84,
        "EBIT": -82,
        "Net Income": -80
    },
    "2020-12-31": {
        "Diluted EPS": -0.9,
        "Total Revenue": 19,
        "Gross Profit": 19,
        "Operating Income": -76,
        "EBIT": -77,
        "Net Income": -58
    },
    "2020-09-30": {
        "Diluted EPS": -1.16,
        "Total Revenue": 18,
        "Gross Profit": 18,
        "Operating Income": -77,
        "EBIT": -75,
        "Net Income": -74
    },
    "2020-06-30": {
        "Diluted EPS": -1.0,
        "Total Revenue": 15,
        "Gross Profit": 15,
        "Operating Income": -72,
        "EBIT": -71,
        "Net Income": -63
    },
    "2020-03-31": {
        "Diluted EPS": -1.4,
        "Total Revenue": 20,
        "Gross Profit": 20,
        "Operating Income": -72,
        "EBIT": -71,
        "Net Income": -83
    },
    "2019-12-31": {
        "Diluted EPS": -1.16,
        "Total Revenue": 29,
        "Gross Profit": 29,
        "Operating Income": -71,
        "EBIT": -70,
        "Net Income": -66
    },
    "2019-09-30": {
        "Diluted EPS": -1.05,
        "Total Revenue": 12,
        "Gross Profit": 12,
        "Operating Income": -65,
        "EBIT": -64,
        "Net Income": -58
    },
    "2019-06-30": {
        "Diluted EPS": -0.72,
        "Total Revenue": 26,
        "Gross Profit": 26,
        "Operating Income": -42,
        "EBIT": -42,
        "Net Income": -40
    },
    "2019-03-31": {
        "Diluted EPS": -1.32,
        "Total Revenue": 5,
        "Gross Profit": 5,
        "Operating Income": -74,
        "EBIT": -73,
        "Net Income": -73
    },
    "2018-12-31": {
        "Diluted EPS": -0.91,
        "Total Revenue": 16,
        "Gross Profit": 15,
        "Operating Income": -63,
        "EBIT": -62,
        "Net Income": -50
    },
    "2018-09-30": {
        "Diluted EPS": -1.1,
        "Total Revenue": 13,
        "Gross Profit": 12,
        "Operating Income": -62,
        "EBIT": -62,
        "Net Income": -59
    },
    "2018-06-30": {
        "Diluted EPS": -0.76,
        "Total Revenue": 23,
        "Gross Profit": 25,
        "Operating Income": -49,
        "EBIT": -48,
        "Net Income": -41
    },
    "2018-03-31": {
        "Diluted EPS": -1.22,
        "Total Revenue": 8,
        "Gross Profit": 7,
        "Operating Income": -65,
        "EBIT": -64,
        "Net Income": -65
    },
    "2017-12-31": {
        "Diluted EPS": -1.64,
        "Total Revenue": 5,
        "Gross Profit": 1,
        "Operating Income": -79,
        "EBIT": -78,
        "Net Income": -87
    },
    "2017-09-30": {
        "Diluted EPS": -1.27,
        "Total Revenue": 4,
        "Gross Profit": 3,
        "Operating Income": -57,
        "EBIT": -56,
        "Net Income": -67
    },
    "2017-06-30": {
        "Diluted EPS": -1.27,
        "Total Revenue": 4,
        "Gross Profit": 2,
        "Operating Income": -65,
        "EBIT": -64,
        "Net Income": -66
    },
    "2017-03-31": {
        "Diluted EPS": -1.27,
        "Total Revenue": 3,
        "Gross Profit": 3,
        "Operating Income": -59,
        "EBIT": -58,
        "Net Income": -65
    },
    "2016-12-31": {
        "Diluted EPS": -1.37,
        "Total Revenue": 6,
        "Gross Profit": 5,
        "Operating Income": -58,
        "EBIT": -57,
        "Net Income": -67
    },
    "2016-09-30": {
        "Diluted EPS": -0.73,
        "Total Revenue": 19,
        "Gross Profit": 19,
        "Operating Income": -33,
        "EBIT": -33,
        "Net Income": -34
    },
    "2016-06-30": {
        "Diluted EPS": -1.06,
        "Total Revenue": 5,
        "Gross Profit": 5,
        "Operating Income": -47,
        "EBIT": -47,
        "Net Income": -47
    },
    "2016-03-31": {
        "Diluted EPS": -1.1,
        "Total Revenue": 18,
        "Gross Profit": 18,
        "Operating Income": -42,
        "EBIT": -41,
        "Net Income": -42
    },
    "2015-12-31": {
        "Diluted EPS": -1.23,
        "Total Revenue": 4,
        "Gross Profit": 1,
        "Operating Income": -56,
        "EBIT": -55,
        "Net Income": -45
    },
    "2015-09-30": {
        "Diluted EPS": -1.4,
        "Total Revenue": 11,
        "Gross Profit": 10,
        "Operating Income": -43,
        "EBIT": -42,
        "Net Income": -47
    },
    "2015-06-30": {
        "Diluted EPS": -1.42,
        "Total Revenue": 7,
        "Gross Profit": 7,
        "Operating Income": -45,
        "EBIT": -45,
        "Net Income": -48
    },
    "2015-03-31": {
        "Diluted EPS": -1.29,
        "Total Revenue": 20,
        "Gross Profit": 20,
        "Operating Income": -38,
        "EBIT": -37,
        "Net Income": -42
    },
    "2014-12-31": {
        "Diluted EPS": -2.02,
        "Total Revenue": 1,
        "Gross Profit": -2,
        "Operating Income": -66,
        "EBIT": -65,
        "Net Income": -64
    },
    "2014-09-30": {
        "Diluted EPS": -1.72,
        "Total Revenue": 6,
        "Gross Profit": 6,
        "Operating Income": -50,
        "EBIT": -49,
        "Net Income": -54
    },
    "2014-06-30": {
        "Diluted EPS": -1.83,
        "Total Revenue": 3,
        "Gross Profit": 3,
        "Operating Income": -57,
        "EBIT": -56,
        "Net Income": -58
    },
    "2014-03-31": {
        "Diluted EPS": -1.89,
        "Total Revenue": 1,
        "Gross Profit": 1,
        "Operating Income": -60,
        "EBIT": -59,
        "Net Income": -60
    },
    "2013-12-31": {
        "Diluted EPS": -1.39,
        "Total Revenue": 0,
        "Gross Profit": 0,
        "Operating Income": -44,
        "EBIT": -43,
        "Net Income": -44
    },
    "2013-09-30": {
        "Diluted EPS": -1.29,
        "Total Revenue": 0,
        "Gross Profit": 0,
        "Operating Income": -41,
        "EBIT": -41,
        "Net Income": -41
    },
    "2013-06-30": {
        "Diluted EPS": -1.23,
        "Total Revenue": 0,
        "Gross Profit": 0,
        "Operating Income": -39,
        "EBIT": -38,
        "Net Income": -39
    },
    "2013-03-31": {
        "Diluted EPS": 0.0,
        "Total Revenue": 0,
        "Gross Profit": 0,
        "Operating Income": -32,
        "EBIT": -31,
        "Net Income": -32
    },
    "2012-12-31": {
        "Diluted EPS": 0.0,
        "Total Revenue": NaN,
        "Gross Profit": NaN,
        "Operating Income": NaN,
        "EBIT": NaN,
        "Net Income": NaN
    },
    "2011-12-31": {
        "Diluted EPS": 0.0,
        "Total Revenue": NaN,
        "Gross Profit": NaN,
        "Operating Income": NaN,
        "EBIT": NaN,
        "Net Income": NaN
    },
    "2023-06-30": {
        "Tax Effect Of Unusual Items": -245490.0,
        "Tax Rate For Calcs": 0.21,
        "Normalized EBITDA": -11526000.0,
        "Total Unusual Items": -1169000.0,
        "Total Unusual Items Excluding Goodwill": -1169000.0,
        "Net Income From Continuing Operation Net Minority Interest": -15645000.0,
        "Reconciled Depreciation": 924000.0,
        "EBITDA": -12695000.0,
        "EBIT": -13619000.0,
        "Net Interest Income": 1936000.0,
        "Interest Expense": 568000.0,
        "Interest Income": 2504000.0,
        "Normalized Income": -14721490.0,
        "Net Income From Continuing And Discontinued Operation": -15645000.0,
        "Total Expenses": 28703000.0,
        "Total Operating Income As Reported": -16123000.0,
        "Diluted NI Availto Com Stockholders": -15645000.0,
        "Net Income Common Stockholders": -15645000.0,
        "Net Income": -15645000.0,
        "Net Income Including Noncontrolling Interests": -15645000.0,
        "Net Income Discontinuous Operations": 0.0,
        "Net Income Continuous Operations": -15645000.0,
        "Tax Provision": 1458000.0,
        "Pretax Income": -14187000.0,
        "Other Income Expense": -1169000.0,
        "Special Income Charges": -1169000.0,
        "Other Special Charges": NaN,
        "Restructuring And Mergern Acquisition": 1169000.0,
        "Net Non Operating Interest Income Expense": 1936000.0,
        "Interest Expense Non Operating": 568000.0,
        "Interest Income Non Operating": 2504000.0,
        "Operating Income": -14954000.0,
        "Operating Expense": 28703000.0,
        "Research And Development": 9425000.0,
        "Selling General And Administration": 19278000.0,
        "Total Revenue": 13749000.0,
        "Operating Revenue": 13749000.0
    },
    "2023-09-30": {
        "Tax Effect Of Unusual Items": 0.0,
        "Tax Rate For Calcs": 0.21,
        "Normalized EBITDA": -6037000.0,
        "Total Unusual Items": 0.0,
        "Total Unusual Items Excluding Goodwill": 0.0,
        "Net Income From Continuing Operation Net Minority Interest": -8950000.0,
        "Reconciled Depreciation": 937000.0,
        "EBITDA": -6037000.0,
        "EBIT": -6974000.0,
        "Net Interest Income": 1177000.0,
        "Interest Expense": 609000.0,
        "Interest Income": 1786000.0,
        "Normalized Income": -8950000.0,
        "Net Income From Continuing And Discontinued Operation": -8950000.0,
        "Total Expenses": 24453000.0,
        "Total Operating Income As Reported": -8760000.0,
        "Diluted NI Availto Com Stockholders": -8950000.0,
        "Net Income Common Stockholders": -8950000.0,
        "Net Income": -8950000.0,
        "Net Income Including Noncontrolling Interests": -8950000.0,
        "Net Income Discontinuous Operations": 0.0,
        "Net Income Continuous Operations": -8950000.0,
        "Tax Provision": 1367000.0,
        "Pretax Income": -7583000.0,
        "Other Income Expense": NaN,
        "Special Income Charges": 0.0,
        "Other Special Charges": NaN,
        "Restructuring And Mergern Acquisition": 0.0,
        "Net Non Operating Interest Income Expense": 1177000.0,
        "Interest Expense Non Operating": 609000.0,
        "Interest Income Non Operating": 1786000.0,
        "Operating Income": -8760000.0,
        "Operating Expense": 24453000.0,
        "Research And Development": 8311000.0,
        "Selling General And Administration": 16142000.0,
        "Total Revenue": 15693000.0,
        "Operating Revenue": 15693000.0
    }
}