{
    "2023-06-30": {
        "Tax Effect Of Unusual Items": 0.0,
        "Tax Rate For Calcs": 0.231722,
        "Total Unusual Items": NaN,
        "Total Unusual Items Excluding Goodwill": NaN,
        "Net Income From Continuing Operation Net Minority Interest": 68651000.0,
        "Reconciled Depreciation": 11034000.0,
        "Net Interest Income": 231990000.0,
        "Interest Expense": 169926000.0,
        "Interest Income": 401916000.0,
        "Normalized Income": 68651000.0,
        "Net Income From Continuing And Discontinued Operation": 68651000.0,
        "Diluted Average Shares": 48421276.0,
        "Basic Average Shares": 47906624.0,
        "Diluted EPS": 1.33,
        "Basic EPS": 1.34,
        "Diluted NI Availto Com Stockholders": 64339000.0,
        "Net Income Common Stockholders": 64339000.0,
        "Preferred Stock Dividends": 4312000.0,
        "Net Income": 68651000.0,
        "Net Income Including Noncontrolling Interests": 68651000.0,
        "Net Income Continuous Operations": 68651000.0,
        "Tax Provision": 20706000.0,
        "Pretax Income": 89357000.0,
        "Special Income Charges": NaN,
        "Gain On Sale Of Business": NaN,
        "Selling General And Administration": 123110000.0,
        "Selling And Marketing Expense": 6367000.0,
        "General And Administrative Expense": 116743000.0,
        "Other Gand A": NaN,
        "Insurance And Claims": 3693000.0,
        "Salaries And Wages": 113050000.0,
        "Total Revenue": 278001000.0,
        "Operating Revenue": 278001000.0
    },
    "2023-03-31": {
        "Tax Effect Of Unusual Items": 0.0,
        "Tax Rate For Calcs": 0.237771,
        "Total Unusual Items": NaN,
        "Total Unusual Items Excluding Goodwill": NaN,
        "Net Income From Continuing Operation Net Minority Interest": 38661000.0,
        "Reconciled Depreciation": 8683000.0,
        "Net Interest Income": 235345000.0,
        "Interest Expense": 149821000.0,
        "Interest Income": 385166000.0,
        "Normalized Income": 38661000.0,
        "Net Income From Continuing And Discontinued Operation": 38661000.0,
        "Diluted Average Shares": 48880725.0,
        "Basic Average Shares": 48264121.0,
        "Diluted EPS": 0.7,
        "Basic EPS": 0.71,
        "Diluted NI Availto Com Stockholders": 34348000.0,
        "Net Income Common Stockholders": 34348000.0,
        "Preferred Stock Dividends": 4313000.0,
        "Net Income": 38661000.0,
        "Net Income Including Noncontrolling Interests": 38661000.0,
        "Net Income Continuous Operations": 38661000.0,
        "Tax Provision": 12060000.0,
        "Pretax Income": 50721000.0,
        "Special Income Charges": NaN,
        "Gain On Sale Of Business": NaN,
        "Selling General And Administration": 139884000.0,
        "Selling And Marketing Expense": 9044000.0,
        "General And Administrative Expense": 130840000.0,
        "Other Gand A": NaN,
        "Insurance And Claims": 2170000.0,
        "Salaries And Wages": 128670000.0,
        "Total Revenue": 272748000.0,
        "Operating Revenue": 272748000.0
    },
    "2022-12-31": {
        "Tax Effect Of Unusual Items": 54435361.403685,
        "Tax Rate For Calcs": 0.219033,
        "Total Unusual Items": 248526000.0,
        "Total Unusual Items Excluding Goodwill": 248526000.0,
        "Net Income From Continuing Operation Net Minority Interest": 217251000.0,
        "Reconciled Depreciation": 9924000.0,
        "Net Interest Income": 247600000.0,
        "Interest Expense": 123687000.0,
        "Interest Income": 371287000.0,
        "Normalized Income": 23160361.403685,
        "Net Income From Continuing And Discontinued Operation": 217251000.0,
        "Diluted Average Shares": 50915423.0,
        "Basic Average Shares": 50311892.0,
        "Diluted EPS": 4.23,
        "Basic EPS": 4.28,
        "Diluted NI Availto Com Stockholders": 212939000.0,
        "Net Income Common Stockholders": 212939000.0,
        "Preferred Stock Dividends": 4312000.0,
        "Net Income": 217251000.0,
        "Net Income Including Noncontrolling Interests": 217251000.0,
        "Net Income Continuous Operations": 217251000.0,
        "Tax Provision": 60931000.0,
        "Pretax Income": 278182000.0,
        "Special Income Charges": 248526000.0,
        "Gain On Sale Of Business": 248526000.0,
        "Selling General And Administration": 117205000.0,
        "Selling And Marketing Expense": 10623000.0,
        "General And Administrative Expense": 106582000.0,
        "Other Gand A": NaN,
        "Insurance And Claims": 3092000.0,
        "Salaries And Wages": 103490000.0,
        "Total Revenue": 276746000.0,
        "Operating Revenue": 276746000.0
    },
    "2022-09-30": {
        "Tax Effect Of Unusual Items": 0.0,
        "Tax Rate For Calcs": 0.251924,
        "Total Unusual Items": NaN,
        "Total Unusual Items Excluding Goodwill": NaN,
        "Net Income From Continuing Operation Net Minority Interest": 41418000.0,
        "Reconciled Depreciation": 11279000.0,
        "Net Interest Income": 239080000.0,
        "Interest Expense": 82991000.0,
        "Interest Income": 322071000.0,
        "Normalized Income": 41418000.0,
        "Net Income From Continuing And Discontinued Operation": 41418000.0,
        "Diluted Average Shares": 50417884.0,
        "Basic Average Shares": 49891727.0,
        "Diluted EPS": 0.74,
        "Basic EPS": 0.74,
        "Diluted NI Availto Com Stockholders": 37105000.0,
        "Net Income Common Stockholders": 37105000.0,
        "Preferred Stock Dividends": 4313000.0,
        "Net Income": 41418000.0,
        "Net Income Including Noncontrolling Interests": 41418000.0,
        "Net Income Continuous Operations": 41418000.0,
        "Tax Provision": 13948000.0,
        "Pretax Income": 55366000.0,
        "Special Income Charges": NaN,
        "Gain On Sale Of Business": NaN,
        "Selling General And Administration": 160041000.0,
        "Selling And Marketing Expense": 8282000.0,
        "General And Administrative Expense": 151759000.0,
        "Other Gand A": 18470000.0,
        "Insurance And Claims": 3953000.0,
        "Salaries And Wages": 129336000.0,
        "Total Revenue": 264413000.0,
        "Operating Revenue": 264413000.0
    },
    "2022-06-30": {
        "Tax Effect Of Unusual Items": 0.0,
        "Tax Rate For Calcs": 0.248757,
        "Total Unusual Items": NaN,
        "Total Unusual Items Excluding Goodwill": NaN,
        "Net Income From Continuing Operation Net Minority Interest": 34159000.0,
        "Reconciled Depreciation": 13477000.0,
        "Net Interest Income": 205531000.0,
        "Interest Expense": 36818000.0,
        "Interest Income": 242349000.0,
        "Normalized Income": 34159000.0,
        "Net Income From Continuing And Discontinued Operation": 34159000.0,
        "Diluted Average Shares": 50801628.0,
        "Basic Average Shares": 50258681.0,
        "Diluted EPS": 0.59,
        "Basic EPS": 0.59,
        "Diluted NI Availto Com Stockholders": 29847000.0,
        "Net Income Common Stockholders": 29847000.0,
        "Preferred Stock Dividends": 4312000.0,
        "Net Income": 34159000.0,
        "Net Income Including Noncontrolling Interests": 34159000.0,
        "Net Income Continuous Operations": 34159000.0,
        "Tax Provision": 11311000.0,
        "Pretax Income": 45470000.0,
        "Special Income Charges": NaN,
        "Gain On Sale Of Business": NaN,
        "Selling General And Administration": 131358000.0,
        "Selling And Marketing Expense": 8506000.0,
        "General And Administrative Expense": 122852000.0,
        "Other Gand A": 15649000.0,
        "Insurance And Claims": 3318000.0,
        "Salaries And Wages": 103885000.0,
        "Total Revenue": 231773000.0,
        "Operating Revenue": 231773000.0
    },
    "2022-03-31": {
        "Diluted EPS": 0.69,
        "Total Revenue": 229,
        "Gross Profit": 204,
        "Operating Income": 53,
        "EBIT": NaN,
        "Net Income": 35
    },
    "2021-12-31": {
        "Diluted EPS": 1.2,
        "Total Revenue": 251,
        "Gross Profit": 225,
        "Operating Income": 89,
        "EBIT": NaN,
        "Net Income": 61
    },
    "2021-09-30": {
        "Diluted EPS": 0.76,
        "Total Revenue": 241,
        "Gross Profit": 215,
        "Operating Income": 57,
        "EBIT": NaN,
        "Net Income": 39
    },
    "2021-06-30": {
        "Diluted EPS": 1.31,
        "Total Revenue": 255,
        "Gross Profit": 227,
        "Operating Income": 97,
        "EBIT": NaN,
        "Net Income": 67
    },
    "2021-03-31": {
        "Diluted EPS": 1.33,
        "Total Revenue": 268,
        "Gross Profit": 239,
        "Operating Income": 95,
        "EBIT": NaN,
        "Net Income": 68
    },
    "2020-12-31": {
        "Diluted EPS": 1.15,
        "Total Revenue": 298,
        "Gross Profit": 266,
        "Operating Income": 83,
        "EBIT": NaN,
        "Net Income": 58
    },
    "2020-09-30": {
        "Diluted EPS": 1.08,
        "Total Revenue": 304,
        "Gross Profit": 268,
        "Operating Income": 72,
        "EBIT": NaN,
        "Net Income": 55
    },
    "2020-06-30": {
        "Diluted EPS": -0.73,
        "Total Revenue": 322,
        "Gross Profit": 280,
        "Operating Income": -31,
        "EBIT": NaN,
        "Net Income": -37
    },
    "2020-03-31": {
        "Diluted EPS": -0.38,
        "Total Revenue": 318,
        "Gross Profit": 240,
        "Operating Income": -14,
        "EBIT": NaN,
        "Net Income": -19
    },
    "2019-12-31": {
        "Diluted EPS": 1.19,
        "Total Revenue": 355,
        "Gross Profit": 266,
        "Operating Income": 81,
        "EBIT": NaN,
        "Net Income": 61
    },
    "2019-09-30": {
        "Diluted EPS": 1.7,
        "Total Revenue": 375,
        "Gross Profit": 272,
        "Operating Income": 112,
        "EBIT": NaN,
        "Net Income": 86
    },
    "2019-06-30": {
        "Diluted EPS": 1.5,
        "Total Revenue": 371,
        "Gross Profit": 268,
        "Operating Income": 99,
        "EBIT": NaN,
        "Net Income": 75
    },
    "2019-03-31": {
        "Diluted EPS": 1.6,
        "Total Revenue": 356,
        "Gross Profit": 266,
        "Operating Income": 105,
        "EBIT": NaN,
        "Net Income": 80
    },
    "2018-12-31": {
        "Diluted EPS": 1.23,
        "Total Revenue": 337,
        "Gross Profit": 256,
        "Operating Income": 84,
        "EBIT": NaN,
        "Net Income": 62
    },
    "2018-09-30": {
        "Diluted EPS": 1.65,
        "Total Revenue": 327,
        "Gross Profit": 258,
        "Operating Income": 109,
        "EBIT": NaN,
        "Net Income": 83
    },
    "2018-06-30": {
        "Diluted EPS": 1.38,
        "Total Revenue": 304,
        "Gross Profit": 249,
        "Operating Income": 90,
        "EBIT": NaN,
        "Net Income": 69
    },
    "2018-03-31": {
        "Diluted EPS": 1.38,
        "Total Revenue": 274,
        "Gross Profit": 230,
        "Operating Income": 91,
        "EBIT": NaN,
        "Net Income": 70
    },
    "2017-12-31": {
        "Diluted EPS": 0.84,
        "Total Revenue": 269,
        "Gross Profit": 230,
        "Operating Income": 95,
        "EBIT": NaN,
        "Net Income": 42
    },
    "2017-09-30": {
        "Diluted EPS": 1.12,
        "Total Revenue": 257,
        "Gross Profit": 223,
        "Operating Income": 89,
        "EBIT": NaN,
        "Net Income": 56
    },
    "2017-06-30": {
        "Diluted EPS": 0.97,
        "Total Revenue": 227,
        "Gross Profit": 202,
        "Operating Income": 77,
        "EBIT": NaN,
        "Net Income": 49
    },
    "2017-03-31": {
        "Diluted EPS": 0.8,
        "Total Revenue": 201,
        "Gross Profit": 180,
        "Operating Income": 65,
        "EBIT": NaN,
        "Net Income": 40
    },
    "2016-12-31": {
        "Diluted EPS": 0.97,
        "Total Revenue": 208,
        "Gross Profit": 190,
        "Operating Income": 75,
        "EBIT": NaN,
        "Net Income": 46
    },
    "2016-09-30": {
        "Diluted EPS": 0.87,
        "Total Revenue": 199,
        "Gross Profit": 183,
        "Operating Income": 67,
        "EBIT": NaN,
        "Net Income": 40
    },
    "2016-06-30": {
        "Diluted EPS": 0.78,
        "Total Revenue": 186,
        "Gross Profit": 171,
        "Operating Income": 61,
        "EBIT": NaN,
        "Net Income": 36
    },
    "2016-03-31": {
        "Diluted EPS": 0.49,
        "Total Revenue": 171,
        "Gross Profit": 156,
        "Operating Income": 39,
        "EBIT": NaN,
        "Net Income": 23
    },
    "2015-12-31": {
        "Diluted EPS": 0.7,
        "Total Revenue": 166,
        "Gross Profit": 154,
        "Operating Income": 52,
        "EBIT": NaN,
        "Net Income": 32
    },
    "2015-09-30": {
        "Diluted EPS": 0.75,
        "Total Revenue": 165,
        "Gross Profit": 153,
        "Operating Income": 58,
        "EBIT": NaN,
        "Net Income": 35
    },
    "2015-06-30": {
        "Diluted EPS": 0.76,
        "Total Revenue": 166,
        "Gross Profit": 155,
        "Operating Income": 59,
        "EBIT": NaN,
        "Net Income": 36
    },
    "2015-03-31": {
        "Diluted EPS": 0.7,
        "Total Revenue": 153,
        "Gross Profit": 142,
        "Operating Income": 55,
        "EBIT": NaN,
        "Net Income": 33
    },
    "2014-12-31": {
        "Diluted EPS": 0.79,
        "Total Revenue": 149,
        "Gross Profit": 139,
        "Operating Income": 58,
        "EBIT": NaN,
        "Net Income": 35
    },
    "2014-09-30": {
        "Diluted EPS": 0.78,
        "Total Revenue": 146,
        "Gross Profit": 136,
        "Operating Income": 58,
        "EBIT": NaN,
        "Net Income": 34
    },
    "2014-06-30": {
        "Diluted EPS": 0.71,
        "Total Revenue": 135,
        "Gross Profit": 126,
        "Operating Income": 52,
        "EBIT": NaN,
        "Net Income": 31
    },
    "2014-03-31": {
        "Diluted EPS": 0.6,
        "Total Revenue": 127,
        "Gross Profit": 119,
        "Operating Income": 44,
        "EBIT": NaN,
        "Net Income": 26
    },
    "2013-12-31": {
        "Diluted EPS": 0.66,
        "Total Revenue": 129,
        "Gross Profit": 123,
        "Operating Income": 47,
        "EBIT": NaN,
        "Net Income": 28
    },
    "2013-09-30": {
        "Diluted EPS": 0.74,
        "Total Revenue": 126,
        "Gross Profit": 119,
        "Operating Income": 52,
        "EBIT": NaN,
        "Net Income": 31
    },
    "2013-06-30": {
        "Diluted EPS": 0.52,
        "Total Revenue": 118,
        "Gross Profit": 112,
        "Operating Income": 37,
        "EBIT": NaN,
        "Net Income": 22
    },
    "2013-03-31": {
        "Diluted EPS": 0.8,
        "Total Revenue": 115,
        "Gross Profit": 109,
        "Operating Income": 52,
        "EBIT": NaN,
        "Net Income": 33
    },
    "2012-12-31": {
        "Diluted EPS": 0.74,
        "Total Revenue": 121,
        "Gross Profit": 114,
        "Operating Income": 49,
        "EBIT": NaN,
        "Net Income": 31
    },
    "2012-09-30": {
        "Diluted EPS": 0.8,
        "Total Revenue": 113,
        "Gross Profit": 107,
        "Operating Income": 51,
        "EBIT": NaN,
        "Net Income": 33
    },
    "2012-06-30": {
        "Diluted EPS": 0.76,
        "Total Revenue": 106,
        "Gross Profit": 101,
        "Operating Income": 46,
        "EBIT": NaN,
        "Net Income": 30
    },
    "2012-03-31": {
        "Diluted EPS": 0.7,
        "Total Revenue": 102,
        "Gross Profit": 97,
        "Operating Income": 42,
        "EBIT": NaN,
        "Net Income": 27
    },
    "2011-12-31": {
        "Diluted EPS": 0.68,
        "Total Revenue": 102,
        "Gross Profit": 97,
        "Operating Income": 40,
        "EBIT": NaN,
        "Net Income": 26
    },
    "2011-09-30": {
        "Diluted EPS": 0.56,
        "Total Revenue": 91,
        "Gross Profit": 87,
        "Operating Income": 34,
        "EBIT": NaN,
        "Net Income": 22
    },
    "2011-06-30": {
        "Diluted EPS": 0.43,
        "Total Revenue": 83,
        "Gross Profit": 79,
        "Operating Income": 26,
        "EBIT": NaN,
        "Net Income": 17
    },
    "2011-03-31": {
        "Diluted EPS": 0.31,
        "Total Revenue": 78,
        "Gross Profit": 72,
        "Operating Income": 18,
        "EBIT": NaN,
        "Net Income": 12
    },
    "2010-12-31": {
        "Diluted EPS": 0.32,
        "Total Revenue": 85,
        "Gross Profit": 75,
        "Operating Income": 16,
        "EBIT": NaN,
        "Net Income": 12
    },
    "2010-09-30": {
        "Diluted EPS": 0.25,
        "Total Revenue": 81,
        "Gross Profit": 71,
        "Operating Income": 15,
        "EBIT": NaN,
        "Net Income": 10
    },
    "2010-06-30": {
        "Diluted EPS": 0.22,
        "Total Revenue": 76,
        "Gross Profit": 66,
        "Operating Income": 12,
        "EBIT": NaN,
        "Net Income": 8
    },
    "2010-03-31": {
        "Diluted EPS": 0.21,
        "Total Revenue": 71,
        "Gross Profit": 62,
        "Operating Income": 11,
        "EBIT": NaN,
        "Net Income": 8
    },
    "2009-12-31": {
        "Diluted EPS": 0.18,
        "Total Revenue": 73,
        "Gross Profit": 63,
        "Operating Income": 10,
        "EBIT": NaN,
        "Net Income": 5
    },
    "2009-09-30": {
        "Diluted EPS": 0.15,
        "Total Revenue": 69,
        "Gross Profit": 59,
        "Operating Income": 8,
        "EBIT": NaN,
        "Net Income": 5
    },
    "2009-06-30": {
        "Diluted EPS": 0.06,
        "Total Revenue": 67,
        "Gross Profit": 56,
        "Operating Income": 10,
        "EBIT": NaN,
        "Net Income": 2
    },
    "2009-03-31": {
        "Diluted EPS": 0.16,
        "Total Revenue": 63,
        "Gross Profit": 48,
        "Operating Income": 9,
        "EBIT": NaN,
        "Net Income": 6
    }
}