{
    "2023-06-30": {
        "Tax Effect Of Unusual Items": 99514.873389,
        "Tax Rate For Calcs": 0.255822,
        "Total Unusual Items": 389000.0,
        "Total Unusual Items Excluding Goodwill": 389000.0,
        "Net Income From Continuing Operation Net Minority Interest": 24892000.0,
        "Reconciled Depreciation": 4897000.0,
        "Net Interest Income": 88303000.0,
        "Interest Expense": 18557000.0,
        "Interest Income": 106860000.0,
        "Normalized Income": 24602514.873389,
        "Net Income From Continuing And Discontinued Operation": 24892000.0,
        "Diluted Average Shares": 33302000.0,
        "Basic Average Shares": 33219000.0,
        "Diluted EPS": 0.75,
        "Basic EPS": 0.75,
        "Diluted NI Availto Com Stockholders": 24892000.0,
        "Net Income Common Stockholders": 24892000.0,
        "Net Income": 24892000.0,
        "Net Income Including Noncontrolling Interests": 24892000.0,
        "Net Income Continuous Operations": 24892000.0,
        "Tax Provision": 8557000.0,
        "Pretax Income": 33449000.0,
        "Special Income Charges": -18000.0,
        "Other Special Charges": 18000.0,
        "Restructuring And Mergern Acquisition": 0.0,
        "Gain On Sale Of Security": -42000.0,
        "Depreciation Amortization Depletion Income Statement": 1656000.0,
        "Depreciation And Amortization In Income Statement": 1656000.0,
        "Amortization": 1656000.0,
        "Amortization Of Intangibles Income Statement": 1656000.0,
        "Selling General And Administration": 37723000.0,
        "Selling And Marketing Expense": 1016000.0,
        "General And Administrative Expense": 36707000.0,
        "Insurance And Claims": 1993000.0,
        "Salaries And Wages": 34714000.0,
        "Total Revenue": 102440000.0,
        "Operating Revenue": 102440000.0,
        "Occupancy And Equipment": 5427000.0,
        "Professional Expense And Contract Services Expense": 1985000.0,
        "Other Non Interest Expense": 12532000.0
    },
    "2023-03-31": {
        "Tax Effect Of Unusual Items": NaN,
        "Tax Rate For Calcs": NaN,
        "Total Unusual Items": NaN,
        "Total Unusual Items Excluding Goodwill": NaN,
        "Net Income From Continuing Operation Net Minority Interest": NaN,
        "Reconciled Depreciation": NaN,
        "Net Interest Income": NaN,
        "Interest Expense": NaN,
        "Interest Income": NaN,
        "Normalized Income": NaN,
        "Net Income From Continuing And Discontinued Operation": NaN,
        "Diluted Average Shares": NaN,
        "Basic Average Shares": NaN,
        "Diluted EPS": NaN,
        "Basic EPS": NaN,
        "Diluted NI Availto Com Stockholders": NaN,
        "Net Income Common Stockholders": NaN,
        "Net Income": NaN,
        "Net Income Including Noncontrolling Interests": NaN,
        "Net Income Continuous Operations": NaN,
        "Tax Provision": NaN,
        "Pretax Income": NaN,
        "Special Income Charges": NaN,
        "Other Special Charges": NaN,
        "Restructuring And Mergern Acquisition": 0.0,
        "Gain On Sale Of Security": NaN,
        "Depreciation Amortization Depletion Income Statement": NaN,
        "Depreciation And Amortization In Income Statement": NaN,
        "Amortization": NaN,
        "Amortization Of Intangibles Income Statement": NaN,
        "Selling General And Administration": NaN,
        "Selling And Marketing Expense": NaN,
        "General And Administrative Expense": NaN,
        "Insurance And Claims": NaN,
        "Salaries And Wages": NaN,
        "Total Revenue": NaN,
        "Operating Revenue": NaN,
        "Occupancy And Equipment": NaN,
        "Professional Expense And Contract Services Expense": NaN,
        "Other Non Interest Expense": NaN
    },
    "2022-12-31": {
        "Tax Effect Of Unusual Items": NaN,
        "Tax Rate For Calcs": NaN,
        "Total Unusual Items": NaN,
        "Total Unusual Items Excluding Goodwill": NaN,
        "Net Income From Continuing Operation Net Minority Interest": NaN,
        "Reconciled Depreciation": NaN,
        "Net Interest Income": NaN,
        "Interest Expense": NaN,
        "Interest Income": NaN,
        "Normalized Income": NaN,
        "Net Income From Continuing And Discontinued Operation": NaN,
        "Diluted Average Shares": NaN,
        "Basic Average Shares": NaN,
        "Diluted EPS": NaN,
        "Basic EPS": NaN,
        "Diluted NI Availto Com Stockholders": NaN,
        "Net Income Common Stockholders": NaN,
        "Net Income": NaN,
        "Net Income Including Noncontrolling Interests": NaN,
        "Net Income Continuous Operations": NaN,
        "Tax Provision": NaN,
        "Pretax Income": NaN,
        "Special Income Charges": NaN,
        "Other Special Charges": -1000.0,
        "Restructuring And Mergern Acquisition": NaN,
        "Gain On Sale Of Security": NaN,
        "Depreciation Amortization Depletion Income Statement": NaN,
        "Depreciation And Amortization In Income Statement": NaN,
        "Amortization": NaN,
        "Amortization Of Intangibles Income Statement": NaN,
        "Selling General And Administration": NaN,
        "Selling And Marketing Expense": NaN,
        "General And Administrative Expense": NaN,
        "Insurance And Claims": NaN,
        "Salaries And Wages": NaN,
        "Total Revenue": NaN,
        "Operating Revenue": NaN,
        "Occupancy And Equipment": NaN,
        "Professional Expense And Contract Services Expense": NaN,
        "Other Non Interest Expense": NaN
    },
    "2022-09-30": {
        "Tax Effect Of Unusual Items": NaN,
        "Tax Rate For Calcs": NaN,
        "Total Unusual Items": NaN,
        "Total Unusual Items Excluding Goodwill": NaN,
        "Net Income From Continuing Operation Net Minority Interest": NaN,
        "Reconciled Depreciation": NaN,
        "Net Interest Income": NaN,
        "Interest Expense": NaN,
        "Interest Income": NaN,
        "Normalized Income": NaN,
        "Net Income From Continuing And Discontinued Operation": NaN,
        "Diluted Average Shares": NaN,
        "Basic Average Shares": NaN,
        "Diluted EPS": NaN,
        "Basic EPS": NaN,
        "Diluted NI Availto Com Stockholders": NaN,
        "Net Income Common Stockholders": NaN,
        "Net Income": NaN,
        "Net Income Including Noncontrolling Interests": NaN,
        "Net Income Continuous Operations": NaN,
        "Tax Provision": NaN,
        "Pretax Income": NaN,
        "Special Income Charges": NaN,
        "Other Special Charges": 4000.0,
        "Restructuring And Mergern Acquisition": NaN,
        "Gain On Sale Of Security": NaN,
        "Depreciation Amortization Depletion Income Statement": NaN,
        "Depreciation And Amortization In Income Statement": NaN,
        "Amortization": NaN,
        "Amortization Of Intangibles Income Statement": NaN,
        "Selling General And Administration": NaN,
        "Selling And Marketing Expense": NaN,
        "General And Administrative Expense": NaN,
        "Other Gand A": 5636000.0,
        "Salaries And Wages": NaN,
        "Total Revenue": NaN,
        "Operating Revenue": NaN
    },
    "2022-06-30": {
        "Tax Effect Of Unusual Items": -459706.717387,
        "Tax Rate For Calcs": 0.2725,
        "Total Unusual Items": -1687000.0,
        "Total Unusual Items Excluding Goodwill": -1687000.0,
        "Net Income From Continuing Operation Net Minority Interest": 31364000.0,
        "Reconciled Depreciation": 1702000.0,
        "Net Interest Income": 85046000.0,
        "Interest Expense": 1909000.0,
        "Interest Income": 86955000.0,
        "Normalized Income": 32591293.282613,
        "Net Income From Continuing And Discontinued Operation": 31364000.0,
        "Diluted Average Shares": 33705000.0,
        "Basic Average Shares": 33561000.0,
        "Diluted EPS": 0.93,
        "Basic EPS": 0.93,
        "Diluted NI Availto Com Stockholders": 31364000.0,
        "Net Income Common Stockholders": 31364000.0,
        "Net Income": 31364000.0,
        "Net Income Including Noncontrolling Interests": 31364000.0,
        "Net Income Continuous Operations": 31364000.0,
        "Tax Provision": 11748000.0,
        "Pretax Income": 43112000.0,
        "Special Income Charges": -2226000.0,
        "Other Special Charges": 5000.0,
        "Restructuring And Mergern Acquisition": 2221000.0,
        "Gain On Sale Of Security": -94000.0,
        "Depreciation Amortization Depletion Income Statement": 1702000.0,
        "Depreciation And Amortization In Income Statement": 1702000.0,
        "Amortization": 1702000.0,
        "Amortization Of Intangibles Income Statement": 1702000.0,
        "Selling General And Administration": 33760000.0,
        "Selling And Marketing Expense": 818000.0,
        "General And Administrative Expense": 32942000.0,
        "Other Gand A": 5738000.0,
        "Salaries And Wages": 32942000.0,
        "Total Revenue": 99793000.0,
        "Operating Revenue": 99793000.0
    },
    "2022-03-31": {
        "Diluted EPS": 0.67,
        "Total Revenue": 84,
        "Gross Profit": 83,
        "Operating Income": 28,
        "EBIT": NaN,
        "Net Income": 20
    },
    "2021-12-31": {
        "Diluted EPS": 0.94,
        "Total Revenue": 88,
        "Gross Profit": 86,
        "Operating Income": 39,
        "EBIT": NaN,
        "Net Income": 28
    },
    "2021-09-30": {
        "Diluted EPS": 0.92,
        "Total Revenue": 85,
        "Gross Profit": 83,
        "Operating Income": 39,
        "EBIT": NaN,
        "Net Income": 27
    },
    "2021-06-30": {
        "Diluted EPS": 0.95,
        "Total Revenue": 84,
        "Gross Profit": 83,
        "Operating Income": 39,
        "EBIT": NaN,
        "Net Income": 28
    },
    "2021-03-31": {
        "Diluted EPS": 1.13,
        "Total Revenue": 84,
        "Gross Profit": 83,
        "Operating Income": 47,
        "EBIT": NaN,
        "Net Income": 34
    },
    "2020-12-31": {
        "Diluted EPS": 0.79,
        "Total Revenue": 85,
        "Gross Profit": 83,
        "Operating Income": 32,
        "EBIT": NaN,
        "Net Income": 24
    },
    "2020-09-30": {
        "Diluted EPS": 0.59,
        "Total Revenue": 81,
        "Gross Profit": 79,
        "Operating Income": 24,
        "EBIT": NaN,
        "Net Income": 18
    },
    "2020-06-30": {
        "Diluted EPS": 0.25,
        "Total Revenue": 79,
        "Gross Profit": 76,
        "Operating Income": 9,
        "EBIT": NaN,
        "Net Income": 7
    },
    "2020-03-31": {
        "Diluted EPS": 0.53,
        "Total Revenue": 78,
        "Gross Profit": 75,
        "Operating Income": 22,
        "EBIT": NaN,
        "Net Income": 16
    },
    "2019-12-31": {
        "Diluted EPS": 0.75,
        "Total Revenue": 82,
        "Gross Profit": 78,
        "Operating Income": 32,
        "EBIT": NaN,
        "Net Income": 23
    },
    "2019-09-30": {
        "Diluted EPS": 0.76,
        "Total Revenue": 83,
        "Gross Profit": 79,
        "Operating Income": 33,
        "EBIT": NaN,
        "Net Income": 23
    },
    "2019-06-30": {
        "Diluted EPS": 0.75,
        "Total Revenue": 82,
        "Gross Profit": 78,
        "Operating Income": 31,
        "EBIT": NaN,
        "Net Income": 23
    },
    "2019-03-31": {
        "Diluted EPS": 0.74,
        "Total Revenue": 79,
        "Gross Profit": 76,
        "Operating Income": 32,
        "EBIT": NaN,
        "Net Income": 23
    },
    "2018-12-31": {
        "Diluted EPS": 0.76,
        "Total Revenue": 80,
        "Gross Profit": 76,
        "Operating Income": 31,
        "EBIT": NaN,
        "Net Income": 23
    },
    "2018-09-30": {
        "Diluted EPS": 0.53,
        "Total Revenue": 77,
        "Gross Profit": 73,
        "Operating Income": 23,
        "EBIT": NaN,
        "Net Income": 16
    },
    "2018-06-30": {
        "Diluted EPS": 0.65,
        "Total Revenue": 61,
        "Gross Profit": 58,
        "Operating Income": 21,
        "EBIT": NaN,
        "Net Income": 15
    },
    "2018-03-31": {
        "Diluted EPS": 0.6,
        "Total Revenue": 59,
        "Gross Profit": 57,
        "Operating Income": 19,
        "EBIT": NaN,
        "Net Income": 14
    },
    "2017-12-31": {
        "Diluted EPS": 0.13,
        "Total Revenue": 59,
        "Gross Profit": 57,
        "Operating Income": 18,
        "EBIT": NaN,
        "Net Income": 3
    },
    "2017-09-30": {
        "Diluted EPS": 0.51,
        "Total Revenue": 59,
        "Gross Profit": 57,
        "Operating Income": 19,
        "EBIT": NaN,
        "Net Income": 12
    },
    "2017-06-30": {
        "Diluted EPS": 0.58,
        "Total Revenue": 58,
        "Gross Profit": 56,
        "Operating Income": 21,
        "EBIT": NaN,
        "Net Income": 14
    },
    "2017-03-31": {
        "Diluted EPS": 0.52,
        "Total Revenue": 55,
        "Gross Profit": 54,
        "Operating Income": 19,
        "EBIT": NaN,
        "Net Income": 12
    },
    "2016-12-31": {
        "Diluted EPS": 0.54,
        "Total Revenue": 57,
        "Gross Profit": 56,
        "Operating Income": 20,
        "EBIT": NaN,
        "Net Income": 13
    },
    "2016-09-30": {
        "Diluted EPS": 0.53,
        "Total Revenue": 55,
        "Gross Profit": 53,
        "Operating Income": 20,
        "EBIT": NaN,
        "Net Income": 12
    },
    "2016-06-30": {
        "Diluted EPS": 0.41,
        "Total Revenue": 54,
        "Gross Profit": 52,
        "Operating Income": 15,
        "EBIT": NaN,
        "Net Income": 9
    },
    "2016-03-31": {
        "Diluted EPS": 0.46,
        "Total Revenue": 53,
        "Gross Profit": 51,
        "Operating Income": 17,
        "EBIT": NaN,
        "Net Income": 11
    },
    "2015-12-31": {
        "Diluted EPS": 0.51,
        "Total Revenue": 54,
        "Gross Profit": 53,
        "Operating Income": 19,
        "EBIT": NaN,
        "Net Income": 11
    },
    "2015-09-30": {
        "Diluted EPS": 0.55,
        "Total Revenue": 53,
        "Gross Profit": 52,
        "Operating Income": 21,
        "EBIT": NaN,
        "Net Income": 13
    },
    "2015-06-30": {
        "Diluted EPS": 0.49,
        "Total Revenue": 52,
        "Gross Profit": 51,
        "Operating Income": 19,
        "EBIT": NaN,
        "Net Income": 11
    },
    "2015-03-31": {
        "Diluted EPS": 0.36,
        "Total Revenue": 48,
        "Gross Profit": 47,
        "Operating Income": 14,
        "EBIT": NaN,
        "Net Income": 8
    },
    "2014-12-31": {
        "Diluted EPS": 0.21,
        "Total Revenue": 46,
        "Gross Profit": 45,
        "Operating Income": 10,
        "EBIT": NaN,
        "Net Income": 6
    },
    "2014-09-30": {
        "Diluted EPS": 0.5,
        "Total Revenue": 38,
        "Gross Profit": 37,
        "Operating Income": 14,
        "EBIT": NaN,
        "Net Income": 8
    },
    "2014-06-30": {
        "Diluted EPS": 0.3,
        "Total Revenue": 36,
        "Gross Profit": 35,
        "Operating Income": 8,
        "EBIT": NaN,
        "Net Income": 5
    },
    "2014-03-31": {
        "Diluted EPS": 0.45,
        "Total Revenue": 35,
        "Gross Profit": 34,
        "Operating Income": 12,
        "EBIT": NaN,
        "Net Income": 7
    },
    "2013-12-31": {
        "Diluted EPS": 0.32,
        "Total Revenue": 35,
        "Gross Profit": 34,
        "Operating Income": 9,
        "EBIT": NaN,
        "Net Income": 5
    },
    "2013-09-30": {
        "Diluted EPS": 0.45,
        "Total Revenue": 37,
        "Gross Profit": 35,
        "Operating Income": 12,
        "EBIT": NaN,
        "Net Income": 7
    },
    "2013-06-30": {
        "Diluted EPS": 0.39,
        "Total Revenue": 36,
        "Gross Profit": 35,
        "Operating Income": 11,
        "EBIT": NaN,
        "Net Income": 6
    },
    "2013-03-31": {
        "Diluted EPS": 0.53,
        "Total Revenue": 36,
        "Gross Profit": 35,
        "Operating Income": 14,
        "EBIT": NaN,
        "Net Income": 8
    },
    "2012-12-31": {
        "Diluted EPS": 0.29,
        "Total Revenue": 36,
        "Gross Profit": 35,
        "Operating Income": 8,
        "EBIT": NaN,
        "Net Income": 5
    },
    "2012-09-30": {
        "Diluted EPS": 0.31,
        "Total Revenue": 37,
        "Gross Profit": 35,
        "Operating Income": 9,
        "EBIT": NaN,
        "Net Income": 5
    },
    "2012-06-30": {
        "Diluted EPS": 0.33,
        "Total Revenue": 39,
        "Gross Profit": 37,
        "Operating Income": 9,
        "EBIT": NaN,
        "Net Income": 5
    },
    "2012-03-31": {
        "Diluted EPS": 0.25,
        "Total Revenue": 35,
        "Gross Profit": 33,
        "Operating Income": 6,
        "EBIT": NaN,
        "Net Income": 4
    },
    "2011-12-31": {
        "Diluted EPS": 0.42,
        "Total Revenue": 40,
        "Gross Profit": 38,
        "Operating Income": 10,
        "EBIT": NaN,
        "Net Income": 7
    },
    "2011-09-30": {
        "Diluted EPS": 0.4,
        "Total Revenue": 39,
        "Gross Profit": 37,
        "Operating Income": 11,
        "EBIT": NaN,
        "Net Income": 6
    },
    "2011-06-30": {
        "Diluted EPS": 0.17,
        "Total Revenue": 33,
        "Gross Profit": 30,
        "Operating Income": 4,
        "EBIT": NaN,
        "Net Income": 3
    },
    "2011-03-31": {
        "Diluted EPS": 0.17,
        "Total Revenue": 34,
        "Gross Profit": 31,
        "Operating Income": 4,
        "EBIT": NaN,
        "Net Income": 3
    },
    "2010-12-31": {
        "Diluted EPS": 0.19,
        "Total Revenue": 36,
        "Gross Profit": 32,
        "Operating Income": 5,
        "EBIT": NaN,
        "Net Income": 3
    },
    "2010-09-30": {
        "Diluted EPS": 0.0,
        "Total Revenue": 34,
        "Gross Profit": 31,
        "Operating Income": 0,
        "EBIT": NaN,
        "Net Income": 0
    },
    "2010-06-30": {
        "Diluted EPS": 0.08,
        "Total Revenue": 34,
        "Gross Profit": 30,
        "Operating Income": 2,
        "EBIT": NaN,
        "Net Income": 1
    },
    "2010-03-31": {
        "Diluted EPS": 0.1,
        "Total Revenue": 33,
        "Gross Profit": 30,
        "Operating Income": 2,
        "EBIT": NaN,
        "Net Income": 2
    },
    "2009-12-31": {
        "Diluted EPS": 0.14,
        "Total Revenue": 35,
        "Gross Profit": 30,
        "Operating Income": 3,
        "EBIT": NaN,
        "Net Income": 2
    },
    "2009-09-30": {
        "Diluted EPS": 0.14,
        "Total Revenue": 36,
        "Gross Profit": 31,
        "Operating Income": 4,
        "EBIT": NaN,
        "Net Income": 2
    },
    "2009-06-30": {
        "Diluted EPS": 0.16,
        "Total Revenue": 36,
        "Gross Profit": 31,
        "Operating Income": 4,
        "EBIT": NaN,
        "Net Income": 3
    },
    "2009-03-31": {
        "Diluted EPS": 0.18,
        "Total Revenue": 35,
        "Gross Profit": 30,
        "Operating Income": 5,
        "EBIT": NaN,
        "Net Income": 3
    },
    "2023-09-30": {
        "Tax Effect Of Unusual Items": 148512.0,
        "Tax Rate For Calcs": 0.273,
        "Total Unusual Items": 544000.0,
        "Total Unusual Items Excluding Goodwill": 544000.0,
        "Net Income From Continuing Operation Net Minority Interest": 30590000.0,
        "Reconciled Depreciation": 4734000.0,
        "Net Interest Income": 87790000.0,
        "Interest Expense": 24257000.0,
        "Interest Income": 112047000.0,
        "Normalized Income": 30194512.0,
        "Net Income From Continuing And Discontinued Operation": 30590000.0,
        "Diluted Average Shares": 33319000.0,
        "Basic Average Shares": 33263000.0,
        "Diluted EPS": 0.92,
        "Basic EPS": 0.92,
        "Diluted NI Availto Com Stockholders": 30590000.0,
        "Net Income Common Stockholders": 30590000.0,
        "Net Income": 30590000.0,
        "Net Income Including Noncontrolling Interests": 30590000.0,
        "Net Income Continuous Operations": 30590000.0,
        "Tax Provision": 11484000.0,
        "Pretax Income": 42074000.0,
        "Special Income Charges": -4000.0,
        "Other Special Charges": 4000.0,
        "Restructuring And Mergern Acquisition": 0.0,
        "Gain On Sale Of Security": -81000.0,
        "Depreciation Amortization Depletion Income Statement": 1590000.0,
        "Depreciation And Amortization In Income Statement": 1590000.0,
        "Amortization": 1590000.0,
        "Amortization Of Intangibles Income Statement": 1590000.0,
        "Selling General And Administration": 36538000.0,
        "Selling And Marketing Expense": 881000.0,
        "General And Administrative Expense": 35657000.0,
        "Insurance And Claims": 1194000.0,
        "Salaries And Wages": 34463000.0,
        "Total Revenue": 102653000.0,
        "Operating Revenue": 102653000.0,
        "Occupancy And Equipment": 5451000.0,
        "Professional Expense And Contract Services Expense": 1752000.0,
        "Other Non Interest Expense": 11089000.0
    },
    "2023-12-31": {
        "Tax Effect Of Unusual Items": 77153.846154,
        "Tax Rate For Calcs": 0.283654,
        "Total Unusual Items": 272000.0,
        "Total Unusual Items Excluding Goodwill": 272000.0,
        "Net Income From Continuing Operation Net Minority Interest": 26075000.0,
        "Reconciled Depreciation": 4256000.0,
        "Net Interest Income": 86258000.0,
        "Interest Expense": 29292000.0,
        "Interest Income": 115550000.0,
        "Normalized Income": 25880153.846154,
        "Net Income From Continuing And Discontinued Operation": 26075000.0,
        "Diluted Average Shares": 33351737.0,
        "Basic Average Shares": 33266959.0,
        "Diluted EPS": 0.78,
        "Basic EPS": 0.78,
        "Diluted NI Availto Com Stockholders": 26075000.0,
        "Net Income Common Stockholders": 26075000.0,
        "Net Income": 26075000.0,
        "Net Income Including Noncontrolling Interests": 26075000.0,
        "Net Income Continuous Operations": 26075000.0,
        "Tax Provision": 10325000.0,
        "Pretax Income": 36400000.0,
        "Special Income Charges": -1000.0,
        "Other Special Charges": 1000.0,
        "Restructuring And Mergern Acquisition": 0.0,
        "Gain On Sale Of Security": -3000.0,
        "Depreciation Amortization Depletion Income Statement": 1216000.0,
        "Depreciation And Amortization In Income Statement": 1216000.0,
        "Amortization": 1216000.0,
        "Amortization Of Intangibles Income Statement": 1216000.0,
        "Selling General And Administration": 36227000.0,
        "Selling And Marketing Expense": 875000.0,
        "General And Administrative Expense": 35352000.0,
        "Insurance And Claims": 1297000.0,
        "Salaries And Wages": 34055000.0,
        "Total Revenue": 100775000.0,
        "Operating Revenue": 100775000.0,
        "Occupancy And Equipment": 5358000.0,
        "Professional Expense And Contract Services Expense": 2032000.0,
        "Other Non Interest Expense": 13551000.0
    },
    "2024-03-31": {
        "Tax Effect Of Unusual Items": 91080.0,
        "Tax Rate For Calcs": 0.264,
        "Total Unusual Items": 345000.0,
        "Total Unusual Items Excluding Goodwill": 345000.0,
        "Net Income From Continuing Operation Net Minority Interest": 27749000.0,
        "Reconciled Depreciation": 4037000.0,
        "Net Interest Income": 82356000.0,
        "Interest Expense": 32681000.0,
        "Interest Income": 115037000.0,
        "Normalized Income": 27495080.0,
        "Net Income From Continuing And Discontinued Operation": 27749000.0,
        "Diluted Average Shares": 33370000.0,
        "Basic Average Shares": 33245000.0,
        "Diluted EPS": 0.83,
        "Basic EPS": 0.83,
        "Diluted NI Availto Com Stockholders": 27749000.0,
        "Net Income Common Stockholders": 27749000.0,
        "Net Income": 27749000.0,
        "Net Income Including Noncontrolling Interests": 27749000.0,
        "Net Income Continuous Operations": 27749000.0,
        "Tax Provision": 9949000.0,
        "Pretax Income": 37698000.0,
        "Special Income Charges": -5000.0,
        "Other Special Charges": NaN,
        "Restructuring And Mergern Acquisition": 5000.0,
        "Gain On Sale Of Security": -28000.0,
        "Depreciation Amortization Depletion Income Statement": 1030000.0,
        "Depreciation And Amortization In Income Statement": 1030000.0,
        "Amortization": 1030000.0,
        "Amortization Of Intangibles Income Statement": 1030000.0,
        "Selling General And Administration": 36317000.0,
        "Selling And Marketing Expense": 762000.0,
        "General And Administrative Expense": 35555000.0,
        "Insurance And Claims": 1251000.0,
        "Salaries And Wages": 34304000.0,
        "Total Revenue": 96884000.0,
        "Operating Revenue": 96884000.0,
        "Occupancy And Equipment": 5307000.0,
        "Professional Expense And Contract Services Expense": 1340000.0,
        "Other Non Interest Expense": 10882000.0
    },
    "2024-06-30": {
        "Tax Effect Of Unusual Items": 77400.0,
        "Tax Rate For Calcs": 0.258,
        "Total Unusual Items": 300000.0,
        "Total Unusual Items Excluding Goodwill": 300000.0,
        "Net Income From Continuing Operation Net Minority Interest": 29034000.0,
        "Reconciled Depreciation": 4051000.0,
        "Net Interest Income": 81610000.0,
        "Interest Expense": 35035000.0,
        "Interest Income": 116645000.0,
        "Normalized Income": 28811400.0,
        "Net Income From Continuing And Discontinued Operation": 29034000.0,
        "Diluted Average Shares": 33244000.0,
        "Basic Average Shares": 33121000.0,
        "Diluted EPS": 0.87,
        "Basic EPS": 0.88,
        "Diluted NI Availto Com Stockholders": 29034000.0,
        "Net Income Common Stockholders": 29034000.0,
        "Net Income": 29034000.0,
        "Net Income Including Noncontrolling Interests": 29034000.0,
        "Net Income Continuous Operations": 29034000.0,
        "Tax Provision": 10085000.0,
        "Pretax Income": 39119000.0,
        "Special Income Charges": -1000.0,
        "Other Special Charges": 1000.0,
        "Restructuring And Mergern Acquisition": NaN,
        "Gain On Sale Of Security": -166000.0,
        "Depreciation Amortization Depletion Income Statement": 1030000.0,
        "Depreciation And Amortization In Income Statement": 1030000.0,
        "Amortization": 1030000.0,
        "Amortization Of Intangibles Income Statement": 1030000.0,
        "Selling General And Administration": 37364000.0,
        "Selling And Marketing Expense": 819000.0,
        "General And Administrative Expense": 36545000.0,
        "Insurance And Claims": 1144000.0,
        "Salaries And Wages": 35401000.0,
        "Total Revenue": 95876000.0,
        "Operating Revenue": 95876000.0,
        "Occupancy And Equipment": 5393000.0,
        "Professional Expense And Contract Services Expense": 1814000.0,
        "Other Non Interest Expense": 10750000.0
    }
}