{
    "2023-03-31": {
        "Tax Effect Of Unusual Items": 0.0,
        "Tax Rate For Calcs": 0.195,
        "Total Unusual Items": NaN,
        "Total Unusual Items Excluding Goodwill": NaN,
        "Net Income From Continuing Operation Net Minority Interest": 9243000.0,
        "Reconciled Depreciation": 222000.0,
        "Net Interest Income": 32830000.0,
        "Interest Expense": 24549000.0,
        "Interest Income": 57379000.0,
        "Normalized Income": 9243000.0,
        "Net Income From Continuing And Discontinued Operation": 9243000.0,
        "Diluted Average Shares": 16801815.0,
        "Basic Average Shares": 13532545.0,
        "Diluted EPS": 0.55,
        "Basic EPS": 0.6,
        "Diluted NI Availto Com Stockholders": 8072000.0,
        "Net Income Common Stockholders": 8072000.0,
        "Preferred Stock Dividends": 1171000.0,
        "Net Income": 9243000.0,
        "Net Income Including Noncontrolling Interests": 9243000.0,
        "Net Income Continuous Operations": 9243000.0,
        "Tax Provision": 2245000.0,
        "Pretax Income": 11488000.0,
        "Gain On Sale Of Security": 96000.0,
        "Selling General And Administration": 14398000.0,
        "Selling And Marketing Expense": 686000.0,
        "General And Administrative Expense": 13712000.0,
        "Salaries And Wages": 13712000.0,
        "Total Revenue": 34767000.0,
        "Operating Revenue": 34767000.0
    },
    "2022-12-31": {
        "Tax Effect Of Unusual Items": NaN,
        "Tax Rate For Calcs": NaN,
        "Total Unusual Items": 0.0,
        "Total Unusual Items Excluding Goodwill": 0.0,
        "Net Income From Continuing Operation Net Minority Interest": NaN,
        "Reconciled Depreciation": NaN,
        "Net Interest Income": NaN,
        "Interest Expense": NaN,
        "Interest Income": NaN,
        "Normalized Income": NaN,
        "Net Income From Continuing And Discontinued Operation": NaN,
        "Diluted Average Shares": NaN,
        "Basic Average Shares": NaN,
        "Diluted EPS": NaN,
        "Basic EPS": NaN,
        "Diluted NI Availto Com Stockholders": NaN,
        "Net Income Common Stockholders": NaN,
        "Preferred Stock Dividends": NaN,
        "Net Income": NaN,
        "Net Income Including Noncontrolling Interests": NaN,
        "Net Income Continuous Operations": NaN,
        "Tax Provision": NaN,
        "Pretax Income": NaN,
        "Gain On Sale Of Security": NaN,
        "Selling General And Administration": NaN,
        "Selling And Marketing Expense": NaN,
        "General And Administrative Expense": NaN,
        "Salaries And Wages": NaN,
        "Total Revenue": NaN,
        "Operating Revenue": NaN
    },
    "2022-09-30": {
        "Tax Effect Of Unusual Items": NaN,
        "Tax Rate For Calcs": NaN,
        "Total Unusual Items": 0.0,
        "Total Unusual Items Excluding Goodwill": 0.0,
        "Net Income From Continuing Operation Net Minority Interest": NaN,
        "Reconciled Depreciation": NaN,
        "Net Interest Income": NaN,
        "Interest Expense": NaN,
        "Interest Income": NaN,
        "Normalized Income": NaN,
        "Net Income From Continuing And Discontinued Operation": NaN,
        "Diluted Average Shares": 13678962.0,
        "Basic Average Shares": 13490680.0,
        "Diluted EPS": 0.49,
        "Basic EPS": 0.5,
        "Diluted NI Availto Com Stockholders": NaN,
        "Net Income Common Stockholders": NaN,
        "Preferred Stock Dividends": NaN,
        "Net Income": NaN,
        "Net Income Including Noncontrolling Interests": NaN,
        "Net Income Continuous Operations": NaN,
        "Tax Provision": NaN,
        "Pretax Income": NaN,
        "Gain On Sale Of Security": NaN,
        "Selling General And Administration": NaN,
        "Selling And Marketing Expense": NaN,
        "General And Administrative Expense": NaN,
        "Salaries And Wages": NaN,
        "Total Revenue": NaN,
        "Operating Revenue": NaN
    },
    "2022-06-30": {
        "Tax Effect Of Unusual Items": -73500.0,
        "Tax Rate For Calcs": 0.21,
        "Total Unusual Items": -350000.0,
        "Total Unusual Items Excluding Goodwill": -350000.0,
        "Net Income From Continuing Operation Net Minority Interest": 2277000.0,
        "Reconciled Depreciation": 283000.0,
        "Net Interest Income": 27738000.0,
        "Interest Expense": 4771000.0,
        "Interest Income": 32509000.0,
        "Normalized Income": 2553500.0,
        "Net Income From Continuing And Discontinued Operation": 2277000.0,
        "Diluted Average Shares": 13822522.0,
        "Basic Average Shares": 13454423.0,
        "Diluted EPS": 0.16,
        "Basic EPS": 0.17,
        "Diluted NI Availto Com Stockholders": 2277000.0,
        "Net Income Common Stockholders": 2277000.0,
        "Net Income": 2277000.0,
        "Net Income Including Noncontrolling Interests": 2277000.0,
        "Net Income Continuous Operations": 2277000.0,
        "Tax Provision": 604000.0,
        "Pretax Income": 2881000.0,
        "Gain On Sale Of Security": 123000.0,
        "Selling General And Administration": 14461000.0,
        "Selling And Marketing Expense": 467000.0,
        "General And Administrative Expense": 13994000.0,
        "Other Gand A": 2188000.0,
        "Salaries And Wages": 13994000.0,
        "Total Revenue": 28372000.0,
        "Operating Revenue": 28372000.0
    },
    "2022-03-31": {
        "Diluted EPS": 0.15,
        "Total Revenue": 29,
        "Gross Profit": 27,
        "Operating Income": 3,
        "EBIT": NaN,
        "Net Income": 2
    },
    "2021-12-31": {
        "Diluted EPS": -0.23,
        "Total Revenue": 29,
        "Gross Profit": 27,
        "Operating Income": 0,
        "EBIT": NaN,
        "Net Income": 0
    },
    "2021-09-30": {
        "Diluted EPS": 0.28,
        "Total Revenue": 25,
        "Gross Profit": 23,
        "Operating Income": 3,
        "EBIT": NaN,
        "Net Income": 2
    },
    "2021-06-30": {
        "Diluted EPS": 0.55,
        "Total Revenue": 25,
        "Gross Profit": 22,
        "Operating Income": 5,
        "EBIT": NaN,
        "Net Income": 4
    },
    "2021-03-31": {
        "Diluted EPS": 0.8,
        "Total Revenue": 26,
        "Gross Profit": 23,
        "Operating Income": 6,
        "EBIT": NaN,
        "Net Income": 5
    },
    "2020-12-31": {
        "Diluted EPS": 0.0,
        "Total Revenue": NaN,
        "Gross Profit": NaN,
        "Operating Income": NaN,
        "EBIT": NaN,
        "Net Income": NaN
    },
    "2020-09-30": {
        "Diluted EPS": 0.65,
        "Total Revenue": 20,
        "Gross Profit": 16,
        "Operating Income": 5,
        "EBIT": NaN,
        "Net Income": 4
    },
    "2019-12-31": {
        "Diluted EPS": 0.0,
        "Total Revenue": NaN,
        "Gross Profit": NaN,
        "Operating Income": NaN,
        "EBIT": NaN,
        "Net Income": NaN
    },
    "2023-06-30": {
        "Tax Effect Of Unusual Items": 0.0,
        "Tax Rate For Calcs": 0.202,
        "Total Unusual Items": 0.0,
        "Total Unusual Items Excluding Goodwill": 0.0,
        "Net Income From Continuing Operation Net Minority Interest": 8891000.0,
        "Reconciled Depreciation": 74000.0,
        "Net Interest Income": 34096000.0,
        "Interest Expense": 28617000.0,
        "Interest Income": 62713000.0,
        "Normalized Income": 8891000.0,
        "Net Income From Continuing And Discontinued Operation": 8891000.0,
        "Diluted Average Shares": 16855822.0,
        "Basic Average Shares": 13588747.0,
        "Diluted EPS": 0.53,
        "Basic EPS": 0.57,
        "Diluted NI Availto Com Stockholders": 8891000.0,
        "Net Income Common Stockholders": 8891000.0,
        "Preferred Stock Dividends": NaN,
        "Net Income": 8891000.0,
        "Net Income Including Noncontrolling Interests": 8891000.0,
        "Net Income Continuous Operations": 8891000.0,
        "Tax Provision": 2250000.0,
        "Pretax Income": 11141000.0,
        "Gain On Sale Of Security": 247000.0,
        "Selling General And Administration": 15845000.0,
        "Selling And Marketing Expense": 812000.0,
        "General And Administrative Expense": 15033000.0,
        "Salaries And Wages": 15033000.0,
        "Total Revenue": 36074000.0,
        "Operating Revenue": 36074000.0
    },
    "2023-09-30": {
        "Tax Effect Of Unusual Items": 0.0,
        "Tax Rate For Calcs": 0.204,
        "Total Unusual Items": 0.0,
        "Total Unusual Items Excluding Goodwill": 0.0,
        "Net Income From Continuing Operation Net Minority Interest": 5578000.0,
        "Reconciled Depreciation": -254000.0,
        "Net Interest Income": 35268000.0,
        "Interest Expense": 34117000.0,
        "Interest Income": 69385000.0,
        "Normalized Income": 5578000.0,
        "Net Income From Continuing And Discontinued Operation": 5578000.0,
        "Diluted Average Shares": 13873187.0,
        "Basic Average Shares": 13608718.0,
        "Diluted EPS": 0.32,
        "Basic EPS": 0.32,
        "Diluted NI Availto Com Stockholders": 5578000.0,
        "Net Income Common Stockholders": 5578000.0,
        "Preferred Stock Dividends": NaN,
        "Net Income": 5578000.0,
        "Net Income Including Noncontrolling Interests": 5578000.0,
        "Net Income Continuous Operations": 5578000.0,
        "Tax Provision": 1431000.0,
        "Pretax Income": 7009000.0,
        "Gain On Sale Of Security": 523000.0,
        "Selling General And Administration": 17868000.0,
        "Selling And Marketing Expense": 515000.0,
        "General And Administrative Expense": 17353000.0,
        "Salaries And Wages": 17353000.0,
        "Total Revenue": 36862000.0,
        "Operating Revenue": 36862000.0
    },
    "2023-12-31": {
        "Tax Effect Of Unusual Items": 0.0,
        "Tax Rate For Calcs": 0.19083,
        "Total Unusual Items": 0.0,
        "Total Unusual Items Excluding Goodwill": 0.0,
        "Net Income From Continuing Operation Net Minority Interest": 9689000.0,
        "Reconciled Depreciation": -507000.0,
        "Net Interest Income": 37331000.0,
        "Interest Expense": 39736000.0,
        "Interest Income": 77067000.0,
        "Normalized Income": 9689000.0,
        "Net Income From Continuing And Discontinued Operation": 9689000.0,
        "Diluted Average Shares": NaN,
        "Basic Average Shares": NaN,
        "Diluted EPS": NaN,
        "Basic EPS": NaN,
        "Diluted NI Availto Com Stockholders": 4953000.0,
        "Net Income Common Stockholders": 4953000.0,
        "Preferred Stock Dividends": NaN,
        "Net Income": 9689000.0,
        "Net Income Including Noncontrolling Interests": 9689000.0,
        "Net Income Continuous Operations": 9689000.0,
        "Tax Provision": 2285000.0,
        "Pretax Income": 11974000.0,
        "Gain On Sale Of Security": 379000.0,
        "Selling General And Administration": 16733000.0,
        "Selling And Marketing Expense": 614000.0,
        "General And Administrative Expense": 16119000.0,
        "Salaries And Wages": 16119000.0,
        "Total Revenue": 39354000.0,
        "Operating Revenue": 39354000.0
    },
    "2024-03-31": {
        "Tax Effect Of Unusual Items": 0.0,
        "Tax Rate For Calcs": 0.199,
        "Total Unusual Items": NaN,
        "Total Unusual Items Excluding Goodwill": NaN,
        "Net Income From Continuing Operation Net Minority Interest": 10367000.0,
        "Reconciled Depreciation": -288000.0,
        "Net Interest Income": 38079000.0,
        "Interest Expense": 40797000.0,
        "Interest Income": 78876000.0,
        "Normalized Income": 10367000.0,
        "Net Income From Continuing And Discontinued Operation": 10367000.0,
        "Diluted Average Shares": 16936003.0,
        "Basic Average Shares": 13606256.0,
        "Diluted EPS": 0.61,
        "Basic EPS": 0.68,
        "Diluted NI Availto Com Stockholders": 9196000.0,
        "Net Income Common Stockholders": 9196000.0,
        "Preferred Stock Dividends": 1171000.0,
        "Net Income": 10367000.0,
        "Net Income Including Noncontrolling Interests": 10367000.0,
        "Net Income Continuous Operations": 10367000.0,
        "Tax Provision": 2581000.0,
        "Pretax Income": 12948000.0,
        "Gain On Sale Of Security": 223000.0,
        "Selling General And Administration": 16857000.0,
        "Selling And Marketing Expense": 355000.0,
        "General And Administrative Expense": 16502000.0,
        "Salaries And Wages": 16502000.0,
        "Total Revenue": 40196000.0,
        "Operating Revenue": 40196000.0
    }
}