{
    "2023-03-31": {
        "Tax Effect Of Unusual Items": 223690.076652,
        "Tax Rate For Calcs": 0.230371,
        "Normalized EBITDA": 10698000.0,
        "Total Unusual Items": 971000.0,
        "Total Unusual Items Excluding Goodwill": 971000.0,
        "Net Income From Continuing Operation Net Minority Interest": 3517000.0,
        "Reconciled Depreciation": 3755000.0,
        "Reconciled Cost Of Revenue": 5453000.0,
        "EBITDA": 11669000.0,
        "EBIT": 7914000.0,
        "Net Interest Income": 5741000.0,
        "Interest Expense": 3087000.0,
        "Interest Income": 8828000.0,
        "Normalized Income": 2769690.076652,
        "Net Income From Continuing And Discontinued Operation": 3517000.0,
        "Total Expenses": 13582000.0,
        "Total Operating Income As Reported": -2573000.0,
        "Diluted Average Shares": 8639316.0,
        "Basic Average Shares": 8639316.0,
        "Diluted EPS": 0.41,
        "Basic EPS": 0.41,
        "Diluted NI Availto Com Stockholders": 3517000.0,
        "Net Income Common Stockholders": 3517000.0,
        "Net Income": 3517000.0,
        "Minority Interests": -198000.0,
        "Net Income Including Noncontrolling Interests": 3715000.0,
        "Net Income Continuous Operations": 3715000.0,
        "Tax Provision": 1112000.0,
        "Pretax Income": 4827000.0,
        "Other Income Expense": 1659000.0,
        "Special Income Charges": 0.0,
        "Gain On Sale Of Ppe": 0.0,
        "Other Special Charges": NaN,
        "Earnings From Equity Interest": 688000.0,
        "Gain On Sale Of Security": 971000.0,
        "Net Non Operating Interest Income Expense": 5741000.0,
        "Interest Expense Non Operating": 3087000.0,
        "Interest Income Non Operating": 8828000.0,
        "Operating Income": -2573000.0,
        "Operating Expense": 7476000.0,
        "Other Operating Expenses": -679000.0,
        "Depreciation Amortization Depletion Income Statement": 3102000.0,
        "Depreciation And Amortization In Income Statement": 3102000.0,
        "Selling General And Administration": 5053000.0,
        "General And Administrative Expense": 5053000.0,
        "Other Gand A": 5053000.0,
        "Gross Profit": 4903000.0,
        "Cost Of Revenue": 6106000.0,
        "Total Revenue": 11009000.0,
        "Operating Revenue": 11009000.0
    },
    "2022-12-31": {
        "Tax Effect Of Unusual Items": 14876614.471133,
        "Tax Rate For Calcs": 0.203105,
        "Normalized EBITDA": 9754000.0,
        "Total Unusual Items": 73246000.0,
        "Total Unusual Items Excluding Goodwill": 73246000.0,
        "Net Income From Continuing Operation Net Minority Interest": 58948000.0,
        "Reconciled Depreciation": 3702000.0,
        "Reconciled Cost Of Revenue": 4942000.0,
        "EBITDA": 83000000.0,
        "EBIT": 79298000.0,
        "Net Interest Income": 2912000.0,
        "Interest Expense": 5026000.0,
        "Interest Income": 7938000.0,
        "Normalized Income": 578614.471133,
        "Net Income From Continuing And Discontinued Operation": 58948000.0,
        "Total Expenses": 11314000.0,
        "Total Operating Income As Reported": 456000.0,
        "Diluted Average Shares": 8639316.0,
        "Basic Average Shares": 8639316.0,
        "Diluted EPS": 6.82,
        "Basic EPS": 6.82,
        "Diluted NI Availto Com Stockholders": 58948000.0,
        "Net Income Common Stockholders": 58948000.0,
        "Net Income": 58948000.0,
        "Minority Interests": -239000.0,
        "Net Income Including Noncontrolling Interests": 59187000.0,
        "Net Income Continuous Operations": 59187000.0,
        "Tax Provision": 15085000.0,
        "Pretax Income": 74272000.0,
        "Other Income Expense": 70904000.0,
        "Special Income Charges": 72616000.0,
        "Gain On Sale Of Ppe": 72616000.0,
        "Other Special Charges": 0.0,
        "Earnings From Equity Interest": -2342000.0,
        "Gain On Sale Of Security": 630000.0,
        "Net Non Operating Interest Income Expense": 2912000.0,
        "Interest Expense Non Operating": 5026000.0,
        "Interest Income Non Operating": 7938000.0,
        "Operating Income": 456000.0,
        "Operating Expense": 5516000.0,
        "Other Operating Expenses": -1014000.0,
        "Depreciation Amortization Depletion Income Statement": 2846000.0,
        "Depreciation And Amortization In Income Statement": 2846000.0,
        "Selling General And Administration": 3684000.0,
        "General And Administrative Expense": 3684000.0,
        "Other Gand A": 3684000.0,
        "Gross Profit": 5972000.0,
        "Cost Of Revenue": 5798000.0,
        "Total Revenue": 11770000.0,
        "Operating Revenue": 11770000.0
    },
    "2022-09-30": {
        "Tax Effect Of Unusual Items": 359609.616534,
        "Tax Rate For Calcs": 0.188672,
        "Normalized EBITDA": 472453000.0,
        "Total Unusual Items": 1906000.0,
        "Total Unusual Items Excluding Goodwill": 1906000.0,
        "Net Income From Continuing Operation Net Minority Interest": 378351000.0,
        "Reconciled Depreciation": 3046000.0,
        "Reconciled Cost Of Revenue": 3848000.0,
        "EBITDA": 474359000.0,
        "EBIT": 471313000.0,
        "Net Interest Income": 3387000.0,
        "Interest Expense": 4700000.0,
        "Interest Income": 8087000.0,
        "Normalized Income": 376804609.616534,
        "Net Income From Continuing And Discontinued Operation": 378351000.0,
        "Total Expenses": 11084000.0,
        "Total Operating Income As Reported": -2765000.0,
        "Diluted Average Shares": 8639316.0,
        "Basic Average Shares": 8639316.0,
        "Diluted EPS": 43.79,
        "Basic EPS": 43.79,
        "Diluted NI Availto Com Stockholders": 378351000.0,
        "Net Income Common Stockholders": 378351000.0,
        "Net Income": 378351000.0,
        "Minority Interests": -225000.0,
        "Net Income Including Noncontrolling Interests": 378576000.0,
        "Net Income Continuous Operations": 378576000.0,
        "Tax Provision": 88037000.0,
        "Pretax Income": 466613000.0,
        "Other Income Expense": 465991000.0,
        "Special Income Charges": 373000.0,
        "Gain On Sale Of Ppe": 1539000.0,
        "Other Special Charges": 1166000.0,
        "Earnings From Equity Interest": 464085000.0,
        "Gain On Sale Of Security": 1533000.0,
        "Net Non Operating Interest Income Expense": 3387000.0,
        "Interest Expense Non Operating": 4700000.0,
        "Interest Income Non Operating": 8087000.0,
        "Operating Income": -2765000.0,
        "Operating Expense": 6383000.0,
        "Other Operating Expenses": -749000.0,
        "Depreciation Amortization Depletion Income Statement": 2193000.0,
        "Depreciation And Amortization In Income Statement": 2193000.0,
        "Selling General And Administration": 4190000.0,
        "General And Administrative Expense": 4190000.0,
        "Other Gand A": 4190000.0,
        "Gross Profit": 3618000.0,
        "Cost Of Revenue": 4701000.0,
        "Total Revenue": 8319000.0,
        "Operating Revenue": 7570000.0
    },
    "2022-06-30": {
        "Tax Effect Of Unusual Items": 43274.713403,
        "Tax Rate For Calcs": 0.002401,
        "Normalized EBITDA": 6849000.0,
        "Total Unusual Items": 18025000.0,
        "Total Unusual Items Excluding Goodwill": 18025000.0,
        "Net Income From Continuing Operation Net Minority Interest": 16461000.0,
        "Reconciled Depreciation": 3153000.0,
        "Reconciled Cost Of Revenue": 2957000.0,
        "EBITDA": 24874000.0,
        "EBIT": 21721000.0,
        "Net Interest Income": -154000.0,
        "Interest Expense": 5060000.0,
        "Interest Income": 4906000.0,
        "Normalized Income": -1520725.286597,
        "Net Income From Continuing And Discontinued Operation": 16461000.0,
        "Total Expenses": 10617000.0,
        "Total Operating Income As Reported": -2847000.0,
        "Diluted Average Shares": 8639316.0,
        "Basic Average Shares": 8639316.0,
        "Diluted EPS": 1.91,
        "Basic EPS": 1.91,
        "Diluted NI Availto Com Stockholders": 16461000.0,
        "Net Income Common Stockholders": 16461000.0,
        "Net Income": 16461000.0,
        "Minority Interests": -160000.0,
        "Net Income Including Noncontrolling Interests": 16621000.0,
        "Net Income Continuous Operations": 16621000.0,
        "Tax Provision": 40000.0,
        "Pretax Income": 16661000.0,
        "Other Income Expense": 19662000.0,
        "Special Income Charges": 3893000.0,
        "Gain On Sale Of Ppe": 3893000.0,
        "Other Special Charges": NaN,
        "Earnings From Equity Interest": 1637000.0,
        "Gain On Sale Of Security": 14132000.0,
        "Net Non Operating Interest Income Expense": -154000.0,
        "Interest Expense Non Operating": 5060000.0,
        "Interest Income Non Operating": 4906000.0,
        "Operating Income": -2847000.0,
        "Operating Expense": 6805000.0,
        "Depreciation Amortization Depletion Income Statement": 2298000.0,
        "Depreciation And Amortization In Income Statement": 2298000.0,
        "Selling General And Administration": 4507000.0,
        "General And Administrative Expense": 4507000.0,
        "Other Gand A": 4507000.0,
        "Gross Profit": 3958000.0,
        "Cost Of Revenue": 3812000.0,
        "Total Revenue": 7770000.0,
        "Operating Revenue": 7259000.0
    },
    "2022-03-31": {
        "Diluted EPS": 1.68,
        "Total Revenue": 8,
        "Gross Profit": 4,
        "Operating Income": -4,
        "EBIT": -1,
        "Net Income": 15
    },
    "2021-12-31": {
        "Diluted EPS": -1.01,
        "Total Revenue": 8,
        "Gross Profit": 4,
        "Operating Income": -4,
        "EBIT": -1,
        "Net Income": -9
    },
    "2021-09-30": {
        "Diluted EPS": 3.04,
        "Total Revenue": 10,
        "Gross Profit": 4,
        "Operating Income": -5,
        "EBIT": -1,
        "Net Income": 26
    },
    "2021-06-30": {
        "Diluted EPS": -3.56,
        "Total Revenue": 11,
        "Gross Profit": 6,
        "Operating Income": -5,
        "EBIT": -1,
        "Net Income": -31
    },
    "2021-03-31": {
        "Diluted EPS": 2.62,
        "Total Revenue": 12,
        "Gross Profit": 6,
        "Operating Income": -2,
        "EBIT": 2,
        "Net Income": 23
    },
    "2020-12-31": {
        "Diluted EPS": -0.16,
        "Total Revenue": 19,
        "Gross Profit": 13,
        "Operating Income": 4,
        "EBIT": 10,
        "Net Income": -1
    },
    "2020-09-30": {
        "Diluted EPS": 0.88,
        "Total Revenue": 12,
        "Gross Profit": 6,
        "Operating Income": -2,
        "EBIT": 3,
        "Net Income": 8
    },
    "2020-06-30": {
        "Diluted EPS": -0.48,
        "Total Revenue": 13,
        "Gross Profit": 8,
        "Operating Income": 1,
        "EBIT": 5,
        "Net Income": -4
    },
    "2020-03-31": {
        "Diluted EPS": 0.53,
        "Total Revenue": 13,
        "Gross Profit": 6,
        "Operating Income": -3,
        "EBIT": 1,
        "Net Income": 5
    },
    "2019-12-31": {
        "Diluted EPS": -0.83,
        "Total Revenue": 11,
        "Gross Profit": 4,
        "Operating Income": -3,
        "EBIT": -1,
        "Net Income": -7
    },
    "2019-09-30": {
        "Diluted EPS": -0.89,
        "Total Revenue": 13,
        "Gross Profit": 8,
        "Operating Income": 0,
        "EBIT": 5,
        "Net Income": -8
    },
    "2019-06-30": {
        "Diluted EPS": -0.73,
        "Total Revenue": 12,
        "Gross Profit": 5,
        "Operating Income": -3,
        "EBIT": 1,
        "Net Income": -6
    },
    "2019-03-31": {
        "Diluted EPS": -0.64,
        "Total Revenue": 12,
        "Gross Profit": 6,
        "Operating Income": -1,
        "EBIT": 3,
        "Net Income": -6
    },
    "2018-12-31": {
        "Diluted EPS": 17.43,
        "Total Revenue": 53,
        "Gross Profit": 39,
        "Operating Income": 29,
        "EBIT": 36,
        "Net Income": 152
    },
    "2018-09-30": {
        "Diluted EPS": 2.52,
        "Total Revenue": 34,
        "Gross Profit": 18,
        "Operating Income": 6,
        "EBIT": 14,
        "Net Income": 22
    },
    "2018-06-30": {
        "Diluted EPS": 0.81,
        "Total Revenue": 32,
        "Gross Profit": 16,
        "Operating Income": 5,
        "EBIT": 12,
        "Net Income": 7
    },
    "2018-03-31": {
        "Diluted EPS": -0.05,
        "Total Revenue": 31,
        "Gross Profit": 17,
        "Operating Income": 5,
        "EBIT": 13,
        "Net Income": 0
    },
    "2017-12-31": {
        "Diluted EPS": -0.88,
        "Total Revenue": 31,
        "Gross Profit": 14,
        "Operating Income": 3,
        "EBIT": 11,
        "Net Income": -8
    },
    "2017-09-30": {
        "Diluted EPS": 0.79,
        "Total Revenue": 31,
        "Gross Profit": 16,
        "Operating Income": 6,
        "EBIT": 13,
        "Net Income": 7
    },
    "2017-06-30": {
        "Diluted EPS": -1.22,
        "Total Revenue": 31,
        "Gross Profit": 16,
        "Operating Income": 6,
        "EBIT": 14,
        "Net Income": -11
    },
    "2017-03-31": {
        "Diluted EPS": -0.61,
        "Total Revenue": 32,
        "Gross Profit": 16,
        "Operating Income": 5,
        "EBIT": 13,
        "Net Income": -5
    },
    "2016-12-31": {
        "Diluted EPS": 0.37,
        "Total Revenue": 29,
        "Gross Profit": 13,
        "Operating Income": 3,
        "EBIT": 12,
        "Net Income": 3
    },
    "2016-09-30": {
        "Diluted EPS": -0.55,
        "Total Revenue": 30,
        "Gross Profit": 14,
        "Operating Income": 4,
        "EBIT": 11,
        "Net Income": -5
    },
    "2016-06-30": {
        "Diluted EPS": 0.51,
        "Total Revenue": 31,
        "Gross Profit": 16,
        "Operating Income": 6,
        "EBIT": 12,
        "Net Income": 4
    },
    "2016-03-31": {
        "Diluted EPS": -0.43,
        "Total Revenue": 29,
        "Gross Profit": 14,
        "Operating Income": 4,
        "EBIT": 11,
        "Net Income": -4
    },
    "2015-12-31": {
        "Diluted EPS": -0.16,
        "Total Revenue": 29,
        "Gross Profit": 12,
        "Operating Income": -1,
        "EBIT": 5,
        "Net Income": -2
    },
    "2015-09-30": {
        "Diluted EPS": -0.79,
        "Total Revenue": 28,
        "Gross Profit": 13,
        "Operating Income": 3,
        "EBIT": 10,
        "Net Income": -7
    },
    "2015-06-30": {
        "Diluted EPS": -0.01,
        "Total Revenue": 24,
        "Gross Profit": 13,
        "Operating Income": 4,
        "EBIT": 10,
        "Net Income": 0
    },
    "2015-03-31": {
        "Diluted EPS": -0.02,
        "Total Revenue": 22,
        "Gross Profit": 11,
        "Operating Income": 3,
        "EBIT": 8,
        "Net Income": 0
    },
    "2014-12-31": {
        "Diluted EPS": 4.29,
        "Total Revenue": 21,
        "Gross Profit": 10,
        "Operating Income": -1,
        "EBIT": 5,
        "Net Income": 37
    },
    "2014-09-30": {
        "Diluted EPS": -0.29,
        "Total Revenue": 18,
        "Gross Profit": 8,
        "Operating Income": 1,
        "EBIT": 7,
        "Net Income": -3
    },
    "2014-06-30": {
        "Diluted EPS": 0.25,
        "Total Revenue": 19,
        "Gross Profit": 9,
        "Operating Income": 0,
        "EBIT": 5,
        "Net Income": 2
    },
    "2014-03-31": {
        "Diluted EPS": 0.49,
        "Total Revenue": 18,
        "Gross Profit": 9,
        "Operating Income": 1,
        "EBIT": 7,
        "Net Income": 4
    },
    "2013-12-31": {
        "Diluted EPS": 6.64,
        "Total Revenue": 20,
        "Gross Profit": 11,
        "Operating Income": -12,
        "EBIT": -9,
        "Net Income": 55
    },
    "2013-09-30": {
        "Diluted EPS": -0.74,
        "Total Revenue": 19,
        "Gross Profit": 9,
        "Operating Income": 1,
        "EBIT": 7,
        "Net Income": -6
    },
    "2013-06-30": {
        "Diluted EPS": 1.33,
        "Total Revenue": 20,
        "Gross Profit": 11,
        "Operating Income": 3,
        "EBIT": 9,
        "Net Income": 12
    },
    "2013-03-31": {
        "Diluted EPS": -0.4,
        "Total Revenue": 20,
        "Gross Profit": 10,
        "Operating Income": 3,
        "EBIT": 10,
        "Net Income": -3
    },
    "2012-12-31": {
        "Diluted EPS": -0.75,
        "Total Revenue": -2,
        "Gross Profit": -1,
        "Operating Income": -6,
        "EBIT": 0,
        "Net Income": -6
    },
    "2012-09-30": {
        "Diluted EPS": -0.07,
        "Total Revenue": 27,
        "Gross Profit": 14,
        "Operating Income": 5,
        "EBIT": 10,
        "Net Income": -1
    },
    "2012-06-30": {
        "Diluted EPS": 0.23,
        "Total Revenue": 26,
        "Gross Profit": 14,
        "Operating Income": 6,
        "EBIT": 13,
        "Net Income": 2
    },
    "2012-03-31": {
        "Diluted EPS": -0.53,
        "Total Revenue": 27,
        "Gross Profit": 14,
        "Operating Income": 4,
        "EBIT": 11,
        "Net Income": -4
    },
    "2011-12-31": {
        "Diluted EPS": -2.53,
        "Total Revenue": -6,
        "Gross Profit": -3,
        "Operating Income": -36,
        "EBIT": -30,
        "Net Income": -21
    },
    "2011-09-30": {
        "Diluted EPS": 0.08,
        "Total Revenue": 29,
        "Gross Profit": 13,
        "Operating Income": 3,
        "EBIT": 9,
        "Net Income": 1
    },
    "2011-06-30": {
        "Diluted EPS": -1.72,
        "Total Revenue": 28,
        "Gross Profit": 14,
        "Operating Income": 5,
        "EBIT": 10,
        "Net Income": -14
    },
    "2011-03-31": {
        "Diluted EPS": -1.5,
        "Total Revenue": 26,
        "Gross Profit": 12,
        "Operating Income": -3,
        "EBIT": 4,
        "Net Income": -12
    },
    "2010-12-31": {
        "Diluted EPS": -3.43,
        "Total Revenue": 11,
        "Gross Profit": 8,
        "Operating Income": -22,
        "EBIT": -15,
        "Net Income": -28
    },
    "2010-09-30": {
        "Diluted EPS": -1.14,
        "Total Revenue": 28,
        "Gross Profit": 12,
        "Operating Income": 2,
        "EBIT": 9,
        "Net Income": -9
    },
    "2010-06-30": {
        "Diluted EPS": -2.54,
        "Total Revenue": 31,
        "Gross Profit": 12,
        "Operating Income": 1,
        "EBIT": 9,
        "Net Income": -21
    },
    "2010-03-31": {
        "Diluted EPS": -1.3,
        "Total Revenue": 33,
        "Gross Profit": 14,
        "Operating Income": 3,
        "EBIT": 10,
        "Net Income": -11
    },
    "2009-12-31": {
        "Diluted EPS": -3.21,
        "Total Revenue": 1,
        "Gross Profit": -1,
        "Operating Income": -22,
        "EBIT": -13,
        "Net Income": -26
    },
    "2009-09-30": {
        "Diluted EPS": -1.42,
        "Total Revenue": 34,
        "Gross Profit": 14,
        "Operating Income": 2,
        "EBIT": 10,
        "Net Income": -12
    },
    "2009-06-30": {
        "Diluted EPS": -3.96,
        "Total Revenue": 37,
        "Gross Profit": 18,
        "Operating Income": -22,
        "EBIT": -14,
        "Net Income": -32
    },
    "2009-03-31": {
        "Diluted EPS": -1.36,
        "Total Revenue": 36,
        "Gross Profit": 13,
        "Operating Income": 1,
        "EBIT": 10,
        "Net Income": -11
    },
    "2023-06-30": {
        "Tax Effect Of Unusual Items": -283333.333333,
        "Tax Rate For Calcs": 0.188889,
        "Normalized EBITDA": 8431000.0,
        "Total Unusual Items": -1500000.0,
        "Total Unusual Items Excluding Goodwill": -1500000.0,
        "Net Income From Continuing Operation Net Minority Interest": 530000.0,
        "Reconciled Depreciation": 3425000.0,
        "Reconciled Cost Of Revenue": 6806000.0,
        "EBITDA": 6931000.0,
        "EBIT": 3506000.0,
        "Net Interest Income": 6068000.0,
        "Interest Expense": 2426000.0,
        "Interest Income": 8494000.0,
        "Normalized Income": 1746666.666667,
        "Net Income From Continuing And Discontinued Operation": 530000.0,
        "Total Expenses": 14902000.0,
        "Total Operating Income As Reported": -3513000.0,
        "Diluted Average Shares": 8639316.0,
        "Basic Average Shares": 8639316.0,
        "Diluted EPS": 0.06,
        "Basic EPS": 0.06,
        "Diluted NI Availto Com Stockholders": 530000.0,
        "Net Income Common Stockholders": 530000.0,
        "Net Income": 530000.0,
        "Minority Interests": -346000.0,
        "Net Income Including Noncontrolling Interests": 876000.0,
        "Net Income Continuous Operations": 876000.0,
        "Tax Provision": 204000.0,
        "Pretax Income": 1080000.0,
        "Other Income Expense": -1475000.0,
        "Special Income Charges": -1522000.0,
        "Gain On Sale Of Ppe": 188000.0,
        "Other Special Charges": 1710000.0,
        "Earnings From Equity Interest": 25000.0,
        "Gain On Sale Of Security": 22000.0,
        "Net Non Operating Interest Income Expense": 6068000.0,
        "Interest Expense Non Operating": 2426000.0,
        "Interest Income Non Operating": 8494000.0,
        "Operating Income": -3513000.0,
        "Operating Expense": 7871000.0,
        "Other Operating Expenses": -850000.0,
        "Depreciation Amortization Depletion Income Statement": 3200000.0,
        "Depreciation And Amortization In Income Statement": 3200000.0,
        "Selling General And Administration": 5521000.0,
        "General And Administrative Expense": 5521000.0,
        "Other Gand A": 5521000.0,
        "Gross Profit": 4358000.0,
        "Cost Of Revenue": 7031000.0,
        "Total Revenue": 11389000.0,
        "Operating Revenue": 11389000.0
    },
    "2023-09-30": {
        "Tax Effect Of Unusual Items": 0.0,
        "Tax Rate For Calcs": 0.217291,
        "Normalized EBITDA": 11324000.0,
        "Total Unusual Items": 0.0,
        "Total Unusual Items Excluding Goodwill": 0.0,
        "Net Income From Continuing Operation Net Minority Interest": 4451000.0,
        "Reconciled Depreciation": 3338000.0,
        "Reconciled Cost Of Revenue": 7418000.0,
        "EBITDA": 11324000.0,
        "EBIT": 7986000.0,
        "Net Interest Income": 7774000.0,
        "Interest Expense": 1902000.0,
        "Interest Income": 9676000.0,
        "Normalized Income": 4451000.0,
        "Net Income From Continuing And Discontinued Operation": 4451000.0,
        "Total Expenses": 13613000.0,
        "Total Operating Income As Reported": -1775000.0,
        "Diluted Average Shares": 8639316.0,
        "Basic Average Shares": 8639316.0,
        "Diluted EPS": 0.52,
        "Basic EPS": 0.52,
        "Diluted NI Availto Com Stockholders": 4451000.0,
        "Net Income Common Stockholders": 4451000.0,
        "Net Income": 4451000.0,
        "Minority Interests": -311000.0,
        "Net Income Including Noncontrolling Interests": 4762000.0,
        "Net Income Continuous Operations": 4762000.0,
        "Tax Provision": 1322000.0,
        "Pretax Income": 6084000.0,
        "Other Income Expense": 85000.0,
        "Special Income Charges": 0.0,
        "Gain On Sale Of Ppe": 0.0,
        "Other Special Charges": NaN,
        "Earnings From Equity Interest": 85000.0,
        "Gain On Sale Of Security": NaN,
        "Net Non Operating Interest Income Expense": 7774000.0,
        "Interest Expense Non Operating": 1902000.0,
        "Interest Income Non Operating": 9676000.0,
        "Operating Income": -1775000.0,
        "Operating Expense": 6170000.0,
        "Other Operating Expenses": -687000.0,
        "Depreciation Amortization Depletion Income Statement": 3313000.0,
        "Depreciation And Amortization In Income Statement": 3313000.0,
        "Selling General And Administration": 3544000.0,
        "General And Administrative Expense": 3544000.0,
        "Other Gand A": 3544000.0,
        "Gross Profit": 4395000.0,
        "Cost Of Revenue": 7443000.0,
        "Total Revenue": 11838000.0,
        "Operating Revenue": 11838000.0
    },
    "2023-12-31": {
        "Tax Effect Of Unusual Items": -518637.044968,
        "Tax Rate For Calcs": 0.249465,
        "Normalized EBITDA": 5206000.0,
        "Total Unusual Items": -2079000.0,
        "Total Unusual Items Excluding Goodwill": -2079000.0,
        "Net Income From Continuing Operation Net Minority Interest": -2561000.0,
        "Reconciled Depreciation": 4053000.0,
        "Reconciled Cost Of Revenue": 7294000.0,
        "EBITDA": 3127000.0,
        "EBIT": -926000.0,
        "Net Interest Income": 1146000.0,
        "Interest Expense": 1876000.0,
        "Interest Income": 3022000.0,
        "Normalized Income": -1000637.044968,
        "Net Income From Continuing And Discontinued Operation": -2561000.0,
        "Total Expenses": 14918000.0,
        "Total Operating Income As Reported": -2131000.0,
        "Diluted Average Shares": NaN,
        "Basic Average Shares": NaN,
        "Diluted EPS": NaN,
        "Basic EPS": NaN,
        "Diluted NI Availto Com Stockholders": -2561000.0,
        "Net Income Common Stockholders": -2561000.0,
        "Net Income": -2561000.0,
        "Minority Interests": -458000.0,
        "Net Income Including Noncontrolling Interests": -2103000.0,
        "Net Income Continuous Operations": -2103000.0,
        "Tax Provision": -699000.0,
        "Pretax Income": -2802000.0,
        "Other Income Expense": -1817000.0,
        "Special Income Charges": -2079000.0,
        "Gain On Sale Of Ppe": -2079000.0,
        "Other Special Charges": 0.0,
        "Earnings From Equity Interest": 262000.0,
        "Gain On Sale Of Security": 0.0,
        "Net Non Operating Interest Income Expense": 1146000.0,
        "Interest Expense Non Operating": 1876000.0,
        "Interest Income Non Operating": 3022000.0,
        "Operating Income": -2131000.0,
        "Operating Expense": 7602000.0,
        "Other Operating Expenses": -666000.0,
        "Depreciation Amortization Depletion Income Statement": 4031000.0,
        "Depreciation And Amortization In Income Statement": 4031000.0,
        "Selling General And Administration": 4237000.0,
        "General And Administrative Expense": 4237000.0,
        "Other Gand A": 4237000.0,
        "Gross Profit": 5471000.0,
        "Cost Of Revenue": 7316000.0,
        "Total Revenue": 12787000.0,
        "Operating Revenue": 12787000.0
    },
    "2024-03-31": {
        "Tax Effect Of Unusual Items": 0.0,
        "Tax Rate For Calcs": 0.179464,
        "Normalized EBITDA": 8414000.0,
        "Total Unusual Items": NaN,
        "Total Unusual Items Excluding Goodwill": NaN,
        "Net Income From Continuing Operation Net Minority Interest": 2549000.0,
        "Reconciled Depreciation": 3185000.0,
        "Reconciled Cost Of Revenue": 6621000.0,
        "EBITDA": 8414000.0,
        "EBIT": 5229000.0,
        "Net Interest Income": 4258000.0,
        "Interest Expense": 1869000.0,
        "Interest Income": 6127000.0,
        "Normalized Income": 2549000.0,
        "Net Income From Continuing And Discontinued Operation": 2549000.0,
        "Total Expenses": 12612000.0,
        "Total Operating Income As Reported": -1333000.0,
        "Diluted Average Shares": 8639316.0,
        "Basic Average Shares": 8639316.0,
        "Diluted EPS": 0.3,
        "Basic EPS": 0.3,
        "Diluted NI Availto Com Stockholders": 2549000.0,
        "Net Income Common Stockholders": 2549000.0,
        "Net Income": 2549000.0,
        "Minority Interests": -208000.0,
        "Net Income Including Noncontrolling Interests": 2757000.0,
        "Net Income Continuous Operations": 2757000.0,
        "Tax Provision": 603000.0,
        "Pretax Income": 3360000.0,
        "Other Income Expense": 435000.0,
        "Special Income Charges": NaN,
        "Gain On Sale Of Ppe": NaN,
        "Other Special Charges": NaN,
        "Earnings From Equity Interest": 435000.0,
        "Gain On Sale Of Security": NaN,
        "Net Non Operating Interest Income Expense": 4258000.0,
        "Interest Expense Non Operating": 1869000.0,
        "Interest Income Non Operating": 6127000.0,
        "Operating Income": -1333000.0,
        "Operating Expense": 5978000.0,
        "Other Operating Expenses": -620000.0,
        "Depreciation Amortization Depletion Income Statement": 3172000.0,
        "Depreciation And Amortization In Income Statement": 3172000.0,
        "Selling General And Administration": 3426000.0,
        "General And Administrative Expense": 3426000.0,
        "Other Gand A": 3426000.0,
        "Gross Profit": 4645000.0,
        "Cost Of Revenue": 6634000.0,
        "Total Revenue": 11279000.0,
        "Operating Revenue": 11279000.0
    }
}