{
    "2023-03-31": {
        "Tax Effect Of Unusual Items": NaN,
        "Tax Rate For Calcs": NaN,
        "Normalized EBITDA": NaN,
        "Total Unusual Items": NaN,
        "Total Unusual Items Excluding Goodwill": NaN,
        "Net Income From Continuing Operation Net Minority Interest": NaN,
        "Reconciled Depreciation": NaN,
        "Reconciled Cost Of Revenue": NaN,
        "EBITDA": NaN,
        "EBIT": NaN,
        "Normalized Income": NaN,
        "Net Income From Continuing And Discontinued Operation": NaN,
        "Total Expenses": NaN,
        "Rent Expense Supplemental": NaN,
        "Total Operating Income As Reported": NaN,
        "Diluted Average Shares": NaN,
        "Basic Average Shares": NaN,
        "Diluted EPS": NaN,
        "Basic EPS": NaN,
        "Diluted NI Availto Com Stockholders": NaN,
        "Net Income Common Stockholders": NaN,
        "Net Income": NaN,
        "Net Income Including Noncontrolling Interests": NaN,
        "Net Income Continuous Operations": NaN,
        "Tax Provision": NaN,
        "Pretax Income": NaN,
        "Other Income Expense": NaN,
        "Other Non Operating Income Expenses": NaN,
        "Special Income Charges": NaN,
        "Restructuring And Mergern Acquisition": NaN,
        "Operating Income": NaN,
        "Operating Expense": NaN,
        "Depreciation Amortization Depletion Income Statement": 1305000.0,
        "Depreciation And Amortization In Income Statement": 1305000.0,
        "Amortization": 1305000.0,
        "Amortization Of Intangibles Income Statement": 1305000.0,
        "Research And Development": NaN,
        "Selling General And Administration": NaN,
        "Selling And Marketing Expense": NaN,
        "General And Administrative Expense": NaN,
        "Other Gand A": NaN,
        "Gross Profit": NaN,
        "Cost Of Revenue": NaN,
        "Total Revenue": NaN,
        "Operating Revenue": NaN
    },
    "2022-12-31": {
        "Tax Effect Of Unusual Items": NaN,
        "Tax Rate For Calcs": NaN,
        "Normalized EBITDA": NaN,
        "Total Unusual Items": NaN,
        "Total Unusual Items Excluding Goodwill": NaN,
        "Net Income From Continuing Operation Net Minority Interest": NaN,
        "Reconciled Depreciation": NaN,
        "Reconciled Cost Of Revenue": NaN,
        "EBITDA": NaN,
        "EBIT": NaN,
        "Normalized Income": NaN,
        "Net Income From Continuing And Discontinued Operation": NaN,
        "Total Expenses": NaN,
        "Rent Expense Supplemental": NaN,
        "Total Operating Income As Reported": NaN,
        "Diluted Average Shares": NaN,
        "Basic Average Shares": NaN,
        "Diluted EPS": NaN,
        "Basic EPS": NaN,
        "Diluted NI Availto Com Stockholders": NaN,
        "Net Income Common Stockholders": NaN,
        "Net Income": NaN,
        "Net Income Including Noncontrolling Interests": NaN,
        "Net Income Continuous Operations": NaN,
        "Tax Provision": NaN,
        "Pretax Income": NaN,
        "Other Income Expense": NaN,
        "Other Non Operating Income Expenses": NaN,
        "Special Income Charges": NaN,
        "Restructuring And Mergern Acquisition": NaN,
        "Operating Income": NaN,
        "Operating Expense": NaN,
        "Depreciation Amortization Depletion Income Statement": 1598000.0,
        "Depreciation And Amortization In Income Statement": 1598000.0,
        "Amortization": 1598000.0,
        "Amortization Of Intangibles Income Statement": 1598000.0,
        "Research And Development": NaN,
        "Selling General And Administration": NaN,
        "Selling And Marketing Expense": NaN,
        "General And Administrative Expense": NaN,
        "Other Gand A": NaN,
        "Gross Profit": NaN,
        "Cost Of Revenue": NaN,
        "Total Revenue": NaN,
        "Operating Revenue": NaN
    },
    "2022-09-30": {
        "Tax Effect Of Unusual Items": NaN,
        "Tax Rate For Calcs": NaN,
        "Normalized EBITDA": NaN,
        "Total Unusual Items": NaN,
        "Total Unusual Items Excluding Goodwill": NaN,
        "Net Income From Continuing Operation Net Minority Interest": NaN,
        "Reconciled Depreciation": NaN,
        "Reconciled Cost Of Revenue": NaN,
        "EBITDA": NaN,
        "EBIT": NaN,
        "Normalized Income": NaN,
        "Net Income From Continuing And Discontinued Operation": NaN,
        "Total Expenses": NaN,
        "Rent Expense Supplemental": NaN,
        "Total Operating Income As Reported": NaN,
        "Diluted Average Shares": NaN,
        "Basic Average Shares": NaN,
        "Diluted EPS": NaN,
        "Basic EPS": NaN,
        "Diluted NI Availto Com Stockholders": NaN,
        "Net Income Common Stockholders": NaN,
        "Net Income": NaN,
        "Net Income Including Noncontrolling Interests": NaN,
        "Net Income Continuous Operations": NaN,
        "Tax Provision": NaN,
        "Pretax Income": NaN,
        "Other Income Expense": NaN,
        "Other Non Operating Income Expenses": NaN,
        "Special Income Charges": NaN,
        "Restructuring And Mergern Acquisition": NaN,
        "Operating Income": NaN,
        "Operating Expense": NaN,
        "Depreciation Amortization Depletion Income Statement": 3993000.0,
        "Depreciation And Amortization In Income Statement": 3993000.0,
        "Amortization": 3993000.0,
        "Amortization Of Intangibles Income Statement": 3993000.0,
        "Research And Development": NaN,
        "Selling General And Administration": NaN,
        "Selling And Marketing Expense": NaN,
        "General And Administrative Expense": NaN,
        "Other Gand A": NaN,
        "Gross Profit": NaN,
        "Cost Of Revenue": NaN,
        "Total Revenue": NaN,
        "Operating Revenue": NaN
    },
    "2022-06-30": {
        "Tax Effect Of Unusual Items": 0.0,
        "Tax Rate For Calcs": 0.004,
        "Normalized EBITDA": -2342000.0,
        "Net Income From Continuing Operation Net Minority Interest": -4640000.0,
        "Reconciled Depreciation": 1508000.0,
        "Reconciled Cost Of Revenue": 16659000.0,
        "EBITDA": -2342000.0,
        "EBIT": -4087000.0,
        "Normalized Income": -4640000.0,
        "Net Income From Continuing And Discontinued Operation": -4640000.0,
        "Total Expenses": 63732000.0,
        "Total Operating Income As Reported": -4087000.0,
        "Diluted Average Shares": 20024798.0,
        "Basic Average Shares": 20024798.0,
        "Diluted EPS": -0.23,
        "Basic EPS": -0.23,
        "Diluted NI Availto Com Stockholders": -4640000.0,
        "Net Income Common Stockholders": -4640000.0,
        "Net Income": -4640000.0,
        "Net Income Including Noncontrolling Interests": -4640000.0,
        "Net Income Continuous Operations": -4640000.0,
        "Tax Provision": -20000.0,
        "Pretax Income": -4660000.0,
        "Other Income Expense": -573000.0,
        "Other Non Operating Income Expenses": -573000.0,
        "Operating Income": -4087000.0,
        "Operating Expense": 47310000.0,
        "Depreciation Amortization Depletion Income Statement": 1745000.0,
        "Depreciation And Amortization In Income Statement": 1745000.0,
        "Amortization": 1745000.0,
        "Amortization Of Intangibles Income Statement": 1745000.0,
        "Research And Development": 1849000.0,
        "Selling General And Administration": 43716000.0,
        "Selling And Marketing Expense": 28822000.0,
        "General And Administrative Expense": 14894000.0,
        "Other Gand A": 14894000.0,
        "Gross Profit": 43223000.0,
        "Cost Of Revenue": 16422000.0,
        "Total Revenue": 59645000.0,
        "Operating Revenue": 59645000.0
    },
    "2022-03-31": {
        "Diluted EPS": -0.78,
        "Total Revenue": 48,
        "Gross Profit": 34,
        "Operating Income": -15,
        "EBIT": -13,
        "Net Income": -16
    },
    "2021-12-31": {
        "Diluted EPS": -0.38,
        "Total Revenue": 62,
        "Gross Profit": 45,
        "Operating Income": 4,
        "EBIT": 5,
        "Net Income": -7
    },
    "2021-09-30": {
        "Diluted EPS": -0.17,
        "Total Revenue": 52,
        "Gross Profit": 37,
        "Operating Income": -1,
        "EBIT": -1,
        "Net Income": -3
    },
    "2021-06-30": {
        "Diluted EPS": 0.07,
        "Total Revenue": 51,
        "Gross Profit": 36,
        "Operating Income": 0,
        "EBIT": 1,
        "Net Income": 1
    },
    "2021-03-31": {
        "Diluted EPS": -0.12,
        "Total Revenue": 43,
        "Gross Profit": 30,
        "Operating Income": -4,
        "EBIT": -3,
        "Net Income": -2
    },
    "2020-12-31": {
        "Diluted EPS": 0.64,
        "Total Revenue": 59,
        "Gross Profit": 42,
        "Operating Income": 7,
        "EBIT": 8,
        "Net Income": 12
    },
    "2020-09-30": {
        "Diluted EPS": 0.12,
        "Total Revenue": 49,
        "Gross Profit": 35,
        "Operating Income": 2,
        "EBIT": 2,
        "Net Income": 2
    },
    "2020-06-30": {
        "Diluted EPS": -0.72,
        "Total Revenue": 35,
        "Gross Profit": 25,
        "Operating Income": -8,
        "EBIT": -7,
        "Net Income": -14
    },
    "2020-03-31": {
        "Diluted EPS": -0.07,
        "Total Revenue": 44,
        "Gross Profit": 31,
        "Operating Income": -4,
        "EBIT": -4,
        "Net Income": -1
    },
    "2019-12-31": {
        "Diluted EPS": 0.22,
        "Total Revenue": 57,
        "Gross Profit": 41,
        "Operating Income": 6,
        "EBIT": 7,
        "Net Income": 4
    },
    "2019-09-30": {
        "Diluted EPS": 0.12,
        "Total Revenue": 50,
        "Gross Profit": 35,
        "Operating Income": 3,
        "EBIT": 4,
        "Net Income": 2
    },
    "2019-06-30": {
        "Diluted EPS": 0.14,
        "Total Revenue": 45,
        "Gross Profit": 32,
        "Operating Income": 3,
        "EBIT": 4,
        "Net Income": 3
    },
    "2019-03-31": {
        "Diluted EPS": 0.08,
        "Total Revenue": 38,
        "Gross Profit": 26,
        "Operating Income": -2,
        "EBIT": -1,
        "Net Income": 1
    },
    "2018-12-31": {
        "Diluted EPS": 0.1,
        "Total Revenue": 46,
        "Gross Profit": 32,
        "Operating Income": 2,
        "EBIT": 3,
        "Net Income": 2
    },
    "2018-09-30": {
        "Diluted EPS": 0.1,
        "Total Revenue": 36,
        "Gross Profit": 26,
        "Operating Income": 1,
        "EBIT": 2,
        "Net Income": 2
    },
    "2018-06-30": {
        "Diluted EPS": 0.14,
        "Total Revenue": 34,
        "Gross Profit": 25,
        "Operating Income": 1,
        "EBIT": 3,
        "Net Income": 3
    },
    "2018-03-31": {
        "Diluted EPS": 0.0,
        "Total Revenue": 27,
        "Gross Profit": 20,
        "Operating Income": -2,
        "EBIT": -1,
        "Net Income": 0
    },
    "2017-12-31": {
        "Diluted EPS": 0.11,
        "Total Revenue": 35,
        "Gross Profit": 26,
        "Operating Income": 5,
        "EBIT": 6,
        "Net Income": 2
    },
    "2017-09-30": {
        "Diluted EPS": 0.07,
        "Total Revenue": 28,
        "Gross Profit": 21,
        "Operating Income": 1,
        "EBIT": 2,
        "Net Income": 1
    },
    "2017-06-30": {
        "Diluted EPS": 0.22,
        "Total Revenue": 26,
        "Gross Profit": 19,
        "Operating Income": 1,
        "EBIT": 1,
        "Net Income": 4
    },
    "2017-03-31": {
        "Diluted EPS": -0.09,
        "Total Revenue": 20,
        "Gross Profit": 14,
        "Operating Income": -3,
        "EBIT": -3,
        "Net Income": -2
    },
    "2016-12-31": {
        "Diluted EPS": 0.55,
        "Total Revenue": 28,
        "Gross Profit": 21,
        "Operating Income": 3,
        "EBIT": 3,
        "Net Income": 3
    },
    "2016-09-30": {
        "Diluted EPS": 0.01,
        "Total Revenue": 23,
        "Gross Profit": 16,
        "Operating Income": 1,
        "EBIT": 1,
        "Net Income": 0
    },
    "2016-06-30": {
        "Diluted EPS": 0.04,
        "Total Revenue": 20,
        "Gross Profit": 14,
        "Operating Income": 2,
        "EBIT": 2,
        "Net Income": 0
    },
    "2016-03-31": {
        "Diluted EPS": -0.45,
        "Total Revenue": 14,
        "Gross Profit": 10,
        "Operating Income": -2,
        "EBIT": -2,
        "Net Income": -1
    },
    "2015-12-31": {
        "Diluted EPS": 0.06,
        "Total Revenue": 21,
        "Gross Profit": 16,
        "Operating Income": 3,
        "EBIT": 3,
        "Net Income": 1
    },
    "2015-09-30": {
        "Diluted EPS": 0.03,
        "Total Revenue": 17,
        "Gross Profit": 12,
        "Operating Income": 1,
        "EBIT": 2,
        "Net Income": 0
    },
    "2015-06-30": {
        "Diluted EPS": -0.12,
        "Total Revenue": 15,
        "Gross Profit": 10,
        "Operating Income": 0,
        "EBIT": 0,
        "Net Income": 0
    },
    "2015-03-31": {
        "Diluted EPS": -0.51,
        "Total Revenue": 10,
        "Gross Profit": 7,
        "Operating Income": -1,
        "EBIT": -1,
        "Net Income": -1
    },
    "2014-12-31": {
        "Diluted EPS": 0.0,
        "Total Revenue": NaN,
        "Gross Profit": NaN,
        "Operating Income": NaN,
        "EBIT": NaN,
        "Net Income": NaN
    },
    "2023-06-30": {
        "Tax Effect Of Unusual Items": NaN,
        "Tax Rate For Calcs": NaN,
        "Normalized EBITDA": NaN,
        "Total Unusual Items": NaN,
        "Total Unusual Items Excluding Goodwill": NaN,
        "Net Income From Continuing Operation Net Minority Interest": NaN,
        "Reconciled Depreciation": NaN,
        "Reconciled Cost Of Revenue": NaN,
        "EBITDA": NaN,
        "EBIT": NaN,
        "Normalized Income": NaN,
        "Net Income From Continuing And Discontinued Operation": NaN,
        "Total Expenses": NaN,
        "Rent Expense Supplemental": NaN,
        "Total Operating Income As Reported": NaN,
        "Diluted Average Shares": 23352530.0,
        "Basic Average Shares": 23352530.0,
        "Diluted EPS": -0.004282,
        "Basic EPS": -0.004282,
        "Diluted NI Availto Com Stockholders": NaN,
        "Net Income Common Stockholders": NaN,
        "Net Income": NaN,
        "Net Income Including Noncontrolling Interests": NaN,
        "Net Income Continuous Operations": NaN,
        "Tax Provision": NaN,
        "Pretax Income": NaN,
        "Other Income Expense": NaN,
        "Other Non Operating Income Expenses": NaN,
        "Special Income Charges": NaN,
        "Restructuring And Mergern Acquisition": NaN,
        "Operating Income": NaN,
        "Operating Expense": NaN,
        "Depreciation Amortization Depletion Income Statement": 1211000.0,
        "Depreciation And Amortization In Income Statement": 1211000.0,
        "Amortization": 1211000.0,
        "Amortization Of Intangibles Income Statement": 1211000.0,
        "Research And Development": NaN,
        "Selling General And Administration": NaN,
        "Selling And Marketing Expense": NaN,
        "General And Administrative Expense": NaN,
        "Other Gand A": NaN,
        "Gross Profit": NaN,
        "Cost Of Revenue": NaN,
        "Total Revenue": NaN,
        "Operating Revenue": NaN
    },
    "2023-09-30": {
        "Tax Effect Of Unusual Items": 645330.0,
        "Tax Rate For Calcs": 0.21,
        "Normalized EBITDA": 3490000.0,
        "Total Unusual Items": 3073000.0,
        "Total Unusual Items Excluding Goodwill": 3073000.0,
        "Net Income From Continuing Operation Net Minority Interest": 22299000.0,
        "Reconciled Depreciation": 1647000.0,
        "Reconciled Cost Of Revenue": 20227000.0,
        "EBITDA": 6563000.0,
        "EBIT": 4916000.0,
        "Normalized Income": 19871330.0,
        "Net Income From Continuing And Discontinued Operation": 22299000.0,
        "Total Expenses": 64670000.0,
        "Rent Expense Supplemental": 3211000.0,
        "Total Operating Income As Reported": 7989000.0,
        "Diluted Average Shares": 23848729.0,
        "Basic Average Shares": 23483269.0,
        "Diluted EPS": 0.94,
        "Basic EPS": 0.95,
        "Diluted NI Availto Com Stockholders": 22299000.0,
        "Net Income Common Stockholders": 22299000.0,
        "Net Income": 22299000.0,
        "Net Income Including Noncontrolling Interests": 22299000.0,
        "Net Income Continuous Operations": 22299000.0,
        "Tax Provision": -14714000.0,
        "Pretax Income": 7585000.0,
        "Other Income Expense": 2669000.0,
        "Other Non Operating Income Expenses": -404000.0,
        "Special Income Charges": 3073000.0,
        "Restructuring And Mergern Acquisition": -3073000.0,
        "Operating Income": 4916000.0,
        "Operating Expense": 44443000.0,
        "Depreciation Amortization Depletion Income Statement": NaN,
        "Depreciation And Amortization In Income Statement": NaN,
        "Amortization": NaN,
        "Amortization Of Intangibles Income Statement": NaN,
        "Research And Development": 1964000.0,
        "Selling General And Administration": 42479000.0,
        "Selling And Marketing Expense": 26030000.0,
        "General And Administrative Expense": 16449000.0,
        "Other Gand A": 16449000.0,
        "Gross Profit": 49359000.0,
        "Cost Of Revenue": 20227000.0,
        "Total Revenue": 69586000.0,
        "Operating Revenue": 69586000.0
    },
    "2023-12-31": {
        "Tax Effect Of Unusual Items": 0.0,
        "Tax Rate For Calcs": 0.302788,
        "Normalized EBITDA": 13941000.0,
        "Total Unusual Items": NaN,
        "Total Unusual Items Excluding Goodwill": NaN,
        "Net Income From Continuing Operation Net Minority Interest": 8202000.0,
        "Reconciled Depreciation": 1584000.0,
        "Reconciled Cost Of Revenue": 21645000.0,
        "EBITDA": 13941000.0,
        "EBIT": 12357000.0,
        "Normalized Income": 8202000.0,
        "Net Income From Continuing And Discontinued Operation": 8202000.0,
        "Total Expenses": 65295000.0,
        "Rent Expense Supplemental": 3455000.0,
        "Total Operating Income As Reported": 11800000.0,
        "Diluted Average Shares": NaN,
        "Basic Average Shares": NaN,
        "Diluted EPS": NaN,
        "Basic EPS": NaN,
        "Diluted NI Availto Com Stockholders": 8202000.0,
        "Net Income Common Stockholders": 8202000.0,
        "Net Income": 8202000.0,
        "Net Income Including Noncontrolling Interests": 8202000.0,
        "Net Income Continuous Operations": 8202000.0,
        "Tax Provision": 3562000.0,
        "Pretax Income": 11764000.0,
        "Other Income Expense": -593000.0,
        "Other Non Operating Income Expenses": -36000.0,
        "Special Income Charges": NaN,
        "Restructuring And Mergern Acquisition": NaN,
        "Operating Income": 12357000.0,
        "Operating Expense": 43650000.0,
        "Depreciation Amortization Depletion Income Statement": NaN,
        "Depreciation And Amortization In Income Statement": NaN,
        "Amortization": NaN,
        "Amortization Of Intangibles Income Statement": NaN,
        "Research And Development": 1793000.0,
        "Selling General And Administration": 41781000.0,
        "Selling And Marketing Expense": 26581000.0,
        "General And Administrative Expense": 15200000.0,
        "Other Gand A": 15200000.0,
        "Gross Profit": 56007000.0,
        "Cost Of Revenue": 21645000.0,
        "Total Revenue": 77652000.0,
        "Operating Revenue": 77652000.0
    },
    "2024-03-31": {
        "Tax Effect Of Unusual Items": 0.0,
        "Tax Rate For Calcs": 0.214,
        "Normalized EBITDA": -1330000.0,
        "Total Unusual Items": NaN,
        "Total Unusual Items Excluding Goodwill": NaN,
        "Net Income From Continuing Operation Net Minority Interest": -2209000.0,
        "Reconciled Depreciation": 1634000.0,
        "Reconciled Cost Of Revenue": 16657000.0,
        "EBITDA": -1330000.0,
        "EBIT": -2964000.0,
        "Normalized Income": -2209000.0,
        "Net Income From Continuing And Discontinued Operation": -2209000.0,
        "Total Expenses": 64052000.0,
        "Rent Expense Supplemental": 2715000.0,
        "Total Operating Income As Reported": -2964000.0,
        "Diluted Average Shares": 23665829.0,
        "Basic Average Shares": 23665829.0,
        "Diluted EPS": -0.09,
        "Basic EPS": -0.09,
        "Diluted NI Availto Com Stockholders": -2209000.0,
        "Net Income Common Stockholders": -2209000.0,
        "Net Income": -2209000.0,
        "Net Income Including Noncontrolling Interests": -2209000.0,
        "Net Income Continuous Operations": -2209000.0,
        "Tax Provision": -600000.0,
        "Pretax Income": -2809000.0,
        "Other Income Expense": 155000.0,
        "Other Non Operating Income Expenses": 155000.0,
        "Special Income Charges": NaN,
        "Restructuring And Mergern Acquisition": NaN,
        "Operating Income": -2964000.0,
        "Operating Expense": 46393000.0,
        "Depreciation Amortization Depletion Income Statement": 632000.0,
        "Depreciation And Amortization In Income Statement": 632000.0,
        "Amortization": 632000.0,
        "Amortization Of Intangibles Income Statement": 632000.0,
        "Research And Development": 2143000.0,
        "Selling General And Administration": 43618000.0,
        "Selling And Marketing Expense": 27357000.0,
        "General And Administrative Expense": 16261000.0,
        "Other Gand A": 16261000.0,
        "Gross Profit": 43429000.0,
        "Cost Of Revenue": 17659000.0,
        "Total Revenue": 61088000.0,
        "Operating Revenue": 61088000.0
    },
    "2024-06-30": {
        "Tax Effect Of Unusual Items": 0.0,
        "Tax Rate For Calcs": 0.292,
        "Normalized EBITDA": 7560000.0,
        "Total Unusual Items": NaN,
        "Total Unusual Items Excluding Goodwill": NaN,
        "Net Income From Continuing Operation Net Minority Interest": 4298000.0,
        "Reconciled Depreciation": 1711000.0,
        "Reconciled Cost Of Revenue": 18037000.0,
        "EBITDA": 7560000.0,
        "EBIT": 5849000.0,
        "Normalized Income": 4298000.0,
        "Net Income From Continuing And Discontinued Operation": 4298000.0,
        "Total Expenses": 67369000.0,
        "Rent Expense Supplemental": 2852000.0,
        "Total Operating Income As Reported": 5849000.0,
        "Diluted Average Shares": 24099047.0,
        "Basic Average Shares": 23873379.0,
        "Diluted EPS": 0.18,
        "Basic EPS": 0.18,
        "Diluted NI Availto Com Stockholders": 4298000.0,
        "Net Income Common Stockholders": 4298000.0,
        "Net Income": 4298000.0,
        "Net Income Including Noncontrolling Interests": 4298000.0,
        "Net Income Continuous Operations": 4298000.0,
        "Tax Provision": 1776000.0,
        "Pretax Income": 6074000.0,
        "Other Income Expense": 225000.0,
        "Other Non Operating Income Expenses": 225000.0,
        "Special Income Charges": NaN,
        "Restructuring And Mergern Acquisition": NaN,
        "Operating Income": 5849000.0,
        "Operating Expense": 48254000.0,
        "Depreciation Amortization Depletion Income Statement": 633000.0,
        "Depreciation And Amortization In Income Statement": 633000.0,
        "Amortization": 633000.0,
        "Amortization Of Intangibles Income Statement": 633000.0,
        "Research And Development": 2234000.0,
        "Selling General And Administration": 45387000.0,
        "Selling And Marketing Expense": 28608000.0,
        "General And Administrative Expense": 16779000.0,
        "Other Gand A": 16779000.0,
        "Gross Profit": 54103000.0,
        "Cost Of Revenue": 19115000.0,
        "Total Revenue": 73218000.0,
        "Operating Revenue": 73218000.0
    },
    "2024-09-30": {
        "Tax Effect Of Unusual Items": 0.0,
        "Tax Rate For Calcs": 0.287,
        "Normalized EBITDA": 8515000.0,
        "Total Unusual Items": NaN,
        "Total Unusual Items Excluding Goodwill": NaN,
        "Net Income From Continuing Operation Net Minority Interest": 5155000.0,
        "Reconciled Depreciation": 1734000.0,
        "Reconciled Cost Of Revenue": 17205000.0,
        "EBITDA": 8515000.0,
        "EBIT": 6781000.0,
        "Normalized Income": 5155000.0,
        "Net Income From Continuing And Discontinued Operation": 5155000.0,
        "Total Expenses": 66312000.0,
        "Rent Expense Supplemental": 2703000.0,
        "Total Operating Income As Reported": 6781000.0,
        "Diluted Average Shares": 24254176.0,
        "Basic Average Shares": 23985364.0,
        "Diluted EPS": 0.21,
        "Basic EPS": 0.21,
        "Diluted NI Availto Com Stockholders": 5155000.0,
        "Net Income Common Stockholders": 5155000.0,
        "Net Income": 5155000.0,
        "Net Income Including Noncontrolling Interests": 5155000.0,
        "Net Income Continuous Operations": 5155000.0,
        "Tax Provision": 2078000.0,
        "Pretax Income": 7233000.0,
        "Other Income Expense": 452000.0,
        "Other Non Operating Income Expenses": 452000.0,
        "Special Income Charges": NaN,
        "Restructuring And Mergern Acquisition": NaN,
        "Operating Income": 6781000.0,
        "Operating Expense": 48006000.0,
        "Depreciation Amortization Depletion Income Statement": 633000.0,
        "Depreciation And Amortization In Income Statement": 633000.0,
        "Amortization": 633000.0,
        "Amortization Of Intangibles Income Statement": 633000.0,
        "Research And Development": 2417000.0,
        "Selling General And Administration": 44956000.0,
        "Selling And Marketing Expense": 26838000.0,
        "General And Administrative Expense": 18118000.0,
        "Other Gand A": 18118000.0,
        "Gross Profit": 54787000.0,
        "Cost Of Revenue": 18306000.0,
        "Total Revenue": 73093000.0,
        "Operating Revenue": 73093000.0
    }
}