{
    "2023-03-31": {
        "Tax Effect Of Unusual Items": 349600.0,
        "Tax Rate For Calcs": 0.08,
        "Normalized EBITDA": -5823000.0,
        "Total Unusual Items": 4370000.0,
        "Total Unusual Items Excluding Goodwill": 4370000.0,
        "Net Income From Continuing Operation Net Minority Interest": -19083000.0,
        "Reconciled Depreciation": 11460000.0,
        "Reconciled Cost Of Revenue": 57555000.0,
        "EBITDA": -1453000.0,
        "EBIT": -12913000.0,
        "Net Interest Income": -7880000.0,
        "Interest Expense": 7880000.0,
        "Interest Income": NaN,
        "Normalized Income": -23103400.0,
        "Net Income From Continuing And Discontinued Operation": -19083000.0,
        "Total Expenses": 97713000.0,
        "Total Operating Income As Reported": -17283000.0,
        "Diluted Average Shares": 10806321.0,
        "Basic Average Shares": 10806321.0,
        "Diluted EPS": -1.77,
        "Basic EPS": -1.77,
        "Diluted NI Availto Com Stockholders": -19083000.0,
        "Net Income Common Stockholders": -19083000.0,
        "Net Income": -19083000.0,
        "Net Income Including Noncontrolling Interests": -19083000.0,
        "Net Income Continuous Operations": -19083000.0,
        "Tax Provision": -1710000.0,
        "Pretax Income": -20793000.0,
        "Other Income Expense": 4370000.0,
        "Other Non Operating Income Expenses": NaN,
        "Special Income Charges": 4370000.0,
        "Gain On Sale Of Ppe": 4370000.0,
        "Other Special Charges": NaN,
        "Gain On Sale Of Security": NaN,
        "Net Non Operating Interest Income Expense": -7880000.0,
        "Interest Expense Non Operating": 7880000.0,
        "Interest Income Non Operating": NaN,
        "Operating Income": -17283000.0,
        "Operating Expense": 31344000.0,
        "Depreciation Amortization Depletion Income Statement": 2646000.0,
        "Depreciation And Amortization In Income Statement": 2646000.0,
        "Amortization": 2494000.0,
        "Amortization Of Intangibles Income Statement": 2494000.0,
        "Depreciation Income Statement": 152000.0,
        "Research And Development": 4815000.0,
        "Selling General And Administration": 23883000.0,
        "Selling And Marketing Expense": 15737000.0,
        "General And Administrative Expense": 8146000.0,
        "Other Gand A": 8146000.0,
        "Gross Profit": 14061000.0,
        "Cost Of Revenue": 66369000.0,
        "Total Revenue": 80430000.0,
        "Operating Revenue": 80430000.0
    },
    "2022-12-31": {
        "Tax Effect Of Unusual Items": NaN,
        "Tax Rate For Calcs": NaN,
        "Normalized EBITDA": NaN,
        "Total Unusual Items": NaN,
        "Total Unusual Items Excluding Goodwill": NaN,
        "Net Income From Continuing Operation Net Minority Interest": NaN,
        "Reconciled Depreciation": NaN,
        "Reconciled Cost Of Revenue": NaN,
        "EBITDA": NaN,
        "EBIT": NaN,
        "Net Interest Income": NaN,
        "Interest Expense": NaN,
        "Interest Income": NaN,
        "Normalized Income": NaN,
        "Net Income From Continuing And Discontinued Operation": NaN,
        "Total Expenses": NaN,
        "Total Operating Income As Reported": NaN,
        "Diluted Average Shares": NaN,
        "Basic Average Shares": NaN,
        "Diluted EPS": NaN,
        "Basic EPS": NaN,
        "Diluted NI Availto Com Stockholders": NaN,
        "Net Income Common Stockholders": NaN,
        "Net Income": NaN,
        "Net Income Including Noncontrolling Interests": NaN,
        "Net Income Continuous Operations": NaN,
        "Tax Provision": NaN,
        "Pretax Income": NaN,
        "Other Income Expense": NaN,
        "Other Non Operating Income Expenses": -49000.0,
        "Special Income Charges": NaN,
        "Gain On Sale Of Ppe": NaN,
        "Other Special Charges": NaN,
        "Gain On Sale Of Security": NaN,
        "Net Non Operating Interest Income Expense": NaN,
        "Interest Expense Non Operating": NaN,
        "Interest Income Non Operating": NaN,
        "Operating Income": NaN,
        "Operating Expense": NaN,
        "Depreciation Amortization Depletion Income Statement": NaN,
        "Depreciation And Amortization In Income Statement": NaN,
        "Amortization": NaN,
        "Amortization Of Intangibles Income Statement": NaN,
        "Depreciation Income Statement": NaN,
        "Research And Development": NaN,
        "Selling General And Administration": NaN,
        "Selling And Marketing Expense": NaN,
        "General And Administrative Expense": NaN,
        "Other Gand A": NaN,
        "Gross Profit": NaN,
        "Cost Of Revenue": NaN,
        "Total Revenue": NaN,
        "Operating Revenue": NaN
    },
    "2022-09-30": {
        "Tax Effect Of Unusual Items": NaN,
        "Tax Rate For Calcs": NaN,
        "Normalized EBITDA": NaN,
        "Total Unusual Items": NaN,
        "Total Unusual Items Excluding Goodwill": NaN,
        "Net Income From Continuing Operation Net Minority Interest": NaN,
        "Reconciled Depreciation": NaN,
        "Reconciled Cost Of Revenue": NaN,
        "EBITDA": NaN,
        "EBIT": NaN,
        "Net Interest Income": NaN,
        "Interest Expense": NaN,
        "Normalized Income": NaN,
        "Net Income From Continuing And Discontinued Operation": NaN,
        "Total Expenses": NaN,
        "Total Operating Income As Reported": NaN,
        "Diluted Average Shares": 10779348.0,
        "Basic Average Shares": 10779348.0,
        "Diluted EPS": -0.74,
        "Basic EPS": -0.74,
        "Diluted NI Availto Com Stockholders": NaN,
        "Net Income Common Stockholders": NaN,
        "Net Income": NaN,
        "Net Income Including Noncontrolling Interests": NaN,
        "Net Income Continuous Operations": NaN,
        "Tax Provision": NaN,
        "Pretax Income": NaN,
        "Other Income Expense": NaN,
        "Other Non Operating Income Expenses": -27000.0,
        "Special Income Charges": NaN,
        "Gain On Sale Of Ppe": NaN,
        "Other Special Charges": NaN,
        "Gain On Sale Of Security": NaN,
        "Net Non Operating Interest Income Expense": NaN,
        "Interest Expense Non Operating": NaN,
        "Operating Income": NaN,
        "Operating Expense": NaN,
        "Depreciation Amortization Depletion Income Statement": NaN,
        "Depreciation And Amortization In Income Statement": NaN,
        "Amortization": NaN,
        "Amortization Of Intangibles Income Statement": NaN,
        "Depreciation Income Statement": NaN,
        "Research And Development": NaN,
        "Selling General And Administration": NaN,
        "Selling And Marketing Expense": NaN,
        "General And Administrative Expense": NaN,
        "Other Gand A": NaN,
        "Gross Profit": NaN,
        "Cost Of Revenue": NaN,
        "Total Revenue": NaN,
        "Operating Revenue": NaN
    },
    "2022-06-30": {
        "Tax Effect Of Unusual Items": 1770000.0,
        "Tax Rate For Calcs": 0.4,
        "Normalized EBITDA": 5188000.0,
        "Total Unusual Items": 4425000.0,
        "Total Unusual Items Excluding Goodwill": 4425000.0,
        "Net Income From Continuing Operation Net Minority Interest": -3125000.0,
        "Reconciled Depreciation": 9578000.0,
        "Reconciled Cost Of Revenue": 54064000.0,
        "EBITDA": 9613000.0,
        "EBIT": 35000.0,
        "Net Interest Income": -2422000.0,
        "Interest Expense": 2422000.0,
        "Normalized Income": -5780000.0,
        "Net Income From Continuing And Discontinued Operation": -3125000.0,
        "Total Expenses": 87424000.0,
        "Total Operating Income As Reported": -4435000.0,
        "Diluted Average Shares": 10765595.0,
        "Basic Average Shares": 10765595.0,
        "Diluted EPS": -0.29,
        "Basic EPS": -0.29,
        "Diluted NI Availto Com Stockholders": -3125000.0,
        "Net Income Common Stockholders": -3125000.0,
        "Net Income": -3125000.0,
        "Net Income Including Noncontrolling Interests": -3125000.0,
        "Net Income Continuous Operations": -3125000.0,
        "Tax Provision": 738000.0,
        "Pretax Income": -2387000.0,
        "Other Income Expense": 4375000.0,
        "Other Non Operating Income Expenses": -50000.0,
        "Special Income Charges": 4425000.0,
        "Gain On Sale Of Ppe": 4425000.0,
        "Gain On Sale Of Security": NaN,
        "Net Non Operating Interest Income Expense": -2422000.0,
        "Interest Expense Non Operating": 2422000.0,
        "Operating Income": -4340000.0,
        "Operating Expense": 26393000.0,
        "Depreciation Amortization Depletion Income Statement": 2611000.0,
        "Depreciation And Amortization In Income Statement": 2611000.0,
        "Amortization": 2465000.0,
        "Amortization Of Intangibles Income Statement": 2465000.0,
        "Depreciation Income Statement": 146000.0,
        "Research And Development": 3465000.0,
        "Selling General And Administration": 20317000.0,
        "Selling And Marketing Expense": 13503000.0,
        "General And Administrative Expense": 6814000.0,
        "Other Gand A": 6814000.0,
        "Gross Profit": 22053000.0,
        "Cost Of Revenue": 61031000.0,
        "Total Revenue": 83084000.0,
        "Operating Revenue": 83084000.0
    },
    "2023-06-30": {
        "Tax Effect Of Unusual Items": -941310.0,
        "Tax Rate For Calcs": 0.09,
        "Normalized EBITDA": -1410000.0,
        "Total Unusual Items": -10459000.0,
        "Total Unusual Items Excluding Goodwill": -10459000.0,
        "Net Income From Continuing Operation Net Minority Interest": -30968000.0,
        "Reconciled Depreciation": 11516000.0,
        "Reconciled Cost Of Revenue": 57810000.0,
        "EBITDA": -11869000.0,
        "EBIT": -23385000.0,
        "Net Interest Income": -10501000.0,
        "Interest Expense": 10608000.0,
        "Interest Income": 107000.0,
        "Normalized Income": -21450310.0,
        "Net Income From Continuing And Discontinued Operation": -30968000.0,
        "Total Expenses": 98011000.0,
        "Total Operating Income As Reported": -13101000.0,
        "Diluted Average Shares": 10836652.0,
        "Basic Average Shares": 10836652.0,
        "Diluted EPS": -2.86,
        "Basic EPS": -2.86,
        "Diluted NI Availto Com Stockholders": -30968000.0,
        "Net Income Common Stockholders": -30968000.0,
        "Net Income": -30968000.0,
        "Net Income Including Noncontrolling Interests": -30968000.0,
        "Net Income Continuous Operations": -30968000.0,
        "Tax Provision": -3025000.0,
        "Pretax Income": -33993000.0,
        "Other Income Expense": -10459000.0,
        "Other Non Operating Income Expenses": NaN,
        "Special Income Charges": -10391000.0,
        "Gain On Sale Of Ppe": 4289000.0,
        "Other Special Charges": 14680000.0,
        "Gain On Sale Of Security": -68000.0,
        "Net Non Operating Interest Income Expense": -10501000.0,
        "Interest Expense Non Operating": 10608000.0,
        "Interest Income Non Operating": 107000.0,
        "Operating Income": -13033000.0,
        "Operating Expense": 31065000.0,
        "Depreciation Amortization Depletion Income Statement": 2380000.0,
        "Depreciation And Amortization In Income Statement": 2380000.0,
        "Amortization": 2230000.0,
        "Amortization Of Intangibles Income Statement": 2230000.0,
        "Depreciation Income Statement": 150000.0,
        "Research And Development": 4581000.0,
        "Selling General And Administration": 24104000.0,
        "Selling And Marketing Expense": 16020000.0,
        "General And Administrative Expense": 8084000.0,
        "Other Gand A": 8084000.0,
        "Gross Profit": 18032000.0,
        "Cost Of Revenue": 66946000.0,
        "Total Revenue": 84978000.0,
        "Operating Revenue": 84978000.0
    },
    "2022-03-31": {
        "Diluted EPS": -0.28,
        "Total Revenue": 81,
        "Gross Profit": 21,
        "Operating Income": -5,
        "EBIT": 4,
        "Net Income": -3
    },
    "2021-12-31": {
        "Diluted EPS": -0.19,
        "Total Revenue": 82,
        "Gross Profit": 25,
        "Operating Income": -1,
        "EBIT": 6,
        "Net Income": -2
    },
    "2021-09-30": {
        "Diluted EPS": 0.13,
        "Total Revenue": 76,
        "Gross Profit": 18,
        "Operating Income": -3,
        "EBIT": 4,
        "Net Income": 1
    },
    "2021-06-30": {
        "Diluted EPS": 0.17,
        "Total Revenue": 75,
        "Gross Profit": 18,
        "Operating Income": -2,
        "EBIT": 4,
        "Net Income": 2
    },
    "2021-03-31": {
        "Diluted EPS": 0.2,
        "Total Revenue": 71,
        "Gross Profit": 17,
        "Operating Income": -1,
        "EBIT": 5,
        "Net Income": 2
    },
    "2020-12-31": {
        "Diluted EPS": 0.2,
        "Total Revenue": 71,
        "Gross Profit": 17,
        "Operating Income": -1,
        "EBIT": 5,
        "Net Income": 2
    },
    "2020-09-30": {
        "Diluted EPS": 0.07,
        "Total Revenue": 74,
        "Gross Profit": 20,
        "Operating Income": 1,
        "EBIT": 7,
        "Net Income": 1
    },
    "2020-06-30": {
        "Diluted EPS": 0.01,
        "Total Revenue": 82,
        "Gross Profit": 23,
        "Operating Income": 2,
        "EBIT": 8,
        "Net Income": 0
    },
    "2020-03-31": {
        "Diluted EPS": 0.26,
        "Total Revenue": 84,
        "Gross Profit": 25,
        "Operating Income": 5,
        "EBIT": 12,
        "Net Income": 3
    },
    "2019-12-31": {
        "Diluted EPS": 0.54,
        "Total Revenue": 86,
        "Gross Profit": 26,
        "Operating Income": 10,
        "EBIT": 15,
        "Net Income": 6
    },
    "2019-09-30": {
        "Diluted EPS": 0.39,
        "Total Revenue": 88,
        "Gross Profit": 28,
        "Operating Income": 9,
        "EBIT": 14,
        "Net Income": 4
    },
    "2019-06-30": {
        "Diluted EPS": 0.24,
        "Total Revenue": 84,
        "Gross Profit": 25,
        "Operating Income": 6,
        "EBIT": 11,
        "Net Income": 3
    },
    "2019-03-31": {
        "Diluted EPS": 0.26,
        "Total Revenue": 79,
        "Gross Profit": 23,
        "Operating Income": 5,
        "EBIT": 9,
        "Net Income": 3
    },
    "2018-12-31": {
        "Diluted EPS": 0.41,
        "Total Revenue": 86,
        "Gross Profit": 28,
        "Operating Income": 10,
        "EBIT": 14,
        "Net Income": 4
    },
    "2018-09-30": {
        "Diluted EPS": 0.5,
        "Total Revenue": 84,
        "Gross Profit": 24,
        "Operating Income": 8,
        "EBIT": 11,
        "Net Income": 5
    },
    "2018-06-30": {
        "Diluted EPS": 0.33,
        "Total Revenue": 81,
        "Gross Profit": 22,
        "Operating Income": 6,
        "EBIT": 9,
        "Net Income": 4
    },
    "2018-03-31": {
        "Diluted EPS": 0.35,
        "Total Revenue": 96,
        "Gross Profit": 23,
        "Operating Income": 6,
        "EBIT": 9,
        "Net Income": 4
    },
    "2017-12-31": {
        "Diluted EPS": 1.03,
        "Total Revenue": 91,
        "Gross Profit": 26,
        "Operating Income": 11,
        "EBIT": 14,
        "Net Income": 11
    },
    "2017-09-30": {
        "Diluted EPS": 0.32,
        "Total Revenue": 85,
        "Gross Profit": 20,
        "Operating Income": 6,
        "EBIT": 9,
        "Net Income": 3
    },
    "2017-06-30": {
        "Diluted EPS": 0.49,
        "Total Revenue": 84,
        "Gross Profit": 21,
        "Operating Income": 7,
        "EBIT": 10,
        "Net Income": 5
    },
    "2017-03-31": {
        "Diluted EPS": 0.23,
        "Total Revenue": 70,
        "Gross Profit": 17,
        "Operating Income": 3,
        "EBIT": 6,
        "Net Income": 2
    },
    "2016-12-31": {
        "Diluted EPS": 0.26,
        "Total Revenue": 49,
        "Gross Profit": 16,
        "Operating Income": 5,
        "EBIT": 6,
        "Net Income": 3
    },
    "2016-09-30": {
        "Diluted EPS": 0.45,
        "Total Revenue": 49,
        "Gross Profit": 17,
        "Operating Income": 7,
        "EBIT": 8,
        "Net Income": 5
    },
    "2016-06-30": {
        "Diluted EPS": 0.38,
        "Total Revenue": 47,
        "Gross Profit": 16,
        "Operating Income": 6,
        "EBIT": 7,
        "Net Income": 4
    },
    "2016-03-31": {
        "Diluted EPS": 0.41,
        "Total Revenue": 45,
        "Gross Profit": 14,
        "Operating Income": 6,
        "EBIT": 7,
        "Net Income": 4
    },
    "2015-12-31": {
        "Diluted EPS": 0.28,
        "Total Revenue": 44,
        "Gross Profit": 13,
        "Operating Income": 5,
        "EBIT": 5,
        "Net Income": 3
    },
    "2015-09-30": {
        "Diluted EPS": 0.28,
        "Total Revenue": 44,
        "Gross Profit": 14,
        "Operating Income": 5,
        "EBIT": 6,
        "Net Income": 3
    },
    "2015-06-30": {
        "Diluted EPS": 0.2,
        "Total Revenue": 43,
        "Gross Profit": 13,
        "Operating Income": 4,
        "EBIT": 4,
        "Net Income": 2
    },
    "2015-03-31": {
        "Diluted EPS": 0.24,
        "Total Revenue": 40,
        "Gross Profit": 12,
        "Operating Income": 4,
        "EBIT": 5,
        "Net Income": 3
    },
    "2014-12-31": {
        "Diluted EPS": 0.16,
        "Total Revenue": 38,
        "Gross Profit": 10,
        "Operating Income": 3,
        "EBIT": 3,
        "Net Income": 2
    },
    "2014-09-30": {
        "Diluted EPS": 0.23,
        "Total Revenue": 39,
        "Gross Profit": 12,
        "Operating Income": 4,
        "EBIT": 4,
        "Net Income": 3
    },
    "2014-06-30": {
        "Diluted EPS": 0.11,
        "Total Revenue": 36,
        "Gross Profit": 10,
        "Operating Income": 2,
        "EBIT": 3,
        "Net Income": 1
    },
    "2014-03-31": {
        "Diluted EPS": 0.04,
        "Total Revenue": 34,
        "Gross Profit": 9,
        "Operating Income": 1,
        "EBIT": 1,
        "Net Income": 0
    },
    "2013-12-31": {
        "Diluted EPS": 0.08,
        "Total Revenue": 33,
        "Gross Profit": 8,
        "Operating Income": 1,
        "EBIT": 2,
        "Net Income": 1
    },
    "2013-09-30": {
        "Diluted EPS": 0.23,
        "Total Revenue": 36,
        "Gross Profit": 10,
        "Operating Income": 4,
        "EBIT": 4,
        "Net Income": 3
    },
    "2013-06-30": {
        "Diluted EPS": 0.05,
        "Total Revenue": 31,
        "Gross Profit": 7,
        "Operating Income": 1,
        "EBIT": 1,
        "Net Income": 1
    },
    "2013-03-31": {
        "Diluted EPS": 0.01,
        "Total Revenue": 30,
        "Gross Profit": 6,
        "Operating Income": 0,
        "EBIT": 1,
        "Net Income": 0
    },
    "2012-12-31": {
        "Diluted EPS": 0.08,
        "Total Revenue": 30,
        "Gross Profit": 6,
        "Operating Income": 1,
        "EBIT": 1,
        "Net Income": 0
    },
    "2012-09-30": {
        "Diluted EPS": 0.12,
        "Total Revenue": 29,
        "Gross Profit": 6,
        "Operating Income": 2,
        "EBIT": 3,
        "Net Income": 2
    },
    "2012-06-30": {
        "Diluted EPS": 0.04,
        "Total Revenue": 28,
        "Gross Profit": 7,
        "Operating Income": 1,
        "EBIT": 2,
        "Net Income": 1
    },
    "2012-03-31": {
        "Diluted EPS": 0.12,
        "Total Revenue": 28,
        "Gross Profit": 7,
        "Operating Income": 2,
        "EBIT": 2,
        "Net Income": 2
    },
    "2011-12-31": {
        "Diluted EPS": 0.44,
        "Total Revenue": 26,
        "Gross Profit": 7,
        "Operating Income": 3,
        "EBIT": 3,
        "Net Income": 6
    },
    "2011-09-30": {
        "Diluted EPS": -0.08,
        "Total Revenue": 25,
        "Gross Profit": 6,
        "Operating Income": -1,
        "EBIT": 0,
        "Net Income": -1
    },
    "2011-06-30": {
        "Diluted EPS": 0.04,
        "Total Revenue": 23,
        "Gross Profit": 5,
        "Operating Income": 1,
        "EBIT": 1,
        "Net Income": 1
    },
    "2011-03-31": {
        "Diluted EPS": 0.04,
        "Total Revenue": 23,
        "Gross Profit": 5,
        "Operating Income": 1,
        "EBIT": 1,
        "Net Income": 1
    },
    "2010-12-31": {
        "Diluted EPS": 0.08,
        "Total Revenue": 22,
        "Gross Profit": 5,
        "Operating Income": 1,
        "EBIT": 2,
        "Net Income": 1
    },
    "2010-09-30": {
        "Diluted EPS": 0.08,
        "Total Revenue": 21,
        "Gross Profit": 5,
        "Operating Income": 1,
        "EBIT": 2,
        "Net Income": 1
    },
    "2010-06-30": {
        "Diluted EPS": -0.04,
        "Total Revenue": 21,
        "Gross Profit": 5,
        "Operating Income": -1,
        "EBIT": 0,
        "Net Income": -1
    },
    "2010-03-31": {
        "Diluted EPS": 0.04,
        "Total Revenue": 20,
        "Gross Profit": 5,
        "Operating Income": 1,
        "EBIT": 2,
        "Net Income": 1
    },
    "2009-12-31": {
        "Diluted EPS": 0.08,
        "Total Revenue": 20,
        "Gross Profit": 5,
        "Operating Income": 1,
        "EBIT": 2,
        "Net Income": 2
    },
    "2009-09-30": {
        "Diluted EPS": 0.32,
        "Total Revenue": 20,
        "Gross Profit": 5,
        "Operating Income": 3,
        "EBIT": 4,
        "Net Income": 5
    },
    "2009-06-30": {
        "Diluted EPS": 0.24,
        "Total Revenue": 20,
        "Gross Profit": 5,
        "Operating Income": 2,
        "EBIT": 3,
        "Net Income": 4
    },
    "2009-03-31": {
        "Diluted EPS": 0.04,
        "Total Revenue": 20,
        "Gross Profit": 6,
        "Operating Income": 1,
        "EBIT": 2,
        "Net Income": 1
    },
    "2023-09-30": {
        "Tax Effect Of Unusual Items": 128490.0,
        "Tax Rate For Calcs": 0.03,
        "Normalized EBITDA": -5243000.0,
        "Total Unusual Items": 4283000.0,
        "Total Unusual Items Excluding Goodwill": 4283000.0,
        "Net Income From Continuing Operation Net Minority Interest": -22772000.0,
        "Reconciled Depreciation": 11895000.0,
        "Reconciled Cost Of Revenue": 60702000.0,
        "EBITDA": -960000.0,
        "EBIT": -12855000.0,
        "Net Interest Income": -10739000.0,
        "Interest Expense": 10739000.0,
        "Interest Income": NaN,
        "Normalized Income": -26926510.0,
        "Net Income From Continuing And Discontinued Operation": -22772000.0,
        "Total Expenses": 104109000.0,
        "Total Operating Income As Reported": -17167000.0,
        "Diluted Average Shares": 10874659.0,
        "Basic Average Shares": 10874659.0,
        "Diluted EPS": -2.09,
        "Basic EPS": -2.09,
        "Diluted NI Availto Com Stockholders": -22772000.0,
        "Net Income Common Stockholders": -22772000.0,
        "Net Income": -22772000.0,
        "Net Income Including Noncontrolling Interests": -22772000.0,
        "Net Income Continuous Operations": -22772000.0,
        "Tax Provision": -822000.0,
        "Pretax Income": -23594000.0,
        "Other Income Expense": 4283000.0,
        "Other Non Operating Income Expenses": NaN,
        "Special Income Charges": 4312000.0,
        "Gain On Sale Of Ppe": 4312000.0,
        "Other Special Charges": NaN,
        "Gain On Sale Of Security": -29000.0,
        "Net Non Operating Interest Income Expense": -10739000.0,
        "Interest Expense Non Operating": 10739000.0,
        "Interest Income Non Operating": NaN,
        "Operating Income": -17138000.0,
        "Operating Expense": 33891000.0,
        "Depreciation Amortization Depletion Income Statement": 2379000.0,
        "Depreciation And Amortization In Income Statement": 2379000.0,
        "Amortization": 2242000.0,
        "Amortization Of Intangibles Income Statement": 2242000.0,
        "Depreciation Income Statement": 137000.0,
        "Research And Development": 4818000.0,
        "Selling General And Administration": 26694000.0,
        "Selling And Marketing Expense": 17295000.0,
        "General And Administrative Expense": 9399000.0,
        "Other Gand A": 9399000.0,
        "Gross Profit": 16753000.0,
        "Cost Of Revenue": 70218000.0,
        "Total Revenue": 86971000.0,
        "Operating Revenue": 86971000.0
    },
    "2024-03-31": {
        "Tax Effect Of Unusual Items": 543150.0,
        "Tax Rate For Calcs": 0.15,
        "Normalized EBITDA": -4786000.0,
        "Total Unusual Items": 3621000.0,
        "Total Unusual Items Excluding Goodwill": 3621000.0,
        "Net Income From Continuing Operation Net Minority Interest": -26484000.0,
        "Reconciled Depreciation": 11666000.0,
        "Reconciled Cost Of Revenue": 58911000.0,
        "EBITDA": -1165000.0,
        "EBIT": -12831000.0,
        "Net Interest Income": -11879000.0,
        "Interest Expense": 11879000.0,
        "Interest Income": NaN,
        "Normalized Income": -29561850.0,
        "Net Income From Continuing And Discontinued Operation": -26484000.0,
        "Total Expenses": 103976000.0,
        "Total Operating Income As Reported": -16519000.0,
        "Diluted Average Shares": 10923599.0,
        "Basic Average Shares": 10923599.0,
        "Diluted EPS": -2.42,
        "Basic EPS": -2.42,
        "Diluted NI Availto Com Stockholders": -26484000.0,
        "Net Income Common Stockholders": -26484000.0,
        "Net Income": -26484000.0,
        "Net Income Including Noncontrolling Interests": -26484000.0,
        "Net Income Continuous Operations": -26484000.0,
        "Tax Provision": 1774000.0,
        "Pretax Income": -24710000.0,
        "Other Income Expense": 3688000.0,
        "Other Non Operating Income Expenses": 67000.0,
        "Special Income Charges": 3621000.0,
        "Gain On Sale Of Ppe": 3621000.0,
        "Other Special Charges": NaN,
        "Gain On Sale Of Security": NaN,
        "Net Non Operating Interest Income Expense": -11879000.0,
        "Interest Expense Non Operating": 11879000.0,
        "Interest Income Non Operating": NaN,
        "Operating Income": -16519000.0,
        "Operating Expense": 34835000.0,
        "Depreciation Amortization Depletion Income Statement": 1436000.0,
        "Depreciation And Amortization In Income Statement": 1436000.0,
        "Amortization": 1314000.0,
        "Amortization Of Intangibles Income Statement": 1314000.0,
        "Depreciation Income Statement": 122000.0,
        "Research And Development": 5016000.0,
        "Selling General And Administration": 28383000.0,
        "Selling And Marketing Expense": 18565000.0,
        "General And Administrative Expense": 9818000.0,
        "Other Gand A": 9818000.0,
        "Gross Profit": 18316000.0,
        "Cost Of Revenue": 69141000.0,
        "Total Revenue": 87457000.0,
        "Operating Revenue": 87457000.0
    },
    "2024-06-30": {
        "Tax Effect Of Unusual Items": 503550.0,
        "Tax Rate For Calcs": 0.15,
        "Normalized EBITDA": 3862000.0,
        "Total Unusual Items": 3357000.0,
        "Total Unusual Items Excluding Goodwill": 3357000.0,
        "Net Income From Continuing Operation Net Minority Interest": -18604000.0,
        "Reconciled Depreciation": 11374000.0,
        "Reconciled Cost Of Revenue": 58190000.0,
        "EBITDA": 7219000.0,
        "EBIT": -4155000.0,
        "Net Interest Income": -12553000.0,
        "Interest Expense": 13229000.0,
        "Interest Income": 676000.0,
        "Normalized Income": -21457450.0,
        "Net Income From Continuing And Discontinued Operation": -18604000.0,
        "Total Expenses": 98020000.0,
        "Total Operating Income As Reported": -8597000.0,
        "Diluted Average Shares": 10954596.0,
        "Basic Average Shares": 10954596.0,
        "Diluted EPS": -1.7,
        "Basic EPS": -1.7,
        "Diluted NI Availto Com Stockholders": -18604000.0,
        "Net Income Common Stockholders": -18604000.0,
        "Net Income": -18604000.0,
        "Net Income Including Noncontrolling Interests": -18604000.0,
        "Net Income Continuous Operations": -18604000.0,
        "Tax Provision": 1220000.0,
        "Pretax Income": -17384000.0,
        "Other Income Expense": 3766000.0,
        "Other Non Operating Income Expenses": 409000.0,
        "Special Income Charges": 3357000.0,
        "Gain On Sale Of Ppe": 3357000.0,
        "Other Special Charges": NaN,
        "Gain On Sale Of Security": NaN,
        "Net Non Operating Interest Income Expense": -12553000.0,
        "Interest Expense Non Operating": 13229000.0,
        "Interest Income Non Operating": 676000.0,
        "Operating Income": -8597000.0,
        "Operating Expense": 29407000.0,
        "Depreciation Amortization Depletion Income Statement": 951000.0,
        "Depreciation And Amortization In Income Statement": 951000.0,
        "Amortization": 835000.0,
        "Amortization Of Intangibles Income Statement": 835000.0,
        "Depreciation Income Statement": 116000.0,
        "Research And Development": 4522000.0,
        "Selling General And Administration": 23934000.0,
        "Selling And Marketing Expense": 14746000.0,
        "General And Administrative Expense": 9188000.0,
        "Other Gand A": 9188000.0,
        "Gross Profit": 20810000.0,
        "Cost Of Revenue": 68613000.0,
        "Total Revenue": 89423000.0,
        "Operating Revenue": 89423000.0
    },
    "2024-09-30": {
        "Tax Effect Of Unusual Items": 577950.0,
        "Tax Rate For Calcs": 0.15,
        "Normalized EBITDA": 754000.0,
        "Total Unusual Items": 3853000.0,
        "Total Unusual Items Excluding Goodwill": 3853000.0,
        "Net Income From Continuing Operation Net Minority Interest": -22297000.0,
        "Reconciled Depreciation": 10735000.0,
        "Reconciled Cost Of Revenue": 60329000.0,
        "EBITDA": 4607000.0,
        "EBIT": -6128000.0,
        "Net Interest Income": -13095000.0,
        "Interest Expense": 13095000.0,
        "Interest Income": NaN,
        "Normalized Income": -25572050.0,
        "Net Income From Continuing And Discontinued Operation": -22297000.0,
        "Total Expenses": 102344000.0,
        "Total Operating Income As Reported": -10047000.0,
        "Diluted Average Shares": 10982820.0,
        "Basic Average Shares": 10982820.0,
        "Diluted EPS": -2.03,
        "Basic EPS": -2.03,
        "Diluted NI Availto Com Stockholders": -22297000.0,
        "Net Income Common Stockholders": -22297000.0,
        "Net Income": -22297000.0,
        "Net Income Including Noncontrolling Interests": -22297000.0,
        "Net Income Continuous Operations": -22297000.0,
        "Tax Provision": 3074000.0,
        "Pretax Income": -19223000.0,
        "Other Income Expense": 3919000.0,
        "Other Non Operating Income Expenses": 66000.0,
        "Special Income Charges": 3853000.0,
        "Gain On Sale Of Ppe": 3853000.0,
        "Other Special Charges": NaN,
        "Gain On Sale Of Security": NaN,
        "Net Non Operating Interest Income Expense": -13095000.0,
        "Interest Expense Non Operating": 13095000.0,
        "Interest Income Non Operating": NaN,
        "Operating Income": -10047000.0,
        "Operating Expense": 32235000.0,
        "Depreciation Amortization Depletion Income Statement": 955000.0,
        "Depreciation And Amortization In Income Statement": 955000.0,
        "Amortization": 843000.0,
        "Amortization Of Intangibles Income Statement": 843000.0,
        "Depreciation Income Statement": 112000.0,
        "Research And Development": 4615000.0,
        "Selling General And Administration": 26665000.0,
        "Selling And Marketing Expense": 15180000.0,
        "General And Administrative Expense": 11485000.0,
        "Other Gand A": 11485000.0,
        "Gross Profit": 22188000.0,
        "Cost Of Revenue": 70109000.0,
        "Total Revenue": 92297000.0,
        "Operating Revenue": 92297000.0
    }
}