{
    "2023-03-31": {
        "Tax Effect Of Unusual Items": 0.0,
        "Tax Rate For Calcs": 0.31,
        "Normalized EBITDA": 107000000.0,
        "Total Unusual Items": -18000000.0,
        "Total Unusual Items Excluding Goodwill": -18000000.0,
        "Net Income From Continuing Operation Net Minority Interest": 40000000.0,
        "Reconciled Depreciation": 28000000.0,
        "Reconciled Cost Of Revenue": 174000000.0,
        "EBITDA": 107000000.0,
        "EBIT": 79000000.0,
        "Net Interest Income": 0.0,
        "Interest Expense": 7000000.0,
        "Interest Income": 7000000.0,
        "Normalized Income": 40000000.0,
        "Net Income From Continuing And Discontinued Operation": 40000000.0,
        "Total Expenses": 397000000.0,
        "Total Operating Income As Reported": 79000000.0,
        "Diluted Average Shares": 103800000.0,
        "Basic Average Shares": 101400000.0,
        "Diluted EPS": 0.39,
        "Basic EPS": 0.39,
        "Diluted NI Availto Com Stockholders": 40000000.0,
        "Net Income Common Stockholders": 40000000.0,
        "Net Income": 40000000.0,
        "Net Income Including Noncontrolling Interests": 40000000.0,
        "Net Income Continuous Operations": 40000000.0,
        "Tax Provision": 18000000.0,
        "Pretax Income": 58000000.0,
        "Other Income Expense": -21000000.0,
        "Other Non Operating Income Expenses": -21000000.0,
        "Gain On Sale Of Security": -18000000.0,
        "Net Non Operating Interest Income Expense": 0.0,
        "Interest Expense Non Operating": 7000000.0,
        "Interest Income Non Operating": 7000000.0,
        "Operating Income": 79000000.0,
        "Operating Expense": 223000000.0,
        "Research And Development": 70000000.0,
        "Selling General And Administration": 153000000.0,
        "Gross Profit": 302000000.0,
        "Cost Of Revenue": 174000000.0,
        "Total Revenue": 476000000.0,
        "Operating Revenue": 476000000.0
    },
    "2022-12-31": {
        "Tax Effect Of Unusual Items": 0.0,
        "Tax Rate For Calcs": 0.21,
        "Normalized EBITDA": 44000000.0,
        "Total Unusual Items": NaN,
        "Total Unusual Items Excluding Goodwill": NaN,
        "Net Income From Continuing Operation Net Minority Interest": -7000000.0,
        "Reconciled Depreciation": 33000000.0,
        "Reconciled Cost Of Revenue": 189000000.0,
        "EBITDA": 44000000.0,
        "EBIT": 11000000.0,
        "Net Interest Income": -1000000.0,
        "Interest Expense": 7000000.0,
        "Interest Income": 6000000.0,
        "Normalized Income": -7000000.0,
        "Net Income From Continuing And Discontinued Operation": -7000000.0,
        "Total Expenses": 441000000.0,
        "Total Operating Income As Reported": 11000000.0,
        "Diluted Average Shares": 101600000.0,
        "Basic Average Shares": 101600000.0,
        "Diluted EPS": -0.07,
        "Basic EPS": -0.07,
        "Diluted NI Availto Com Stockholders": -7000000.0,
        "Net Income Common Stockholders": -7000000.0,
        "Net Income": -7000000.0,
        "Net Income Including Noncontrolling Interests": -7000000.0,
        "Net Income Continuous Operations": -7000000.0,
        "Tax Provision": 9000000.0,
        "Pretax Income": 2000000.0,
        "Other Income Expense": -9000000.0,
        "Other Non Operating Income Expenses": -9000000.0,
        "Gain On Sale Of Security": NaN,
        "Net Non Operating Interest Income Expense": -1000000.0,
        "Interest Expense Non Operating": 7000000.0,
        "Interest Income Non Operating": 6000000.0,
        "Operating Income": 11000000.0,
        "Operating Expense": 252000000.0,
        "Research And Development": 77000000.0,
        "Selling General And Administration": 175000000.0,
        "Gross Profit": 263000000.0,
        "Cost Of Revenue": 189000000.0,
        "Total Revenue": 452000000.0,
        "Operating Revenue": 452000000.0
    },
    "2022-09-30": {
        "Tax Effect Of Unusual Items": 0.0,
        "Tax Rate For Calcs": 0.2,
        "Normalized EBITDA": 53000000.0,
        "Total Unusual Items": -9000000.0,
        "Total Unusual Items Excluding Goodwill": -9000000.0,
        "Net Income From Continuing Operation Net Minority Interest": 8000000.0,
        "Reconciled Depreciation": 28000000.0,
        "Reconciled Cost Of Revenue": 158000000.0,
        "EBITDA": 53000000.0,
        "EBIT": 25000000.0,
        "Net Interest Income": -2000000.0,
        "Interest Expense": 6000000.0,
        "Interest Income": 4000000.0,
        "Normalized Income": 8000000.0,
        "Net Income From Continuing And Discontinued Operation": 8000000.0,
        "Total Expenses": 392000000.0,
        "Total Operating Income As Reported": 25000000.0,
        "Diluted Average Shares": 104700000.0,
        "Basic Average Shares": 102700000.0,
        "Diluted EPS": 0.08,
        "Basic EPS": 0.08,
        "Diluted NI Availto Com Stockholders": 8000000.0,
        "Net Income Common Stockholders": 8000000.0,
        "Net Income": 8000000.0,
        "Net Income Including Noncontrolling Interests": 8000000.0,
        "Net Income Continuous Operations": 8000000.0,
        "Tax Provision": 2000000.0,
        "Pretax Income": 10000000.0,
        "Other Income Expense": -15000000.0,
        "Other Non Operating Income Expenses": -15000000.0,
        "Gain On Sale Of Security": -9000000.0,
        "Net Non Operating Interest Income Expense": -2000000.0,
        "Interest Expense Non Operating": 6000000.0,
        "Interest Income Non Operating": 4000000.0,
        "Operating Income": 25000000.0,
        "Operating Expense": 234000000.0,
        "Research And Development": 79000000.0,
        "Selling General And Administration": 155000000.0,
        "Gross Profit": 259000000.0,
        "Cost Of Revenue": 158000000.0,
        "Total Revenue": 417000000.0,
        "Operating Revenue": 417000000.0
    },
    "2022-06-30": {
        "Tax Effect Of Unusual Items": 0.0,
        "Tax Rate For Calcs": 0.0,
        "Normalized EBITDA": 47000000.0,
        "Total Unusual Items": NaN,
        "Total Unusual Items Excluding Goodwill": NaN,
        "Net Income From Continuing Operation Net Minority Interest": -4000000.0,
        "Reconciled Depreciation": 33000000.0,
        "Reconciled Cost Of Revenue": 172000000.0,
        "EBITDA": 47000000.0,
        "EBIT": 14000000.0,
        "Net Interest Income": -2000000.0,
        "Interest Expense": 5000000.0,
        "Interest Income": 3000000.0,
        "Normalized Income": -4000000.0,
        "Net Income From Continuing And Discontinued Operation": -4000000.0,
        "Total Expenses": 416000000.0,
        "Total Operating Income As Reported": 14000000.0,
        "Diluted Average Shares": 103500000.0,
        "Basic Average Shares": 103500000.0,
        "Diluted EPS": -0.04,
        "Basic EPS": -0.04,
        "Diluted NI Availto Com Stockholders": -4000000.0,
        "Net Income Common Stockholders": -4000000.0,
        "Net Income": -4000000.0,
        "Net Income Including Noncontrolling Interests": -4000000.0,
        "Net Income Continuous Operations": -4000000.0,
        "Tax Provision": 4000000.0,
        "Pretax Income": 0.0,
        "Other Income Expense": -14000000.0,
        "Other Non Operating Income Expenses": -14000000.0,
        "Gain On Sale Of Security": NaN,
        "Net Non Operating Interest Income Expense": -2000000.0,
        "Interest Expense Non Operating": 5000000.0,
        "Interest Income Non Operating": 3000000.0,
        "Operating Income": 14000000.0,
        "Operating Expense": 244000000.0,
        "Research And Development": 81000000.0,
        "Selling General And Administration": 163000000.0,
        "Gross Profit": 258000000.0,
        "Cost Of Revenue": 172000000.0,
        "Total Revenue": 430000000.0,
        "Operating Revenue": 430000000.0
    },
    "2022-03-31": {
        "Diluted EPS": 0.33,
        "Total Revenue": 496,
        "Gross Profit": 301,
        "Operating Income": 68,
        "EBIT": 108,
        "Net Income": 36
    },
    "2021-12-31": {
        "Diluted EPS": 0.29,
        "Total Revenue": 475,
        "Gross Profit": 294,
        "Operating Income": 50,
        "EBIT": 86,
        "Net Income": 33
    },
    "2021-09-30": {
        "Diluted EPS": 0.15,
        "Total Revenue": 460,
        "Gross Profit": 275,
        "Operating Income": 30,
        "EBIT": 67,
        "Net Income": 17
    },
    "2021-06-30": {
        "Diluted EPS": 0.39,
        "Total Revenue": 491,
        "Gross Profit": 310,
        "Operating Income": 70,
        "EBIT": 107,
        "Net Income": 44
    },
    "2021-03-31": {
        "Diluted EPS": 0.47,
        "Total Revenue": 491,
        "Gross Profit": 307,
        "Operating Income": 81,
        "EBIT": 120,
        "Net Income": 53
    },
    "2020-12-31": {
        "Diluted EPS": 0.06,
        "Total Revenue": 491,
        "Gross Profit": 284,
        "Operating Income": 13,
        "EBIT": 59,
        "Net Income": 5
    },
    "2020-09-30": {
        "Diluted EPS": -0.01,
        "Total Revenue": 454,
        "Gross Profit": 254,
        "Operating Income": 1,
        "EBIT": 42,
        "Net Income": -1
    },
    "2020-06-30": {
        "Diluted EPS": -0.4,
        "Total Revenue": 457,
        "Gross Profit": 256,
        "Operating Income": 8,
        "EBIT": 51,
        "Net Income": -43
    },
    "2020-03-31": {
        "Diluted EPS": 1.51,
        "Total Revenue": 434,
        "Gross Profit": 225,
        "Operating Income": -6,
        "EBIT": 36,
        "Net Income": 168
    },
    "2019-12-31": {
        "Diluted EPS": -0.17,
        "Total Revenue": 494,
        "Gross Profit": 248,
        "Operating Income": -5,
        "EBIT": 32,
        "Net Income": -19
    },
    "2019-09-30": {
        "Diluted EPS": 0.09,
        "Total Revenue": 459,
        "Gross Profit": 247,
        "Operating Income": 10,
        "EBIT": 46,
        "Net Income": 10
    },
    "2019-06-30": {
        "Diluted EPS": -0.01,
        "Total Revenue": 478,
        "Gross Profit": 236,
        "Operating Income": 10,
        "EBIT": 50,
        "Net Income": -1
    },
    "2019-03-31": {
        "Diluted EPS": -0.09,
        "Total Revenue": 468,
        "Gross Profit": 224,
        "Operating Income": -5,
        "EBIT": 32,
        "Net Income": -10
    },
    "2018-12-31": {
        "Diluted EPS": 0.13,
        "Total Revenue": 588,
        "Gross Profit": 289,
        "Operating Income": 23,
        "EBIT": 58,
        "Net Income": 15
    },
    "2018-09-30": {
        "Diluted EPS": 0.15,
        "Total Revenue": 526,
        "Gross Profit": 264,
        "Operating Income": 14,
        "EBIT": 45,
        "Net Income": 18
    },
    "2018-06-30": {
        "Diluted EPS": 0.03,
        "Total Revenue": 544,
        "Gross Profit": 250,
        "Operating Income": 10,
        "EBIT": 40,
        "Net Income": 4
    },
    "2018-03-31": {
        "Diluted EPS": -0.06,
        "Total Revenue": 506,
        "Gross Profit": 223,
        "Operating Income": -4,
        "EBIT": 30,
        "Net Income": -7
    },
    "2017-12-31": {
        "Diluted EPS": -0.58,
        "Total Revenue": 626,
        "Gross Profit": 307,
        "Operating Income": 60,
        "EBIT": 95,
        "Net Income": -74
    },
    "2017-09-30": {
        "Diluted EPS": 0.1,
        "Total Revenue": 526,
        "Gross Profit": 250,
        "Operating Income": 9,
        "EBIT": 42,
        "Net Income": 13
    },
    "2017-06-30": {
        "Diluted EPS": -0.03,
        "Total Revenue": 513,
        "Gross Profit": 242,
        "Operating Income": -1,
        "EBIT": 33,
        "Net Income": -4
    },
    "2017-03-31": {
        "Diluted EPS": -0.02,
        "Total Revenue": 491,
        "Gross Profit": 225,
        "Operating Income": NaN,
        "EBIT": 36,
        "Net Income": -2
    },
    "2016-12-31": {
        "Diluted EPS": 0.45,
        "Total Revenue": 626,
        "Gross Profit": 316,
        "Operating Income": 101,
        "EBIT": 132,
        "Net Income": 58
    },
    "2016-09-30": {
        "Diluted EPS": 0.37,
        "Total Revenue": 552,
        "Gross Profit": 294,
        "Operating Income": 89,
        "EBIT": 121,
        "Net Income": 49
    },
    "2016-06-30": {
        "Diluted EPS": 0.49,
        "Total Revenue": 599,
        "Gross Profit": 310,
        "Operating Income": 87,
        "EBIT": 118,
        "Net Income": 64
    },
    "2016-03-31": {
        "Diluted EPS": -0.36,
        "Total Revenue": 545,
        "Gross Profit": 269,
        "Operating Income": -42,
        "EBIT": -8,
        "Net Income": -46
    },
    "2015-12-31": {
        "Diluted EPS": -0.36,
        "Total Revenue": 719,
        "Gross Profit": 365,
        "Operating Income": -40,
        "EBIT": 1,
        "Net Income": -49
    },
    "2015-09-30": {
        "Diluted EPS": 0.55,
        "Total Revenue": 606,
        "Gross Profit": 307,
        "Operating Income": 77,
        "EBIT": 122,
        "Net Income": 78
    },
    "2015-06-30": {
        "Diluted EPS": -1.87,
        "Total Revenue": 623,
        "Gross Profit": 327,
        "Operating Income": -262,
        "EBIT": -220,
        "Net Income": -265
    },
    "2015-03-31": {
        "Diluted EPS": 0.15,
        "Total Revenue": 582,
        "Gross Profit": 277,
        "Operating Income": 30,
        "EBIT": 72,
        "Net Income": 22
    },
    "2014-12-31": {
        "Diluted EPS": 0.76,
        "Total Revenue": 761,
        "Gross Profit": 425,
        "Operating Income": 158,
        "EBIT": 199,
        "Net Income": 118
    },
    "2014-09-30": {
        "Diluted EPS": 0.6,
        "Total Revenue": 667,
        "Gross Profit": 350,
        "Operating Income": 123,
        "EBIT": 167,
        "Net Income": 94
    },
    "2014-06-30": {
        "Diluted EPS": 0.6,
        "Total Revenue": 676,
        "Gross Profit": 371,
        "Operating Income": 133,
        "EBIT": 176,
        "Net Income": 96
    },
    "2014-03-31": {
        "Diluted EPS": 0.37,
        "Total Revenue": 628,
        "Gross Profit": 333,
        "Operating Income": 89,
        "EBIT": 130,
        "Net Income": 59
    },
    "2013-12-31": {
        "Diluted EPS": 0.68,
        "Total Revenue": 769,
        "Gross Profit": 431,
        "Operating Income": 177,
        "EBIT": 215,
        "Net Income": 112
    },
    "2013-09-30": {
        "Diluted EPS": 0.59,
        "Total Revenue": 666,
        "Gross Profit": 358,
        "Operating Income": 132,
        "EBIT": 171,
        "Net Income": 98
    },
    "2013-06-30": {
        "Diluted EPS": 0.65,
        "Total Revenue": 670,
        "Gross Profit": 379,
        "Operating Income": 147,
        "EBIT": 183,
        "Net Income": 108
    },
    "2013-03-31": {
        "Diluted EPS": 0.35,
        "Total Revenue": 587,
        "Gross Profit": 305,
        "Operating Income": 76,
        "EBIT": 110,
        "Net Income": 59
    },
    "2012-12-31": {
        "Diluted EPS": 0.66,
        "Total Revenue": 740,
        "Gross Profit": 410,
        "Operating Income": 150,
        "EBIT": 183,
        "Net Income": 112
    },
    "2012-09-30": {
        "Diluted EPS": 0.6,
        "Total Revenue": 647,
        "Gross Profit": 361,
        "Operating Income": 143,
        "EBIT": 175,
        "Net Income": 104
    },
    "2012-06-30": {
        "Diluted EPS": 0.65,
        "Total Revenue": 665,
        "Gross Profit": 382,
        "Operating Income": 160,
        "EBIT": 191,
        "Net Income": 112
    },
    "2012-03-31": {
        "Diluted EPS": 0.53,
        "Total Revenue": 613,
        "Gross Profit": 338,
        "Operating Income": 127,
        "EBIT": 157,
        "Net Income": 91
    },
    "2011-12-31": {
        "Diluted EPS": 0.56,
        "Total Revenue": 673,
        "Gross Profit": 374,
        "Operating Income": 133,
        "EBIT": 161,
        "Net Income": 98
    },
    "2011-09-30": {
        "Diluted EPS": 0.51,
        "Total Revenue": 602,
        "Gross Profit": 328,
        "Operating Income": 122,
        "EBIT": 159,
        "Net Income": 87
    },
    "2011-06-30": {
        "Diluted EPS": 0.6,
        "Total Revenue": 581,
        "Gross Profit": 316,
        "Operating Income": 110,
        "EBIT": 126,
        "Net Income": 103
    },
    "2011-03-31": {
        "Diluted EPS": 0.38,
        "Total Revenue": 506,
        "Gross Profit": 275,
        "Operating Income": 91,
        "EBIT": 112,
        "Net Income": 65
    },
    "2010-12-31": {
        "Diluted EPS": 0.5,
        "Total Revenue": 548,
        "Gross Profit": 305,
        "Operating Income": 117,
        "EBIT": 134,
        "Net Income": 85
    },
    "2010-09-30": {
        "Diluted EPS": 0.44,
        "Total Revenue": 489,
        "Gross Profit": 279,
        "Operating Income": 106,
        "EBIT": 121,
        "Net Income": 75
    },
    "2010-06-30": {
        "Diluted EPS": 0.44,
        "Total Revenue": 470,
        "Gross Profit": 268,
        "Operating Income": 106,
        "EBIT": 120,
        "Net Income": 74
    },
    "2010-03-31": {
        "Diluted EPS": 0.39,
        "Total Revenue": 429,
        "Gross Profit": 236,
        "Operating Income": 86,
        "EBIT": 100,
        "Net Income": 67
    },
    "2009-12-31": {
        "Diluted EPS": 0.48,
        "Total Revenue": 496,
        "Gross Profit": 278,
        "Operating Income": 106,
        "EBIT": 123,
        "Net Income": 84
    },
    "2009-09-30": {
        "Diluted EPS": 0.36,
        "Total Revenue": 425,
        "Gross Profit": 227,
        "Operating Income": 88,
        "EBIT": 107,
        "Net Income": 63
    },
    "2009-06-30": {
        "Diluted EPS": 0.36,
        "Total Revenue": 421,
        "Gross Profit": 233,
        "Operating Income": 84,
        "EBIT": 97,
        "Net Income": 62
    },
    "2009-03-31": {
        "Diluted EPS": 0.26,
        "Total Revenue": 367,
        "Gross Profit": 200,
        "Operating Income": 60,
        "EBIT": 74,
        "Net Income": 45
    },
    "2023-06-30": {
        "Tax Effect Of Unusual Items": 0.0,
        "Tax Rate For Calcs": 0.292,
        "Normalized EBITDA": 64000000.0,
        "Total Unusual Items": NaN,
        "Total Unusual Items Excluding Goodwill": NaN,
        "Net Income From Continuing Operation Net Minority Interest": 17000000.0,
        "Reconciled Depreciation": 31000000.0,
        "Reconciled Cost Of Revenue": 186000000.0,
        "EBITDA": 64000000.0,
        "EBIT": 33000000.0,
        "Net Interest Income": 1000000.0,
        "Interest Expense": 7000000.0,
        "Interest Income": 8000000.0,
        "Normalized Income": 17000000.0,
        "Net Income From Continuing And Discontinued Operation": 17000000.0,
        "Total Expenses": 429000000.0,
        "Total Operating Income As Reported": 33000000.0,
        "Diluted Average Shares": 102900000.0,
        "Basic Average Shares": 101000000.0,
        "Diluted EPS": 0.17,
        "Basic EPS": 0.17,
        "Diluted NI Availto Com Stockholders": 17000000.0,
        "Net Income Common Stockholders": 17000000.0,
        "Net Income": 17000000.0,
        "Net Income Including Noncontrolling Interests": 17000000.0,
        "Net Income Continuous Operations": 17000000.0,
        "Tax Provision": 7000000.0,
        "Pretax Income": 24000000.0,
        "Other Income Expense": -9000000.0,
        "Other Non Operating Income Expenses": -9000000.0,
        "Gain On Sale Of Security": NaN,
        "Net Non Operating Interest Income Expense": 1000000.0,
        "Interest Expense Non Operating": 7000000.0,
        "Interest Income Non Operating": 8000000.0,
        "Operating Income": 33000000.0,
        "Operating Expense": 243000000.0,
        "Research And Development": 76000000.0,
        "Selling General And Administration": 167000000.0,
        "Gross Profit": 276000000.0,
        "Cost Of Revenue": 186000000.0,
        "Total Revenue": 462000000.0,
        "Operating Revenue": 462000000.0
    }
}