{
    "2023-03-31": {
        "Tax Effect Of Unusual Items": -1097482.331993,
        "Tax Rate For Calcs": 0.164738,
        "Normalized EBITDA": 50967000.0,
        "Total Unusual Items": -6662000.0,
        "Total Unusual Items Excluding Goodwill": -6662000.0,
        "Net Income From Continuing Operation Net Minority Interest": 27207000.0,
        "Reconciled Depreciation": 11254000.0,
        "EBIT": 33051000.0,
        "Net Interest Income": 1328000.0,
        "Interest Expense": 478000.0,
        "Interest Income": 1806000.0,
        "Normalized Income": 32771517.668007,
        "Net Income From Continuing And Discontinued Operation": 27207000.0,
        "Total Expenses": 127040000.0,
        "Rent Expense Supplemental": 3391000.0,
        "Diluted Average Shares": 144920762.0,
        "Basic Average Shares": 144920762.0,
        "Diluted EPS": 0.19,
        "Basic EPS": 0.19,
        "Diluted NI Availto Com Stockholders": 27207000.0,
        "Net Income Common Stockholders": 27207000.0,
        "Net Income": 27207000.0,
        "Minority Interests": 0.0,
        "Net Income Including Noncontrolling Interests": 27207000.0,
        "Net Income Continuous Operations": 27207000.0,
        "Tax Provision": 5366000.0,
        "Pretax Income": 32573000.0,
        "Other Income Expense": -6662000.0,
        "Earnings From Equity Interest": 0.0,
        "Gain On Sale Of Security": -6662000.0,
        "Net Non Operating Interest Income Expense": 1328000.0,
        "Interest Expense Non Operating": 478000.0,
        "Interest Income Non Operating": 1806000.0,
        "Operating Income": 37907000.0,
        "Operating Expense": 127040000.0,
        "Other Operating Expenses": -58000.0,
        "Depreciation Amortization Depletion Income Statement": 11254000.0,
        "Depreciation And Amortization In Income Statement": 11254000.0,
        "Depreciation Income Statement": 11254000.0,
        "Selling General And Administration": 115844000.0,
        "General And Administrative Expense": 115844000.0,
        "Other Gand A": 3329000.0,
        "Rent And Landing Fees": 3391000.0,
        "Salaries And Wages": 109124000.0,
        "Total Revenue": 164947000.0,
        "Operating Revenue": 164947000.0
    },
    "2022-12-31": {
        "Tax Effect Of Unusual Items": 0.0,
        "Tax Rate For Calcs": 0.241247,
        "Normalized EBITDA": 44183000.0,
        "Total Unusual Items": NaN,
        "Total Unusual Items Excluding Goodwill": NaN,
        "Net Income From Continuing Operation Net Minority Interest": 25010000.0,
        "Reconciled Depreciation": 10672000.0,
        "EBIT": 33511000.0,
        "Net Interest Income": 877000.0,
        "Interest Expense": 549000.0,
        "Interest Income": 1426000.0,
        "Normalized Income": 25010000.0,
        "Net Income From Continuing And Discontinued Operation": 25010000.0,
        "Total Expenses": 144590000.0,
        "Rent Expense Supplemental": 2690000.0,
        "Diluted Average Shares": 144917317.0,
        "Basic Average Shares": 144917317.0,
        "Diluted EPS": 0.17,
        "Basic EPS": 0.17,
        "Diluted NI Availto Com Stockholders": 25010000.0,
        "Net Income Common Stockholders": 25010000.0,
        "Net Income": 25010000.0,
        "Minority Interests": 0.0,
        "Net Income Including Noncontrolling Interests": 25010000.0,
        "Net Income Continuous Operations": 25010000.0,
        "Tax Provision": 7952000.0,
        "Pretax Income": 32962000.0,
        "Other Income Expense": 4000.0,
        "Earnings From Equity Interest": 4000.0,
        "Gain On Sale Of Security": NaN,
        "Net Non Operating Interest Income Expense": 877000.0,
        "Interest Expense Non Operating": 549000.0,
        "Interest Income Non Operating": 1426000.0,
        "Operating Income": 32081000.0,
        "Operating Expense": 144590000.0,
        "Other Operating Expenses": 9743000.0,
        "Depreciation Amortization Depletion Income Statement": 10672000.0,
        "Depreciation And Amortization In Income Statement": 10672000.0,
        "Depreciation Income Statement": 10672000.0,
        "Selling General And Administration": 124175000.0,
        "General And Administrative Expense": 124175000.0,
        "Other Gand A": 3271000.0,
        "Rent And Landing Fees": 2690000.0,
        "Salaries And Wages": 118214000.0,
        "Total Revenue": 176671000.0,
        "Operating Revenue": 176671000.0
    },
    "2022-09-30": {
        "Tax Effect Of Unusual Items": 0.0,
        "Tax Rate For Calcs": 0.258832,
        "Normalized EBITDA": 57665000.0,
        "Total Unusual Items": NaN,
        "Total Unusual Items Excluding Goodwill": NaN,
        "Net Income From Continuing Operation Net Minority Interest": 30922000.0,
        "Reconciled Depreciation": 15514000.0,
        "EBIT": 42151000.0,
        "Net Interest Income": 804000.0,
        "Interest Expense": 429000.0,
        "Interest Income": 1233000.0,
        "Normalized Income": 30922000.0,
        "Net Income From Continuing And Discontinued Operation": 30922000.0,
        "Total Expenses": 131913000.0,
        "Rent Expense Supplemental": 2648000.0,
        "Diluted Average Shares": 144943516.0,
        "Basic Average Shares": 144943516.0,
        "Diluted EPS": 0.21,
        "Basic EPS": 0.21,
        "Diluted NI Availto Com Stockholders": 30922000.0,
        "Net Income Common Stockholders": 30922000.0,
        "Net Income": 30922000.0,
        "Minority Interests": -1000.0,
        "Net Income Including Noncontrolling Interests": 30923000.0,
        "Net Income Continuous Operations": 30923000.0,
        "Tax Provision": 10799000.0,
        "Pretax Income": 41722000.0,
        "Other Income Expense": 61000.0,
        "Earnings From Equity Interest": 61000.0,
        "Gain On Sale Of Security": NaN,
        "Net Non Operating Interest Income Expense": 804000.0,
        "Interest Expense Non Operating": 429000.0,
        "Interest Income Non Operating": 1233000.0,
        "Operating Income": 40857000.0,
        "Operating Expense": 131913000.0,
        "Other Operating Expenses": -799000.0,
        "Depreciation Amortization Depletion Income Statement": 10207000.0,
        "Depreciation And Amortization In Income Statement": 10207000.0,
        "Depreciation Income Statement": 10207000.0,
        "Selling General And Administration": 122505000.0,
        "General And Administrative Expense": 122505000.0,
        "Other Gand A": 3080000.0,
        "Rent And Landing Fees": 2648000.0,
        "Salaries And Wages": 116777000.0,
        "Total Revenue": 172770000.0,
        "Operating Revenue": 172770000.0
    },
    "2022-06-30": {
        "Tax Effect Of Unusual Items": 0.0,
        "Tax Rate For Calcs": 0.282348,
        "Normalized EBITDA": 47111000.0,
        "Total Unusual Items": NaN,
        "Total Unusual Items Excluding Goodwill": NaN,
        "Net Income From Continuing Operation Net Minority Interest": 26799000.0,
        "Reconciled Depreciation": 3989000.0,
        "EBIT": 37815000.0,
        "Net Interest Income": -49000.0,
        "Interest Expense": 471000.0,
        "Interest Income": 422000.0,
        "Normalized Income": 26799000.0,
        "Net Income From Continuing And Discontinued Operation": 26799000.0,
        "Total Expenses": 124919000.0,
        "Rent Expense Supplemental": 2376000.0,
        "Diluted Average Shares": 145596175.0,
        "Basic Average Shares": 145596175.0,
        "Diluted EPS": 0.19,
        "Basic EPS": 0.19,
        "Diluted NI Availto Com Stockholders": 26799000.0,
        "Net Income Common Stockholders": 26799000.0,
        "Net Income": 26799000.0,
        "Minority Interests": -1000.0,
        "Net Income Including Noncontrolling Interests": 26800000.0,
        "Net Income Continuous Operations": 26800000.0,
        "Tax Provision": 10544000.0,
        "Pretax Income": 37344000.0,
        "Other Income Expense": 56000.0,
        "Earnings From Equity Interest": 56000.0,
        "Gain On Sale Of Security": NaN,
        "Net Non Operating Interest Income Expense": -49000.0,
        "Interest Expense Non Operating": 471000.0,
        "Interest Income Non Operating": 422000.0,
        "Operating Income": 37337000.0,
        "Operating Expense": 124919000.0,
        "Other Operating Expenses": 1504000.0,
        "Depreciation Amortization Depletion Income Statement": 9296000.0,
        "Depreciation And Amortization In Income Statement": 9296000.0,
        "Depreciation Income Statement": 9296000.0,
        "Selling General And Administration": 114119000.0,
        "General And Administrative Expense": 114119000.0,
        "Other Gand A": 2842000.0,
        "Rent And Landing Fees": 2376000.0,
        "Salaries And Wages": 108901000.0,
        "Total Revenue": 162256000.0,
        "Operating Revenue": 162256000.0
    },
    "2022-03-31": {
        "Diluted EPS": 0.11,
        "Total Revenue": 113,
        "Gross Profit": 113,
        "Operating Income": 22,
        "EBIT": 29,
        "Net Income": 16
    },
    "2021-12-31": {
        "Diluted EPS": 0.15,
        "Total Revenue": 114,
        "Gross Profit": 114,
        "Operating Income": 114,
        "EBIT": 114,
        "Net Income": 21
    },
    "2021-09-30": {
        "Diluted EPS": 0.18,
        "Total Revenue": 109,
        "Gross Profit": 109,
        "Operating Income": 31,
        "Net Income": 22
    },
    "2021-03-31": {
        "Diluted EPS": 0.13,
        "Total Revenue": 89,
        "Gross Profit": 89,
        "Operating Income": 20,
        "EBIT": 28,
        "Net Income": 17
    },
    "2020-12-31": {
        "Diluted EPS": 0.0,
        "Total Revenue": NaN,
        "Gross Profit": NaN,
        "Operating Income": NaN,
        "EBIT": NaN,
        "Net Income": NaN
    }
}