{
    "2023-03-31": {
        "Tax Effect Of Unusual Items": -702000.0,
        "Tax Rate For Calcs": 0.234,
        "Normalized EBITDA": 761000000.0,
        "Total Unusual Items": -3000000.0,
        "Total Unusual Items Excluding Goodwill": -3000000.0,
        "Net Income From Continuing Operation Net Minority Interest": 304000000.0,
        "Reconciled Depreciation": 66000000.0,
        "Reconciled Cost Of Revenue": 632000000.0,
        "EBITDA": 758000000.0,
        "EBIT": 692000000.0,
        "Net Interest Income": -300000000.0,
        "Interest Expense": 295000000.0,
        "Normalized Income": 306298000.0,
        "Net Income From Continuing And Discontinued Operation": 304000000.0,
        "Total Expenses": 894000000.0,
        "Total Operating Income As Reported": 695000000.0,
        "Diluted Average Shares": 57100000.0,
        "Basic Average Shares": 57100000.0,
        "Diluted EPS": 5.32,
        "Basic EPS": 5.32,
        "Diluted NI Availto Com Stockholders": 304000000.0,
        "Net Income Common Stockholders": 304000000.0,
        "Otherunder Preferred Stock Dividend": 0.0,
        "Net Income": 304000000.0,
        "Minority Interests": 0.0,
        "Net Income Including Noncontrolling Interests": 304000000.0,
        "Net Income Discontinuous Operations": 0.0,
        "Net Income Continuous Operations": 304000000.0,
        "Tax Provision": 93000000.0,
        "Pretax Income": 397000000.0,
        "Other Income Expense": -1000000.0,
        "Other Non Operating Income Expenses": 2000000.0,
        "Special Income Charges": -3000000.0,
        "Write Off": 0.0,
        "Restructuring And Mergern Acquisition": 3000000.0,
        "Net Non Operating Interest Income Expense": -300000000.0,
        "Total Other Finance Cost": 5000000.0,
        "Interest Expense Non Operating": 295000000.0,
        "Operating Income": 698000000.0,
        "Operating Expense": 231000000.0,
        "Depreciation Amortization Depletion Income Statement": 35000000.0,
        "Depreciation And Amortization In Income Statement": 35000000.0,
        "Amortization": 35000000.0,
        "Amortization Of Intangibles Income Statement": 35000000.0,
        "Selling General And Administration": 196000000.0,
        "General And Administrative Expense": 196000000.0,
        "Other Gand A": 159000000.0,
        "Salaries And Wages": 37000000.0,
        "Gross Profit": 929000000.0,
        "Cost Of Revenue": 663000000.0,
        "Total Revenue": 1592000000.0,
        "Operating Revenue": 1592000000.0
    },
    "2022-12-31": {
        "Tax Effect Of Unusual Items": -239000.0,
        "Tax Rate For Calcs": 0.239,
        "Normalized EBITDA": 651000000.0,
        "Total Unusual Items": -1000000.0,
        "Total Unusual Items Excluding Goodwill": -1000000.0,
        "Net Income From Continuing Operation Net Minority Interest": 228000000.0,
        "Reconciled Depreciation": 63000000.0,
        "Reconciled Cost Of Revenue": 575000000.0,
        "EBITDA": 650000000.0,
        "EBIT": 587000000.0,
        "Net Interest Income": -290000000.0,
        "Interest Expense": 286000000.0,
        "Normalized Income": 228761000.0,
        "Net Income From Continuing And Discontinued Operation": 228000000.0,
        "Total Expenses": 806000000.0,
        "Total Operating Income As Reported": 590000000.0,
        "Diluted Average Shares": 57100000.0,
        "Basic Average Shares": 57100000.0,
        "Diluted EPS": 3.33,
        "Basic EPS": 3.33,
        "Diluted NI Availto Com Stockholders": 190000000.0,
        "Net Income Common Stockholders": 190000000.0,
        "Otherunder Preferred Stock Dividend": 38000000.0,
        "Net Income": 228000000.0,
        "Minority Interests": -1000000.0,
        "Net Income Including Noncontrolling Interests": 229000000.0,
        "Net Income Discontinuous Operations": 0.0,
        "Net Income Continuous Operations": 229000000.0,
        "Tax Provision": 72000000.0,
        "Pretax Income": 301000000.0,
        "Other Income Expense": NaN,
        "Other Non Operating Income Expenses": 1000000.0,
        "Special Income Charges": -1000000.0,
        "Write Off": NaN,
        "Restructuring And Mergern Acquisition": 1000000.0,
        "Net Non Operating Interest Income Expense": -290000000.0,
        "Total Other Finance Cost": 4000000.0,
        "Interest Expense Non Operating": 286000000.0,
        "Operating Income": 591000000.0,
        "Operating Expense": 202000000.0,
        "Depreciation Amortization Depletion Income Statement": 34000000.0,
        "Depreciation And Amortization In Income Statement": 34000000.0,
        "Amortization": 34000000.0,
        "Amortization Of Intangibles Income Statement": 34000000.0,
        "Selling General And Administration": 168000000.0,
        "General And Administrative Expense": 168000000.0,
        "Other Gand A": 137000000.0,
        "Salaries And Wages": 31000000.0,
        "Gross Profit": 793000000.0,
        "Cost Of Revenue": 604000000.0,
        "Total Revenue": 1397000000.0,
        "Operating Revenue": 1397000000.0
    },
    "2022-09-30": {
        "Tax Effect Of Unusual Items": 265193.370166,
        "Tax Rate For Calcs": 0.265193,
        "Normalized EBITDA": 672000000.0,
        "Total Unusual Items": 1000000.0,
        "Total Unusual Items Excluding Goodwill": 1000000.0,
        "Net Income From Continuing Operation Net Minority Interest": 266000000.0,
        "Reconciled Depreciation": 34000000.0,
        "Reconciled Cost Of Revenue": 625000000.0,
        "EBITDA": 673000000.0,
        "EBIT": 639000000.0,
        "Net Interest Income": -277000000.0,
        "Interest Expense": 277000000.0,
        "Normalized Income": 265265193.370166,
        "Net Income From Continuing And Discontinued Operation": 266000000.0,
        "Total Expenses": 869000000.0,
        "Total Operating Income As Reported": 641000000.0,
        "Diluted Average Shares": 56800000.0,
        "Basic Average Shares": 56800000.0,
        "Diluted EPS": 3.98,
        "Basic EPS": 3.98,
        "Diluted NI Availto Com Stockholders": 266000000.0,
        "Net Income Common Stockholders": 266000000.0,
        "Otherunder Preferred Stock Dividend": 0.0,
        "Net Income": 266000000.0,
        "Minority Interests": 0.0,
        "Net Income Including Noncontrolling Interests": 266000000.0,
        "Net Income Discontinuous Operations": 0.0,
        "Net Income Continuous Operations": 266000000.0,
        "Tax Provision": 96000000.0,
        "Pretax Income": 362000000.0,
        "Other Income Expense": -2000000.0,
        "Other Non Operating Income Expenses": -3000000.0,
        "Special Income Charges": 1000000.0,
        "Gain On Sale Of Business": 1000000.0,
        "Write Off": NaN,
        "Restructuring And Mergern Acquisition": NaN,
        "Net Non Operating Interest Income Expense": -277000000.0,
        "Total Other Finance Cost": NaN,
        "Interest Expense Non Operating": 277000000.0,
        "Operating Income": 641000000.0,
        "Operating Expense": 244000000.0,
        "Depreciation Amortization Depletion Income Statement": 34000000.0,
        "Depreciation And Amortization In Income Statement": 34000000.0,
        "Amortization": 34000000.0,
        "Amortization Of Intangibles Income Statement": 34000000.0,
        "Selling General And Administration": 210000000.0,
        "General And Administrative Expense": NaN,
        "Other Gand A": NaN,
        "Salaries And Wages": NaN,
        "Gross Profit": 885000000.0,
        "Cost Of Revenue": 625000000.0,
        "Total Revenue": 1510000000.0,
        "Operating Revenue": 1510000000.0
    },
    "2022-06-30": {
        "Tax Effect Of Unusual Items": 702000.0,
        "Tax Rate For Calcs": 0.234,
        "Normalized EBITDA": 639000000.0,
        "Total Unusual Items": 3000000.0,
        "Total Unusual Items Excluding Goodwill": 3000000.0,
        "Net Income From Continuing Operation Net Minority Interest": 238000000.0,
        "Reconciled Depreciation": 61000000.0,
        "Reconciled Cost Of Revenue": 554000000.0,
        "EBITDA": 642000000.0,
        "EBIT": 581000000.0,
        "Net Interest Income": -269000000.0,
        "Interest Expense": 269000000.0,
        "Normalized Income": 235702000.0,
        "Net Income From Continuing And Discontinued Operation": 238000000.0,
        "Total Expenses": 799000000.0,
        "Total Operating Income As Reported": 599000000.0,
        "Diluted Average Shares": 58000000.0,
        "Basic Average Shares": 58000000.0,
        "Diluted EPS": 4.1,
        "Basic EPS": 4.1,
        "Diluted NI Availto Com Stockholders": 238000000.0,
        "Net Income Common Stockholders": 238000000.0,
        "Otherunder Preferred Stock Dividend": NaN,
        "Net Income": 238000000.0,
        "Minority Interests": -1000000.0,
        "Net Income Including Noncontrolling Interests": 239000000.0,
        "Net Income Discontinuous Operations": 0.0,
        "Net Income Continuous Operations": 239000000.0,
        "Tax Provision": 73000000.0,
        "Pretax Income": 312000000.0,
        "Other Income Expense": -18000000.0,
        "Other Non Operating Income Expenses": -21000000.0,
        "Special Income Charges": 3000000.0,
        "Gain On Sale Of Business": 3000000.0,
        "Write Off": NaN,
        "Restructuring And Mergern Acquisition": NaN,
        "Net Non Operating Interest Income Expense": -269000000.0,
        "Total Other Finance Cost": NaN,
        "Interest Expense Non Operating": 269000000.0,
        "Operating Income": 599000000.0,
        "Operating Expense": 217000000.0,
        "Depreciation Amortization Depletion Income Statement": 33000000.0,
        "Depreciation And Amortization In Income Statement": 33000000.0,
        "Amortization": 33000000.0,
        "Amortization Of Intangibles Income Statement": 33000000.0,
        "Selling General And Administration": 184000000.0,
        "General And Administrative Expense": NaN,
        "Other Gand A": NaN,
        "Salaries And Wages": NaN,
        "Gross Profit": 816000000.0,
        "Cost Of Revenue": 582000000.0,
        "Total Revenue": 1398000000.0,
        "Operating Revenue": 1398000000.0
    },
    "2022-03-31": {
        "Diluted EPS": 3.38,
        "Total Revenue": NaN,
        "Gross Profit": 736,
        "Operating Income": 520,
        "EBIT": 584,
        "Net Income": 199
    },
    "2021-12-31": {
        "Diluted EPS": 1.98,
        "Total Revenue": NaN,
        "Gross Profit": 661,
        "Operating Income": 455,
        "EBIT": 516,
        "Net Income": 117
    },
    "2021-09-30": {
        "Diluted EPS": 3.61,
        "Total Revenue": NaN,
        "Gross Profit": 725,
        "Operating Income": 535,
        "EBIT": 600,
        "Net Income": 209
    },
    "2021-06-30": {
        "Diluted EPS": 5.43,
        "Total Revenue": NaN,
        "Gross Profit": 655,
        "Operating Income": 447,
        "EBIT": 500,
        "Net Income": 317
    },
    "2021-03-31": {
        "Diluted EPS": 1.79,
        "Total Revenue": NaN,
        "Gross Profit": 592,
        "Operating Income": 394,
        "EBIT": 465,
        "Net Income": 104
    },
    "2020-12-31": {
        "Diluted EPS": -0.42,
        "Total Revenue": NaN,
        "Gross Profit": 541,
        "Operating Income": 315,
        "EBIT": 364,
        "Net Income": -23
    },
    "2020-09-30": {
        "Diluted EPS": 1.43,
        "Total Revenue": NaN,
        "Gross Profit": 537,
        "Operating Income": 313,
        "EBIT": 389,
        "Net Income": 82
    },
    "2020-06-30": {
        "Diluted EPS": -0.1,
        "Total Revenue": NaN,
        "Gross Profit": 491,
        "Operating Income": 286,
        "EBIT": 358,
        "Net Income": -6
    },
    "2020-03-31": {
        "Diluted EPS": 5.56,
        "Total Revenue": NaN,
        "Gross Profit": 818,
        "Operating Income": 592,
        "EBIT": 658,
        "Net Income": 319
    },
    "2019-12-31": {
        "Diluted EPS": 2.07,
        "Total Revenue": NaN,
        "Gross Profit": 801,
        "Operating Income": 560,
        "EBIT": 626,
        "Net Income": 119
    },
    "2019-09-30": {
        "Diluted EPS": 4.62,
        "Total Revenue": NaN,
        "Gross Profit": 882,
        "Operating Income": 613,
        "EBIT": 650,
        "Net Income": 236
    },
    "2019-06-30": {
        "Diluted EPS": 2.57,
        "Total Revenue": NaN,
        "Gross Profit": 713,
        "Operating Income": 423,
        "EBIT": 577,
        "Net Income": 145
    },
    "2019-03-31": {
        "Diluted EPS": 3.6,
        "Total Revenue": NaN,
        "Gross Profit": 650,
        "Operating Income": 468,
        "EBIT": 527,
        "Net Income": 202
    },
    "2018-12-31": {
        "Diluted EPS": 3.05,
        "Total Revenue": 993,
        "Gross Profit": 564,
        "Operating Income": 422,
        "EBIT": 465,
        "Net Income": 196
    },
    "2018-09-30": {
        "Diluted EPS": 4.11,
        "Total Revenue": NaN,
        "Gross Profit": 597,
        "Operating Income": 455,
        "EBIT": 489,
        "Net Income": 229
    },
    "2018-06-30": {
        "Diluted EPS": 3.91,
        "Total Revenue": 981,
        "Gross Profit": 570,
        "Operating Income": 437,
        "EBIT": 480,
        "Net Income": 217
    },
    "2018-03-31": {
        "Diluted EPS": 3.53,
        "Total Revenue": 933,
        "Gross Profit": 534,
        "Operating Income": 409,
        "EBIT": 445,
        "Net Income": 196
    },
    "2017-12-31": {
        "Diluted EPS": 4.65,
        "Total Revenue": 848,
        "Gross Profit": 477,
        "Operating Income": 353,
        "EBIT": 389,
        "Net Income": 259
    },
    "2017-09-30": {
        "Diluted EPS": 1.61,
        "Total Revenue": 924,
        "Gross Profit": 531,
        "Operating Income": 411,
        "EBIT": 466,
        "Net Income": 90
    },
    "2017-06-30": {
        "Diluted EPS": 3.08,
        "Total Revenue": 898,
        "Gross Profit": 520,
        "Operating Income": 388,
        "EBIT": 430,
        "Net Income": 169
    },
    "2017-03-31": {
        "Diluted EPS": 2.78,
        "Total Revenue": 869,
        "Gross Profit": 489,
        "Operating Income": 367,
        "EBIT": 407,
        "Net Income": 156
    },
    "2016-12-31": {
        "Diluted EPS": 0.41,
        "Total Revenue": 814,
        "Gross Profit": 444,
        "Operating Income": 317,
        "EBIT": 360,
        "Net Income": 23
    },
    "2016-09-30": {
        "Diluted EPS": 2.76,
        "Total Revenue": 875,
        "Gross Profit": 484,
        "Operating Income": 349,
        "EBIT": 390,
        "Net Income": 155
    },
    "2016-06-30": {
        "Diluted EPS": 2.88,
        "Total Revenue": 798,
        "Gross Profit": 444,
        "Operating Income": 331,
        "EBIT": 364,
        "Net Income": 161
    },
    "2016-03-31": {
        "Diluted EPS": 2.52,
        "Total Revenue": 797,
        "Gross Profit": 426,
        "Operating Income": 312,
        "EBIT": 345,
        "Net Income": 142
    },
    "2015-12-31": {
        "Diluted EPS": 2.23,
        "Total Revenue": 702,
        "Gross Profit": 375,
        "Operating Income": 276,
        "EBIT": 306,
        "Net Income": 126
    },
    "2015-09-30": {
        "Diluted EPS": 2.5,
        "Total Revenue": 810,
        "Gross Profit": 428,
        "Operating Income": 313,
        "EBIT": 343,
        "Net Income": 142
    },
    "2015-06-30": {
        "Diluted EPS": 1.75,
        "Total Revenue": 691,
        "Gross Profit": 359,
        "Operating Income": 264,
        "EBIT": 295,
        "Net Income": 99
    },
    "2015-03-31": {
        "Diluted EPS": 1.96,
        "Total Revenue": 619,
        "Gross Profit": 342,
        "Operating Income": 257,
        "EBIT": 280,
        "Net Income": 111
    },
    "2014-12-31": {
        "Diluted EPS": 1.63,
        "Total Revenue": 587,
        "Gross Profit": 321,
        "Operating Income": 241,
        "EBIT": 266,
        "Net Income": 92
    },
    "2014-09-30": {
        "Diluted EPS": 1.89,
        "Total Revenue": 642,
        "Gross Profit": 349,
        "Operating Income": 259,
        "EBIT": 285,
        "Net Income": 108
    },
    "2014-06-30": {
        "Diluted EPS": -1.66,
        "Total Revenue": 611,
        "Gross Profit": 328,
        "Operating Income": 240,
        "EBIT": 268,
        "Net Income": -95
    },
    "2014-03-31": {
        "Diluted EPS": 1.49,
        "Total Revenue": 591,
        "Gross Profit": 308,
        "Operating Income": 218,
        "EBIT": 248,
        "Net Income": 85
    },
    "2013-12-31": {
        "Diluted EPS": 1.44,
        "Total Revenue": 529,
        "Gross Profit": 284,
        "Operating Income": 211,
        "EBIT": 238,
        "Net Income": 82
    },
    "2013-09-30": {
        "Diluted EPS": -0.23,
        "Total Revenue": 540,
        "Gross Profit": 283,
        "Operating Income": 206,
        "EBIT": 233,
        "Net Income": -11
    },
    "2013-06-30": {
        "Diluted EPS": 0.71,
        "Total Revenue": 489,
        "Gross Profit": 269,
        "Operating Income": 177,
        "EBIT": 195,
        "Net Income": 39
    },
    "2013-03-31": {
        "Diluted EPS": 1.25,
        "Total Revenue": 466,
        "Gross Profit": 259,
        "Operating Income": 194,
        "EBIT": 214,
        "Net Income": 68
    },
    "2012-12-31": {
        "Diluted EPS": 0.66,
        "Total Revenue": 430,
        "Gross Profit": 239,
        "Operating Income": 173,
        "EBIT": 194,
        "Net Income": 36
    },
    "2012-09-30": {
        "Diluted EPS": 1.63,
        "Total Revenue": 463,
        "Gross Profit": 257,
        "Operating Income": 191,
        "EBIT": 212,
        "Net Income": 88
    },
    "2012-06-30": {
        "Diluted EPS": 1.68,
        "Total Revenue": 462,
        "Gross Profit": 253,
        "Operating Income": 186,
        "EBIT": 207,
        "Net Income": 90
    },
    "2012-03-31": {
        "Diluted EPS": 1.51,
        "Total Revenue": 423,
        "Gross Profit": 236,
        "Operating Income": 177,
        "EBIT": 196,
        "Net Income": 82
    },
    "2011-12-31": {
        "Diluted EPS": 1.15,
        "Total Revenue": 352,
        "Gross Profit": 200,
        "Operating Income": 145,
        "EBIT": 166,
        "Net Income": 62
    },
    "2011-09-30": {
        "Diluted EPS": 1.26,
        "Total Revenue": 343,
        "Gross Profit": 193,
        "Operating Income": 142,
        "EBIT": 163,
        "Net Income": 67
    },
    "2011-06-30": {
        "Diluted EPS": 1.06,
        "Total Revenue": 325,
        "Gross Profit": 183,
        "Operating Income": 139,
        "EBIT": 159,
        "Net Income": 56
    },
    "2011-03-31": {
        "Diluted EPS": 1.04,
        "Total Revenue": 304,
        "Gross Profit": 158,
        "Operating Income": 113,
        "EBIT": 132,
        "Net Income": 56
    },
    "2010-12-31": {
        "Diluted EPS": -0.19,
        "Total Revenue": 234,
        "Gross Profit": 127,
        "Operating Income": 92,
        "EBIT": 103,
        "Net Income": -10
    },
    "2010-09-30": {
        "Diluted EPS": 0.96,
        "Total Revenue": 223,
        "Gross Profit": 132,
        "Operating Income": 103,
        "EBIT": 113,
        "Net Income": 51
    },
    "2010-06-30": {
        "Diluted EPS": 0.83,
        "Total Revenue": 214,
        "Gross Profit": 122,
        "Operating Income": 95,
        "EBIT": 105,
        "Net Income": 44
    },
    "2010-03-31": {
        "Diluted EPS": 0.72,
        "Total Revenue": 206,
        "Gross Profit": 115,
        "Operating Income": 88,
        "EBIT": 97,
        "Net Income": 38
    },
    "2009-12-31": {
        "Diluted EPS": 0.01,
        "Total Revenue": 184,
        "Gross Profit": 103,
        "Operating Income": 76,
        "EBIT": 86,
        "Net Income": 0
    },
    "2009-09-30": {
        "Diluted EPS": 0.79,
        "Total Revenue": 197,
        "Gross Profit": 108,
        "Operating Income": 83,
        "EBIT": 91,
        "Net Income": 42
    },
    "2009-06-30": {
        "Diluted EPS": 0.79,
        "Total Revenue": 190,
        "Gross Profit": 108,
        "Operating Income": 85,
        "EBIT": 93,
        "Net Income": 41
    },
    "2009-03-31": {
        "Diluted EPS": 0.77,
        "Total Revenue": 193,
        "Gross Profit": 109,
        "Operating Income": 85,
        "EBIT": 92,
        "Net Income": 40
    },
    "2023-06-30": {
        "Tax Effect Of Unusual Items": -996000.0,
        "Tax Rate For Calcs": 0.249,
        "Normalized EBITDA": 834000000.0,
        "Total Unusual Items": -4000000.0,
        "Total Unusual Items Excluding Goodwill": -4000000.0,
        "Net Income From Continuing Operation Net Minority Interest": 351000000.0,
        "Reconciled Depreciation": 70000000.0,
        "Reconciled Cost Of Revenue": 682000000.0,
        "EBITDA": 830000000.0,
        "EBIT": 760000000.0,
        "Net Interest Income": -323000000.0,
        "Interest Expense": 291000000.0,
        "Normalized Income": 354004000.0,
        "Net Income From Continuing And Discontinued Operation": 351000000.0,
        "Total Expenses": 957000000.0,
        "Total Operating Income As Reported": 783000000.0,
        "Diluted Average Shares": 57200000.0,
        "Basic Average Shares": 57200000.0,
        "Diluted EPS": 6.14,
        "Basic EPS": 6.14,
        "Diluted NI Availto Com Stockholders": 351000000.0,
        "Net Income Common Stockholders": 351000000.0,
        "Otherunder Preferred Stock Dividend": 0.0,
        "Net Income": 351000000.0,
        "Minority Interests": -1000000.0,
        "Net Income Including Noncontrolling Interests": 352000000.0,
        "Net Income Discontinuous Operations": 0.0,
        "Net Income Continuous Operations": 352000000.0,
        "Tax Provision": 117000000.0,
        "Pretax Income": 469000000.0,
        "Other Income Expense": 5000000.0,
        "Other Non Operating Income Expenses": 9000000.0,
        "Special Income Charges": -4000000.0,
        "Write Off": NaN,
        "Restructuring And Mergern Acquisition": 4000000.0,
        "Net Non Operating Interest Income Expense": -323000000.0,
        "Total Other Finance Cost": 32000000.0,
        "Interest Expense Non Operating": 291000000.0,
        "Operating Income": 787000000.0,
        "Operating Expense": 242000000.0,
        "Depreciation Amortization Depletion Income Statement": 37000000.0,
        "Depreciation And Amortization In Income Statement": 37000000.0,
        "Amortization": 37000000.0,
        "Amortization Of Intangibles Income Statement": 37000000.0,
        "Selling General And Administration": 205000000.0,
        "General And Administrative Expense": 205000000.0,
        "Other Gand A": 157000000.0,
        "Salaries And Wages": 48000000.0,
        "Gross Profit": 1029000000.0,
        "Cost Of Revenue": 715000000.0,
        "Total Revenue": 1744000000.0,
        "Operating Revenue": 1744000000.0
    },
    "2023-09-30": {
        "Tax Effect Of Unusual Items": -741818.181818,
        "Tax Rate For Calcs": 0.247273,
        "Normalized EBITDA": 914000000.0,
        "Total Unusual Items": -3000000.0,
        "Total Unusual Items Excluding Goodwill": -3000000.0,
        "Net Income From Continuing Operation Net Minority Interest": 415000000.0,
        "Reconciled Depreciation": 69000000.0,
        "Reconciled Cost Of Revenue": 725000000.0,
        "EBITDA": 911000000.0,
        "EBIT": 842000000.0,
        "Net Interest Income": -307000000.0,
        "Interest Expense": 292000000.0,
        "Normalized Income": 417258181.818182,
        "Net Income From Continuing And Discontinued Operation": 415000000.0,
        "Total Expenses": 993000000.0,
        "Total Operating Income As Reported": 856000000.0,
        "Diluted Average Shares": 57300000.0,
        "Basic Average Shares": 57300000.0,
        "Diluted EPS": 7.23,
        "Basic EPS": 7.23,
        "Diluted NI Availto Com Stockholders": 415000000.0,
        "Net Income Common Stockholders": 415000000.0,
        "Otherunder Preferred Stock Dividend": 0.0,
        "Net Income": 415000000.0,
        "Minority Interests": 1000000.0,
        "Net Income Including Noncontrolling Interests": 414000000.0,
        "Net Income Discontinuous Operations": 0.0,
        "Net Income Continuous Operations": 414000000.0,
        "Tax Provision": 136000000.0,
        "Pretax Income": 550000000.0,
        "Other Income Expense": -2000000.0,
        "Other Non Operating Income Expenses": 1000000.0,
        "Special Income Charges": -3000000.0,
        "Write Off": -1000000.0,
        "Restructuring And Mergern Acquisition": 4000000.0,
        "Net Non Operating Interest Income Expense": -307000000.0,
        "Total Other Finance Cost": 15000000.0,
        "Interest Expense Non Operating": 292000000.0,
        "Operating Income": 859000000.0,
        "Operating Expense": 233000000.0,
        "Depreciation Amortization Depletion Income Statement": 34000000.0,
        "Depreciation And Amortization In Income Statement": 34000000.0,
        "Amortization": 34000000.0,
        "Amortization Of Intangibles Income Statement": 34000000.0,
        "Selling General And Administration": 199000000.0,
        "General And Administrative Expense": 199000000.0,
        "Other Gand A": 175000000.0,
        "Salaries And Wages": 24000000.0,
        "Gross Profit": 1092000000.0,
        "Cost Of Revenue": 760000000.0,
        "Total Revenue": 1852000000.0,
        "Operating Revenue": 1852000000.0
    },
    "2023-12-31": {
        "Tax Effect Of Unusual Items": NaN,
        "Tax Rate For Calcs": NaN,
        "Normalized EBITDA": NaN,
        "Total Unusual Items": NaN,
        "Total Unusual Items Excluding Goodwill": NaN,
        "Net Income From Continuing Operation Net Minority Interest": NaN,
        "Reconciled Depreciation": NaN,
        "Reconciled Cost Of Revenue": NaN,
        "EBITDA": NaN,
        "EBIT": NaN,
        "Net Interest Income": NaN,
        "Interest Expense": NaN,
        "Normalized Income": NaN,
        "Net Income From Continuing And Discontinued Operation": NaN,
        "Total Expenses": NaN,
        "Total Operating Income As Reported": NaN,
        "Diluted Average Shares": 57700000.0,
        "Basic Average Shares": 57700000.0,
        "Diluted EPS": 4.87,
        "Basic EPS": 4.87,
        "Diluted NI Availto Com Stockholders": NaN,
        "Net Income Common Stockholders": NaN,
        "Otherunder Preferred Stock Dividend": NaN,
        "Net Income": NaN,
        "Minority Interests": NaN,
        "Net Income Including Noncontrolling Interests": NaN,
        "Net Income Discontinuous Operations": NaN,
        "Net Income Continuous Operations": NaN,
        "Tax Provision": NaN,
        "Pretax Income": NaN,
        "Other Income Expense": NaN,
        "Other Non Operating Income Expenses": NaN,
        "Special Income Charges": NaN,
        "Write Off": NaN,
        "Restructuring And Mergern Acquisition": NaN,
        "Net Non Operating Interest Income Expense": NaN,
        "Total Other Finance Cost": NaN,
        "Interest Expense Non Operating": NaN,
        "Operating Income": NaN,
        "Operating Expense": NaN,
        "Depreciation Amortization Depletion Income Statement": NaN,
        "Depreciation And Amortization In Income Statement": NaN,
        "Amortization": NaN,
        "Amortization Of Intangibles Income Statement": NaN,
        "Selling General And Administration": NaN,
        "General And Administrative Expense": NaN,
        "Other Gand A": NaN,
        "Salaries And Wages": NaN,
        "Gross Profit": NaN,
        "Cost Of Revenue": NaN,
        "Total Revenue": NaN,
        "Operating Revenue": NaN
    }
}