{
    "2023-06-30": {
        "Tax Effect Of Unusual Items": -181534.878798,
        "Tax Rate For Calcs": 0.014396,
        "Normalized EBITDA": 31827000.0,
        "Total Unusual Items": -12610000.0,
        "Total Unusual Items Excluding Goodwill": -12610000.0,
        "Net Income From Continuing Operation Net Minority Interest": -65177000.0,
        "Reconciled Depreciation": 79511000.0,
        "Reconciled Cost Of Revenue": 186494000.0,
        "EBITDA": 19217000.0,
        "EBIT": -60294000.0,
        "Net Interest Income": 5723000.0,
        "Interest Expense": 5835000.0,
        "Interest Income": 11558000.0,
        "Normalized Income": -52748534.878798,
        "Net Income From Continuing And Discontinued Operation": -65177000.0,
        "Total Expenses": 711441000.0,
        "Total Operating Income As Reported": -71645000.0,
        "Diluted Average Shares": 164171372.0,
        "Basic Average Shares": 164171372.0,
        "Diluted EPS": -0.4,
        "Basic EPS": -0.4,
        "Diluted NI Availto Com Stockholders": -65177000.0,
        "Net Income Common Stockholders": -65177000.0,
        "Net Income": -65177000.0,
        "Net Income Including Noncontrolling Interests": -65177000.0,
        "Net Income Continuous Operations": -65177000.0,
        "Tax Provision": -952000.0,
        "Pretax Income": -66129000.0,
        "Other Income Expense": -12817000.0,
        "Other Non Operating Income Expenses": -207000.0,
        "Special Income Charges": -12610000.0,
        "Impairment Of Capital Assets": 0.0,
        "Restructuring And Mergern Acquisition": 12610000.0,
        "Net Non Operating Interest Income Expense": 5723000.0,
        "Total Other Finance Cost": NaN,
        "Interest Expense Non Operating": 5835000.0,
        "Interest Income Non Operating": 11558000.0,
        "Operating Income": -59035000.0,
        "Operating Expense": 520901000.0,
        "Depreciation Amortization Depletion Income Statement": 75465000.0,
        "Depreciation And Amortization In Income Statement": 75465000.0,
        "Amortization": NaN,
        "Amortization Of Intangibles Income Statement": NaN,
        "Depreciation Income Statement": NaN,
        "Research And Development": 87309000.0,
        "Selling General And Administration": 358127000.0,
        "Selling And Marketing Expense": 232286000.0,
        "General And Administrative Expense": 125841000.0,
        "Other Gand A": 125841000.0,
        "Gross Profit": 461866000.0,
        "Cost Of Revenue": 190540000.0,
        "Total Revenue": 652406000.0,
        "Operating Revenue": 652406000.0
    },
    "2023-03-31": {
        "Tax Effect Of Unusual Items": NaN,
        "Tax Rate For Calcs": NaN,
        "Normalized EBITDA": NaN,
        "Total Unusual Items": NaN,
        "Total Unusual Items Excluding Goodwill": NaN,
        "Net Income From Continuing Operation Net Minority Interest": NaN,
        "Reconciled Depreciation": NaN,
        "Reconciled Cost Of Revenue": NaN,
        "EBITDA": NaN,
        "EBIT": NaN,
        "Net Interest Income": NaN,
        "Interest Expense": NaN,
        "Interest Income": NaN,
        "Normalized Income": NaN,
        "Net Income From Continuing And Discontinued Operation": NaN,
        "Total Expenses": NaN,
        "Total Operating Income As Reported": NaN,
        "Diluted Average Shares": NaN,
        "Basic Average Shares": NaN,
        "Diluted EPS": NaN,
        "Basic EPS": NaN,
        "Diluted NI Availto Com Stockholders": NaN,
        "Net Income Common Stockholders": NaN,
        "Net Income": NaN,
        "Net Income Including Noncontrolling Interests": NaN,
        "Net Income Continuous Operations": NaN,
        "Tax Provision": NaN,
        "Pretax Income": NaN,
        "Other Income Expense": NaN,
        "Other Non Operating Income Expenses": NaN,
        "Special Income Charges": NaN,
        "Impairment Of Capital Assets": 0.0,
        "Restructuring And Mergern Acquisition": NaN,
        "Net Non Operating Interest Income Expense": NaN,
        "Total Other Finance Cost": -3648000.0,
        "Interest Expense Non Operating": NaN,
        "Interest Income Non Operating": NaN,
        "Operating Income": NaN,
        "Operating Expense": NaN,
        "Depreciation Amortization Depletion Income Statement": NaN,
        "Depreciation And Amortization In Income Statement": NaN,
        "Amortization": 66860000.0,
        "Amortization Of Intangibles Income Statement": 66860000.0,
        "Depreciation Income Statement": 2923000.0,
        "Research And Development": NaN,
        "Selling General And Administration": NaN,
        "Selling And Marketing Expense": NaN,
        "General And Administrative Expense": NaN,
        "Other Gand A": NaN,
        "Gross Profit": NaN,
        "Cost Of Revenue": NaN,
        "Total Revenue": NaN,
        "Operating Revenue": NaN
    },
    "2022-12-31": {
        "Tax Effect Of Unusual Items": NaN,
        "Tax Rate For Calcs": NaN,
        "Normalized EBITDA": NaN,
        "Total Unusual Items": NaN,
        "Total Unusual Items Excluding Goodwill": NaN,
        "Net Income From Continuing Operation Net Minority Interest": NaN,
        "Reconciled Depreciation": NaN,
        "Reconciled Cost Of Revenue": NaN,
        "EBITDA": NaN,
        "EBIT": NaN,
        "Net Interest Income": NaN,
        "Interest Expense": NaN,
        "Interest Income": NaN,
        "Normalized Income": NaN,
        "Net Income From Continuing And Discontinued Operation": NaN,
        "Total Expenses": NaN,
        "Total Operating Income As Reported": NaN,
        "Diluted Average Shares": NaN,
        "Basic Average Shares": NaN,
        "Diluted EPS": NaN,
        "Basic EPS": NaN,
        "Diluted NI Availto Com Stockholders": NaN,
        "Net Income Common Stockholders": NaN,
        "Net Income": NaN,
        "Net Income Including Noncontrolling Interests": NaN,
        "Net Income Continuous Operations": NaN,
        "Tax Provision": NaN,
        "Pretax Income": NaN,
        "Other Income Expense": NaN,
        "Other Non Operating Income Expenses": NaN,
        "Special Income Charges": NaN,
        "Impairment Of Capital Assets": 3772812000.0,
        "Restructuring And Mergern Acquisition": NaN,
        "Net Non Operating Interest Income Expense": NaN,
        "Total Other Finance Cost": NaN,
        "Interest Expense Non Operating": NaN,
        "Interest Income Non Operating": NaN,
        "Operating Income": NaN,
        "Operating Expense": NaN,
        "Depreciation Amortization Depletion Income Statement": NaN,
        "Depreciation And Amortization In Income Statement": NaN,
        "Amortization": NaN,
        "Amortization Of Intangibles Income Statement": NaN,
        "Depreciation Income Statement": NaN,
        "Research And Development": NaN,
        "Selling General And Administration": NaN,
        "Selling And Marketing Expense": NaN,
        "General And Administrative Expense": NaN,
        "Other Gand A": NaN,
        "Gross Profit": NaN,
        "Cost Of Revenue": NaN,
        "Total Revenue": NaN,
        "Operating Revenue": NaN
    },
    "2022-09-30": {
        "Tax Effect Of Unusual Items": -25005.345158,
        "Tax Rate For Calcs": 0.015687,
        "Normalized EBITDA": -6274000.0,
        "Total Unusual Items": -1594000.0,
        "Total Unusual Items Excluding Goodwill": -1594000.0,
        "Net Income From Continuing Operation Net Minority Interest": -73476000.0,
        "Reconciled Depreciation": 65433000.0,
        "Reconciled Cost Of Revenue": 182194000.0,
        "EBITDA": -7868000.0,
        "EBIT": -73301000.0,
        "Net Interest Income": -1346000.0,
        "Interest Expense": 1346000.0,
        "Interest Income": NaN,
        "Normalized Income": -71907005.345158,
        "Net Income From Continuing And Discontinued Operation": -73476000.0,
        "Total Expenses": 681538000.0,
        "Total Operating Income As Reported": -71730000.0,
        "Diluted Average Shares": 161727962.0,
        "Basic Average Shares": 161727962.0,
        "Diluted EPS": -0.45,
        "Basic EPS": -0.45,
        "Diluted NI Availto Com Stockholders": -73476000.0,
        "Net Income Common Stockholders": -73476000.0,
        "Net Income": -73476000.0,
        "Net Income Including Noncontrolling Interests": -73476000.0,
        "Net Income Continuous Operations": -73476000.0,
        "Tax Provision": -1171000.0,
        "Pretax Income": -74647000.0,
        "Other Income Expense": -3165000.0,
        "Other Non Operating Income Expenses": -1571000.0,
        "Special Income Charges": -1594000.0,
        "Impairment Of Capital Assets": 0.0,
        "Restructuring And Mergern Acquisition": 1594000.0,
        "Net Non Operating Interest Income Expense": -1346000.0,
        "Total Other Finance Cost": NaN,
        "Interest Expense Non Operating": 1346000.0,
        "Interest Income Non Operating": NaN,
        "Operating Income": -70136000.0,
        "Operating Expense": 495919000.0,
        "Depreciation Amortization Depletion Income Statement": 62008000.0,
        "Depreciation And Amortization In Income Statement": 62008000.0,
        "Research And Development": 87815000.0,
        "Selling General And Administration": 346096000.0,
        "Selling And Marketing Expense": 233554000.0,
        "General And Administrative Expense": 112542000.0,
        "Other Gand A": 112542000.0,
        "Salaries And Wages": NaN,
        "Gross Profit": 425783000.0,
        "Cost Of Revenue": 185619000.0,
        "Total Revenue": 611402000.0,
        "Operating Revenue": 611402000.0
    },
    "2022-06-30": {
        "Tax Effect Of Unusual Items": -1161290.141424,
        "Tax Rate For Calcs": 0.000383,
        "Normalized EBITDA": -1966000.0,
        "Total Unusual Items": -3032892000.0,
        "Total Unusual Items Excluding Goodwill": -3032892000.0,
        "Net Income From Continuing Operation Net Minority Interest": -3101461000.0,
        "Reconciled Depreciation": 63454000.0,
        "Reconciled Cost Of Revenue": 178387000.0,
        "EBITDA": -3034858000.0,
        "EBIT": -3098312000.0,
        "Net Interest Income": -4337000.0,
        "Interest Expense": 4337000.0,
        "Interest Income": NaN,
        "Normalized Income": -69730290.141424,
        "Net Income From Continuing And Discontinued Operation": -3101461000.0,
        "Total Expenses": 656039000.0,
        "Total Operating Income As Reported": -3096552000.0,
        "Diluted Average Shares": 161377695.0,
        "Basic Average Shares": 161377695.0,
        "Diluted EPS": -19.22,
        "Basic EPS": -19.22,
        "Diluted NI Availto Com Stockholders": -3101461000.0,
        "Net Income Common Stockholders": -3101461000.0,
        "Net Income": -3101461000.0,
        "Net Income Including Noncontrolling Interests": -3101461000.0,
        "Net Income Continuous Operations": -3101461000.0,
        "Tax Provision": -1188000.0,
        "Pretax Income": -3102649000.0,
        "Other Income Expense": -3034652000.0,
        "Other Non Operating Income Expenses": -1760000.0,
        "Special Income Charges": -3032892000.0,
        "Impairment Of Capital Assets": 3030000000.0,
        "Restructuring And Mergern Acquisition": 2892000.0,
        "Net Non Operating Interest Income Expense": -4337000.0,
        "Total Other Finance Cost": NaN,
        "Interest Expense Non Operating": 4337000.0,
        "Interest Income Non Operating": NaN,
        "Operating Income": -63660000.0,
        "Operating Expense": 473569000.0,
        "Depreciation Amortization Depletion Income Statement": 59371000.0,
        "Depreciation And Amortization In Income Statement": 59371000.0,
        "Research And Development": 80826000.0,
        "Selling General And Administration": 333372000.0,
        "Selling And Marketing Expense": 222504000.0,
        "General And Administrative Expense": 110868000.0,
        "Other Gand A": 110868000.0,
        "Salaries And Wages": NaN,
        "Gross Profit": 409909000.0,
        "Cost Of Revenue": 182470000.0,
        "Total Revenue": 592379000.0,
        "Operating Revenue": 592379000.0
    },
    "2022-03-31": {
        "Diluted EPS": -41.58,
        "Total Revenue": 565,
        "Gross Profit": 378,
        "Operating Income": NaN,
        "EBIT": -6,
        "Net Income": NaN
    },
    "2021-12-31": {
        "Diluted EPS": -0.03,
        "Total Revenue": 554,
        "Gross Profit": 379,
        "Operating Income": -41,
        "EBIT": 30,
        "Net Income": -11
    },
    "2021-09-30": {
        "Diluted EPS": -0.53,
        "Total Revenue": 522,
        "Gross Profit": 353,
        "Operating Income": -61,
        "EBIT": 9,
        "Net Income": -84
    },
    "2021-06-30": {
        "Diluted EPS": -0.86,
        "Total Revenue": 503,
        "Gross Profit": 343,
        "Operating Income": -79,
        "EBIT": -8,
        "Net Income": -134
    },
    "2021-03-31": {
        "Diluted EPS": -1.31,
        "Total Revenue": 454,
        "Gross Profit": 308,
        "Operating Income": -85,
        "EBIT": -15,
        "Net Income": -200
    },
    "2020-12-31": {
        "Diluted EPS": -4.19,
        "Total Revenue": 383,
        "Gross Profit": 260,
        "Operating Income": -459,
        "EBIT": -403,
        "Net Income": -394
    },
    "2020-09-30": {
        "Diluted EPS": -0.43,
        "Total Revenue": 289,
        "Gross Profit": 184,
        "Operating Income": -20,
        "EBIT": 9,
        "Net Income": -36
    },
    "2020-06-30": {
        "Diluted EPS": -0.34,
        "Total Revenue": 241,
        "Gross Profit": 150,
        "Operating Income": -7,
        "EBIT": 14,
        "Net Income": -26
    },
    "2020-03-31": {
        "Diluted EPS": -0.4,
        "Total Revenue": 181,
        "Gross Profit": 108,
        "Operating Income": -21,
        "EBIT": -3,
        "Net Income": -30
    },
    "2019-12-31": {
        "Diluted EPS": -0.26,
        "Total Revenue": 156,
        "Gross Profit": 101,
        "Operating Income": -16,
        "EBIT": 2,
        "Net Income": -19
    },
    "2019-09-30": {
        "Diluted EPS": -0.28,
        "Total Revenue": 138,
        "Gross Profit": 95,
        "Operating Income": -20,
        "EBIT": -1,
        "Net Income": -20
    },
    "2019-06-30": {
        "Diluted EPS": -0.41,
        "Total Revenue": 130,
        "Gross Profit": 89,
        "Operating Income": -22,
        "EBIT": -5,
        "Net Income": -29
    },
    "2019-03-31": {
        "Diluted EPS": -0.43,
        "Total Revenue": 129,
        "Gross Profit": 84,
        "Operating Income": -23,
        "EBIT": -5,
        "Net Income": -30
    },
    "2018-12-31": {
        "Diluted EPS": -0.34,
        "Total Revenue": 123,
        "Gross Profit": 83,
        "Operating Income": -18,
        "EBIT": -2,
        "Net Income": -25
    },
    "2018-09-30": {
        "Diluted EPS": -0.34,
        "Total Revenue": 111,
        "Gross Profit": 77,
        "Operating Income": -16,
        "EBIT": 0,
        "Net Income": -23
    },
    "2018-06-30": {
        "Diluted EPS": -0.4,
        "Total Revenue": 95,
        "Gross Profit": 67,
        "Operating Income": -18,
        "EBIT": -5,
        "Net Income": -25
    },
    "2018-03-31": {
        "Diluted EPS": -0.39,
        "Total Revenue": 90,
        "Gross Profit": 63,
        "Operating Income": -19,
        "EBIT": -8,
        "Net Income": -24
    },
    "2017-12-31": {
        "Diluted EPS": -0.8,
        "Total Revenue": 77,
        "Gross Profit": 54,
        "Operating Income": -25,
        "EBIT": -1,
        "Net Income": -44
    },
    "2017-09-30": {
        "Diluted EPS": -0.55,
        "Total Revenue": 69,
        "Gross Profit": 52,
        "Operating Income": -22,
        "EBIT": -10,
        "Net Income": -31
    },
    "2017-06-30": {
        "Diluted EPS": -0.28,
        "Total Revenue": 45,
        "Gross Profit": 35,
        "Operating Income": -14,
        "EBIT": -12,
        "Net Income": -15
    },
    "2017-03-31": {
        "Diluted EPS": -0.3,
        "Total Revenue": 43,
        "Gross Profit": 31,
        "Operating Income": -15,
        "EBIT": -12,
        "Net Income": -16
    },
    "2016-12-31": {
        "Diluted EPS": -0.32,
        "Total Revenue": 37,
        "Gross Profit": 27,
        "Operating Income": -13,
        "EBIT": -10,
        "Net Income": -14
    },
    "2016-09-30": {
        "Diluted EPS": -0.65,
        "Total Revenue": 32,
        "Gross Profit": 25,
        "Operating Income": -20,
        "EBIT": -10,
        "Net Income": -30
    },
    "2016-06-30": {
        "Diluted EPS": -0.38,
        "Total Revenue": 26,
        "Gross Profit": 20,
        "Operating Income": -14,
        "EBIT": -13,
        "Net Income": -15
    },
    "2016-03-31": {
        "Diluted EPS": -0.4,
        "Total Revenue": 27,
        "Gross Profit": 19,
        "Operating Income": -15,
        "EBIT": -13,
        "Net Income": -15
    },
    "2015-12-31": {
        "Diluted EPS": 10.53,
        "Total Revenue": 23,
        "Gross Profit": 16,
        "Operating Income": -14,
        "EBIT": -13,
        "Net Income": -15
    },
    "2015-09-30": {
        "Diluted EPS": -0.37,
        "Total Revenue": 20,
        "Gross Profit": 15,
        "Operating Income": -13,
        "EBIT": -11,
        "Net Income": -13
    },
    "2015-06-30": {
        "Diluted EPS": -7.2,
        "Total Revenue": 18,
        "Gross Profit": 13,
        "Operating Income": -16,
        "EBIT": -15,
        "Net Income": -17
    },
    "2015-03-31": {
        "Diluted EPS": -5.87,
        "Total Revenue": 16,
        "Gross Profit": 11,
        "Operating Income": -13,
        "EBIT": -12,
        "Net Income": -13
    },
    "2014-12-31": {
        "Diluted EPS": -3.07,
        "Total Revenue": 13,
        "Gross Profit": 9,
        "Operating Income": -6,
        "EBIT": -6,
        "Net Income": -7
    },
    "2014-09-30": {
        "Diluted EPS": -2.68,
        "Total Revenue": 11,
        "Gross Profit": 9,
        "Operating Income": -4,
        "EBIT": -3,
        "Net Income": -6
    },
    "2014-06-30": {
        "Diluted EPS": -2.15,
        "Total Revenue": 10,
        "Gross Profit": 8,
        "Operating Income": -3,
        "EBIT": -2,
        "Net Income": -4
    },
    "2014-03-31": {
        "Diluted EPS": -2.35,
        "Total Revenue": 9,
        "Gross Profit": 7,
        "Operating Income": -2,
        "EBIT": -2,
        "Net Income": -3
    },
    "2013-12-31": {
        "Diluted EPS": 0.0,
        "Total Revenue": NaN,
        "Gross Profit": NaN,
        "Operating Income": NaN,
        "EBIT": NaN,
        "Net Income": NaN
    },
    "2023-09-30": {
        "Tax Effect Of Unusual Items": -260049.028662,
        "Tax Rate For Calcs": 0.041708,
        "Normalized EBITDA": 49814000.0,
        "Total Unusual Items": -6235000.0,
        "Total Unusual Items Excluding Goodwill": -6235000.0,
        "Net Income From Continuing Operation Net Minority Interest": -57073000.0,
        "Reconciled Depreciation": 97490000.0,
        "Reconciled Cost Of Revenue": 182772000.0,
        "EBITDA": 43579000.0,
        "EBIT": -53911000.0,
        "Net Interest Income": 6960000.0,
        "Interest Expense": 5646000.0,
        "Interest Income": 12606000.0,
        "Normalized Income": -51098049.028662,
        "Net Income From Continuing And Discontinued Operation": -57073000.0,
        "Total Expenses": 718728000.0,
        "Total Operating Income As Reported": -64725000.0,
        "Diluted Average Shares": 165119379.0,
        "Basic Average Shares": 165119379.0,
        "Diluted EPS": -0.35,
        "Basic EPS": -0.35,
        "Diluted NI Availto Com Stockholders": -57073000.0,
        "Net Income Common Stockholders": -57073000.0,
        "Net Income": -57073000.0,
        "Net Income Including Noncontrolling Interests": -57073000.0,
        "Net Income Continuous Operations": -57073000.0,
        "Tax Provision": -2484000.0,
        "Pretax Income": -59557000.0,
        "Other Income Expense": -8027000.0,
        "Other Non Operating Income Expenses": -1792000.0,
        "Special Income Charges": -6235000.0,
        "Impairment Of Capital Assets": 0.0,
        "Restructuring And Mergern Acquisition": 6235000.0,
        "Net Non Operating Interest Income Expense": 6960000.0,
        "Total Other Finance Cost": NaN,
        "Interest Expense Non Operating": 5646000.0,
        "Interest Income Non Operating": 12606000.0,
        "Operating Income": -58490000.0,
        "Operating Expense": 532768000.0,
        "Depreciation Amortization Depletion Income Statement": 94302000.0,
        "Depreciation And Amortization In Income Statement": 94302000.0,
        "Amortization": NaN,
        "Amortization Of Intangibles Income Statement": NaN,
        "Depreciation Income Statement": NaN,
        "Research And Development": 84289000.0,
        "Selling General And Administration": 354177000.0,
        "Selling And Marketing Expense": 238461000.0,
        "General And Administrative Expense": 115716000.0,
        "Other Gand A": 115716000.0,
        "Gross Profit": 474278000.0,
        "Cost Of Revenue": 185960000.0,
        "Total Revenue": 660238000.0,
        "Operating Revenue": 660238000.0
    },
    "2023-12-31": {
        "Tax Effect Of Unusual Items": -1083810.0,
        "Tax Rate For Calcs": 0.21,
        "Normalized EBITDA": 86807000.0,
        "Total Unusual Items": -5161000.0,
        "Total Unusual Items Excluding Goodwill": -5161000.0,
        "Net Income From Continuing Operation Net Minority Interest": -28890000.0,
        "Reconciled Depreciation": 101483000.0,
        "Reconciled Cost Of Revenue": 189462000.0,
        "EBITDA": 81646000.0,
        "EBIT": -19837000.0,
        "Net Interest Income": 8169000.0,
        "Interest Expense": 5538000.0,
        "Interest Income": 13707000.0,
        "Normalized Income": -24812810.0,
        "Net Income From Continuing And Discontinued Operation": -28890000.0,
        "Total Expenses": 690447000.0,
        "Total Operating Income As Reported": -35081000.0,
        "Diluted Average Shares": 166059023.0,
        "Basic Average Shares": 166059023.0,
        "Diluted EPS": -0.17,
        "Basic EPS": -0.17,
        "Diluted NI Availto Com Stockholders": -28890000.0,
        "Net Income Common Stockholders": -28890000.0,
        "Net Income": -28890000.0,
        "Net Income Including Noncontrolling Interests": -28890000.0,
        "Net Income Continuous Operations": -28890000.0,
        "Tax Provision": 3515000.0,
        "Pretax Income": -25375000.0,
        "Other Income Expense": -3624000.0,
        "Other Non Operating Income Expenses": 1537000.0,
        "Special Income Charges": -5161000.0,
        "Impairment Of Capital Assets": 0.0,
        "Restructuring And Mergern Acquisition": 5161000.0,
        "Net Non Operating Interest Income Expense": 8169000.0,
        "Total Other Finance Cost": NaN,
        "Interest Expense Non Operating": 5538000.0,
        "Interest Income Non Operating": 13707000.0,
        "Operating Income": -29920000.0,
        "Operating Expense": 497023000.0,
        "Depreciation Amortization Depletion Income Statement": 97521000.0,
        "Depreciation And Amortization In Income Statement": 97521000.0,
        "Amortization": NaN,
        "Amortization Of Intangibles Income Statement": NaN,
        "Depreciation Income Statement": NaN,
        "Research And Development": 89938000.0,
        "Selling General And Administration": 309564000.0,
        "Selling And Marketing Expense": 200607000.0,
        "General And Administrative Expense": 108957000.0,
        "Other Gand A": 108957000.0,
        "Gross Profit": 467103000.0,
        "Cost Of Revenue": 193424000.0,
        "Total Revenue": 660527000.0,
        "Operating Revenue": 340633000.0
    },
    "2024-03-31": {
        "Tax Effect Of Unusual Items": -2109660.0,
        "Tax Rate For Calcs": 0.21,
        "Normalized EBITDA": 37001000.0,
        "Total Unusual Items": -10046000.0,
        "Total Unusual Items Excluding Goodwill": -10046000.0,
        "Net Income From Continuing Operation Net Minority Interest": -81889000.0,
        "Reconciled Depreciation": 100505000.0,
        "Reconciled Cost Of Revenue": 191924000.0,
        "EBITDA": 26955000.0,
        "EBIT": -73550000.0,
        "Net Interest Income": 8293000.0,
        "Interest Expense": 5649000.0,
        "Interest Income": 13942000.0,
        "Normalized Income": -73952660.0,
        "Net Income From Continuing And Discontinued Operation": -81889000.0,
        "Total Expenses": 723207000.0,
        "Total Operating Income As Reported": -87122000.0,
        "Diluted Average Shares": 167730746.0,
        "Basic Average Shares": 167730746.0,
        "Diluted EPS": -0.49,
        "Basic EPS": -0.49,
        "Diluted NI Availto Com Stockholders": -81889000.0,
        "Net Income Common Stockholders": -81889000.0,
        "Net Income": -81889000.0,
        "Net Income Including Noncontrolling Interests": -81889000.0,
        "Net Income Continuous Operations": -81889000.0,
        "Tax Provision": 2690000.0,
        "Pretax Income": -79199000.0,
        "Other Income Expense": -10416000.0,
        "Other Non Operating Income Expenses": -370000.0,
        "Special Income Charges": -10046000.0,
        "Impairment Of Capital Assets": NaN,
        "Restructuring And Mergern Acquisition": 10046000.0,
        "Net Non Operating Interest Income Expense": 8293000.0,
        "Total Other Finance Cost": NaN,
        "Interest Expense Non Operating": 5649000.0,
        "Interest Income Non Operating": 13942000.0,
        "Operating Income": -77076000.0,
        "Operating Expense": 528669000.0,
        "Depreciation Amortization Depletion Income Statement": 97891000.0,
        "Depreciation And Amortization In Income Statement": 97891000.0,
        "Amortization": 95057000.0,
        "Amortization Of Intangibles Income Statement": 95057000.0,
        "Depreciation Income Statement": 2834000.0,
        "Research And Development": 81388000.0,
        "Selling General And Administration": 349390000.0,
        "Selling And Marketing Expense": 237693000.0,
        "General And Administrative Expense": 111697000.0,
        "Other Gand A": 111697000.0,
        "Gross Profit": 451593000.0,
        "Cost Of Revenue": 194538000.0,
        "Total Revenue": 646131000.0,
        "Operating Revenue": 646131000.0
    },
    "2024-06-30": {
        "Tax Effect Of Unusual Items": -166310970.0,
        "Tax Rate For Calcs": 0.21,
        "Normalized EBITDA": 62671000.0,
        "Total Unusual Items": -791957000.0,
        "Total Unusual Items Excluding Goodwill": -791957000.0,
        "Net Income From Continuing Operation Net Minority Interest": -837671000.0,
        "Reconciled Depreciation": 98853000.0,
        "Reconciled Cost Of Revenue": 185771000.0,
        "EBITDA": -729286000.0,
        "EBIT": -828139000.0,
        "Net Interest Income": 7924000.0,
        "Interest Expense": 5648000.0,
        "Interest Income": 13572000.0,
        "Normalized Income": -212024970.0,
        "Net Income From Continuing And Discontinued Operation": -837671000.0,
        "Total Expenses": 691635000.0,
        "Total Operating Income As Reported": -841148000.0,
        "Diluted Average Shares": 170229583.0,
        "Basic Average Shares": 170229583.0,
        "Diluted EPS": -4.92,
        "Basic EPS": -4.92,
        "Diluted NI Availto Com Stockholders": -837671000.0,
        "Net Income Common Stockholders": -837671000.0,
        "Net Income": -837671000.0,
        "Net Income Including Noncontrolling Interests": -837671000.0,
        "Net Income Continuous Operations": -837671000.0,
        "Tax Provision": 3884000.0,
        "Pretax Income": -833787000.0,
        "Other Income Expense": -792520000.0,
        "Other Non Operating Income Expenses": -563000.0,
        "Special Income Charges": -791957000.0,
        "Impairment Of Capital Assets": 790000000.0,
        "Restructuring And Mergern Acquisition": 1957000.0,
        "Net Non Operating Interest Income Expense": 7924000.0,
        "Total Other Finance Cost": NaN,
        "Interest Expense Non Operating": 5648000.0,
        "Interest Income Non Operating": 13572000.0,
        "Operating Income": -49191000.0,
        "Operating Expense": 503576000.0,
        "Depreciation Amortization Depletion Income Statement": 96565000.0,
        "Depreciation And Amortization In Income Statement": 96565000.0,
        "Amortization": 94862000.0,
        "Amortization Of Intangibles Income Statement": 94862000.0,
        "Depreciation Income Statement": 1703000.0,
        "Research And Development": 76751000.0,
        "Selling General And Administration": 330260000.0,
        "Selling And Marketing Expense": 220708000.0,
        "General And Administrative Expense": 109552000.0,
        "Other Gand A": 109552000.0,
        "Gross Profit": 454385000.0,
        "Cost Of Revenue": 188059000.0,
        "Total Revenue": 642444000.0,
        "Operating Revenue": 642444000.0
    }
}