{
    "2023-03-31": {
        "Tax Effect Of Unusual Items": 0.0,
        "Tax Rate For Calcs": 0.21,
        "Normalized EBITDA": -16026000.0,
        "Net Income From Continuing Operation Net Minority Interest": -19793000.0,
        "Reconciled Depreciation": 3681000.0,
        "Reconciled Cost Of Revenue": 24829000.0,
        "EBITDA": -16026000.0,
        "EBIT": -19707000.0,
        "Net Interest Income": -77000.0,
        "Interest Expense": 77000.0,
        "Normalized Income": -19793000.0,
        "Net Income From Continuing And Discontinued Operation": -19793000.0,
        "Total Expenses": 96105000.0,
        "Total Operating Income As Reported": -20183000.0,
        "Diluted Average Shares": 101984000.0,
        "Basic Average Shares": 101984000.0,
        "Diluted EPS": -0.19,
        "Basic EPS": -0.19,
        "Diluted NI Availto Com Stockholders": -19793000.0,
        "Net Income Common Stockholders": -19793000.0,
        "Net Income": -19793000.0,
        "Net Income Including Noncontrolling Interests": -19793000.0,
        "Net Income Continuous Operations": -19793000.0,
        "Tax Provision": 9000.0,
        "Pretax Income": -19784000.0,
        "Other Income Expense": 476000.0,
        "Other Non Operating Income Expenses": 476000.0,
        "Net Non Operating Interest Income Expense": -77000.0,
        "Interest Expense Non Operating": 77000.0,
        "Operating Income": -20183000.0,
        "Operating Expense": 71276000.0,
        "Other Operating Expenses": 38347000.0,
        "Selling General And Administration": 32929000.0,
        "Selling And Marketing Expense": 16870000.0,
        "General And Administrative Expense": 16059000.0,
        "Other Gand A": 16059000.0,
        "Gross Profit": 51093000.0,
        "Cost Of Revenue": 24829000.0,
        "Total Revenue": 75922000.0,
        "Operating Revenue": 75922000.0
    },
    "2022-12-31": {
        "Tax Effect Of Unusual Items": 0.0,
        "Tax Rate For Calcs": 0.21,
        "Normalized EBITDA": -19454000.0,
        "Net Income From Continuing Operation Net Minority Interest": -19499000.0,
        "Reconciled Depreciation": 3816000.0,
        "Reconciled Cost Of Revenue": 26352000.0,
        "EBITDA": -19454000.0,
        "EBIT": -19454000.0,
        "Net Interest Income": -41000.0,
        "Interest Expense": 41000.0,
        "Normalized Income": -19499000.0,
        "Net Income From Continuing And Discontinued Operation": -19499000.0,
        "Total Expenses": 87707000.0,
        "Total Operating Income As Reported": -16389000.0,
        "Diluted Average Shares": 101027000.0,
        "Basic Average Shares": 101027000.0,
        "Diluted EPS": -0.19,
        "Basic EPS": -0.19,
        "Diluted NI Availto Com Stockholders": -19499000.0,
        "Net Income Common Stockholders": -19499000.0,
        "Net Income": -19499000.0,
        "Net Income Including Noncontrolling Interests": -19499000.0,
        "Net Income Continuous Operations": -19499000.0,
        "Tax Provision": 4000.0,
        "Pretax Income": -19495000.0,
        "Other Income Expense": -3065000.0,
        "Other Non Operating Income Expenses": -3065000.0,
        "Net Non Operating Interest Income Expense": -41000.0,
        "Interest Expense Non Operating": 41000.0,
        "Operating Income": -16389000.0,
        "Operating Expense": 61355000.0,
        "Other Operating Expenses": 33818000.0,
        "Selling General And Administration": 27537000.0,
        "Selling And Marketing Expense": 12999000.0,
        "General And Administrative Expense": 14538000.0,
        "Other Gand A": 14538000.0,
        "Gross Profit": 44966000.0,
        "Cost Of Revenue": 26352000.0,
        "Total Revenue": 71318000.0,
        "Operating Revenue": 71318000.0
    },
    "2022-09-30": {
        "Tax Effect Of Unusual Items": 0.0,
        "Tax Rate For Calcs": 0.4,
        "Normalized EBITDA": -20027000.0,
        "Net Income From Continuing Operation Net Minority Interest": -23678000.0,
        "Reconciled Depreciation": 3539000.0,
        "Reconciled Cost Of Revenue": 23449000.0,
        "EBITDA": -20027000.0,
        "EBIT": -23566000.0,
        "Net Interest Income": -103000.0,
        "Interest Expense": 103000.0,
        "Normalized Income": -23678000.0,
        "Net Income From Continuing And Discontinued Operation": -23678000.0,
        "Total Expenses": 92135000.0,
        "Total Operating Income As Reported": -24190000.0,
        "Diluted Average Shares": 100253000.0,
        "Basic Average Shares": 100253000.0,
        "Diluted EPS": -0.24,
        "Basic EPS": -0.24,
        "Diluted NI Availto Com Stockholders": -23678000.0,
        "Net Income Common Stockholders": -23678000.0,
        "Net Income": -23678000.0,
        "Net Income Including Noncontrolling Interests": -23678000.0,
        "Net Income Continuous Operations": -23678000.0,
        "Tax Provision": 9000.0,
        "Pretax Income": -23669000.0,
        "Other Income Expense": 624000.0,
        "Other Non Operating Income Expenses": 624000.0,
        "Net Non Operating Interest Income Expense": -103000.0,
        "Interest Expense Non Operating": 103000.0,
        "Operating Income": -24190000.0,
        "Operating Expense": 68686000.0,
        "Other Operating Expenses": 38702000.0,
        "Selling General And Administration": 29984000.0,
        "Selling And Marketing Expense": 14752000.0,
        "General And Administrative Expense": 15232000.0,
        "Other Gand A": 15232000.0,
        "Gross Profit": 44496000.0,
        "Cost Of Revenue": 23449000.0,
        "Total Revenue": 67945000.0,
        "Operating Revenue": 67945000.0
    },
    "2022-06-30": {
        "Tax Effect Of Unusual Items": 0.0,
        "Tax Rate For Calcs": 0.4,
        "Normalized EBITDA": -24745000.0,
        "Net Income From Continuing Operation Net Minority Interest": -28399000.0,
        "Reconciled Depreciation": 3407000.0,
        "Reconciled Cost Of Revenue": 23773000.0,
        "EBITDA": -24745000.0,
        "EBIT": -28152000.0,
        "Net Interest Income": -238000.0,
        "Interest Expense": 238000.0,
        "Normalized Income": -28399000.0,
        "Net Income From Continuing And Discontinued Operation": -28399000.0,
        "Total Expenses": 104754000.0,
        "Total Operating Income As Reported": -28333000.0,
        "Diluted Average Shares": 99331000.0,
        "Basic Average Shares": 99331000.0,
        "Diluted EPS": -0.29,
        "Basic EPS": -0.29,
        "Diluted NI Availto Com Stockholders": -28399000.0,
        "Net Income Common Stockholders": -28399000.0,
        "Net Income": -28399000.0,
        "Net Income Including Noncontrolling Interests": -28399000.0,
        "Net Income Continuous Operations": -28399000.0,
        "Tax Provision": 9000.0,
        "Pretax Income": -28390000.0,
        "Other Income Expense": 181000.0,
        "Other Non Operating Income Expenses": 181000.0,
        "Net Non Operating Interest Income Expense": -238000.0,
        "Interest Expense Non Operating": 238000.0,
        "Operating Income": -28333000.0,
        "Operating Expense": 80981000.0,
        "Other Operating Expenses": 547000.0,
        "Selling General And Administration": 80434000.0,
        "Selling And Marketing Expense": 16172000.0,
        "General And Administrative Expense": 64262000.0,
        "Other Gand A": 22343000.0,
        "Salaries And Wages": 41919000.0,
        "Gross Profit": 52648000.0,
        "Cost Of Revenue": 23773000.0,
        "Total Revenue": 76421000.0,
        "Operating Revenue": 76421000.0
    },
    "2022-03-31": {
        "Diluted EPS": -0.21,
        "Total Revenue": 73,
        "Gross Profit": 50,
        "Operating Income": -21,
        "EBIT": -16,
        "Net Income": -21
    },
    "2021-12-31": {
        "Diluted EPS": 0.34,
        "Total Revenue": 73,
        "Gross Profit": 48,
        "Operating Income": -18,
        "EBIT": -15,
        "Net Income": -18
    },
    "2021-09-30": {
        "Diluted EPS": -0.15,
        "Total Revenue": 63,
        "Gross Profit": 46,
        "Operating Income": -15,
        "EBIT": -12,
        "Net Income": -15
    },
    "2021-06-30": {
        "Diluted EPS": -0.15,
        "Total Revenue": 60,
        "Gross Profit": 44,
        "Operating Income": -14,
        "EBIT": -11,
        "Net Income": -14
    },
    "2021-03-31": {
        "Diluted EPS": -0.86,
        "Total Revenue": 56,
        "Gross Profit": 40,
        "Operating Income": -15,
        "EBIT": -11,
        "Net Income": -16
    },
    "2020-12-31": {
        "Diluted EPS": -1.37,
        "Total Revenue": 43,
        "Gross Profit": 30,
        "Operating Income": -16,
        "EBIT": -13,
        "Net Income": -17
    },
    "2020-09-30": {
        "Diluted EPS": -0.93,
        "Total Revenue": 47,
        "Gross Profit": 33,
        "Operating Income": -11,
        "EBIT": -8,
        "Net Income": -11
    },
    "2020-06-30": {
        "Diluted EPS": -0.61,
        "Total Revenue": 47,
        "Gross Profit": 33,
        "Operating Income": -6,
        "EBIT": -4,
        "Net Income": -7
    },
    "2020-03-31": {
        "Diluted EPS": -1.23,
        "Total Revenue": 48,
        "Gross Profit": 33,
        "Operating Income": -13,
        "EBIT": -11,
        "Net Income": -13
    },
    "2019-12-31": {
        "Diluted EPS": 0.0,
        "Total Revenue": NaN,
        "Gross Profit": NaN,
        "Operating Income": NaN,
        "EBIT": NaN,
        "Net Income": NaN
    },
    "2018-12-31": {
        "Diluted EPS": 0.0,
        "Total Revenue": NaN,
        "Gross Profit": NaN,
        "Operating Income": NaN,
        "EBIT": NaN,
        "Net Income": NaN
    },
    "2023-06-30": {
        "Tax Effect Of Unusual Items": 0.0,
        "Tax Rate For Calcs": 0.4,
        "Normalized EBITDA": -13191000.0,
        "Net Income From Continuing Operation Net Minority Interest": -18760000.0,
        "Reconciled Depreciation": 4836000.0,
        "Reconciled Cost Of Revenue": 26926000.0,
        "EBITDA": -13191000.0,
        "EBIT": -18027000.0,
        "Net Interest Income": -721000.0,
        "Interest Expense": 721000.0,
        "Normalized Income": -18760000.0,
        "Net Income From Continuing And Discontinued Operation": -18760000.0,
        "Total Expenses": 101370000.0,
        "Total Operating Income As Reported": -18712000.0,
        "Diluted Average Shares": 103905000.0,
        "Basic Average Shares": 103905000.0,
        "Diluted EPS": -0.18,
        "Basic EPS": -0.18,
        "Diluted NI Availto Com Stockholders": -18760000.0,
        "Net Income Common Stockholders": -18760000.0,
        "Net Income": -18760000.0,
        "Net Income Including Noncontrolling Interests": -18760000.0,
        "Net Income Continuous Operations": -18760000.0,
        "Tax Provision": 12000.0,
        "Pretax Income": -18748000.0,
        "Other Income Expense": 685000.0,
        "Other Non Operating Income Expenses": 685000.0,
        "Net Non Operating Interest Income Expense": -721000.0,
        "Interest Expense Non Operating": 721000.0,
        "Operating Income": -18712000.0,
        "Operating Expense": 74444000.0,
        "Other Operating Expenses": 39771000.0,
        "Selling General And Administration": 34673000.0,
        "Selling And Marketing Expense": 18643000.0,
        "General And Administrative Expense": 16030000.0,
        "Other Gand A": 16030000.0,
        "Gross Profit": 55732000.0,
        "Cost Of Revenue": 26926000.0,
        "Total Revenue": 82658000.0,
        "Operating Revenue": 82658000.0
    },
    "2023-09-30": {
        "Tax Effect Of Unusual Items": 0.0,
        "Tax Rate For Calcs": 0.21,
        "Normalized EBITDA": -17347000.0,
        "Net Income From Continuing Operation Net Minority Interest": -18082000.0,
        "Reconciled Depreciation": 5364000.0,
        "Reconciled Cost Of Revenue": 25422000.0,
        "EBITDA": -17347000.0,
        "EBIT": -17347000.0,
        "Net Interest Income": -732000.0,
        "Interest Expense": 732000.0,
        "Normalized Income": -18082000.0,
        "Net Income From Continuing And Discontinued Operation": -18082000.0,
        "Total Expenses": 100241000.0,
        "Total Operating Income As Reported": -18192000.0,
        "Diluted Average Shares": 105898000.0,
        "Basic Average Shares": 105898000.0,
        "Diluted EPS": -0.17,
        "Basic EPS": -0.17,
        "Diluted NI Availto Com Stockholders": -18082000.0,
        "Net Income Common Stockholders": -18082000.0,
        "Net Income": -18082000.0,
        "Net Income Including Noncontrolling Interests": -18082000.0,
        "Net Income Continuous Operations": -18082000.0,
        "Tax Provision": 3000.0,
        "Pretax Income": -18079000.0,
        "Other Income Expense": 845000.0,
        "Other Non Operating Income Expenses": 845000.0,
        "Net Non Operating Interest Income Expense": -732000.0,
        "Interest Expense Non Operating": 732000.0,
        "Operating Income": -18192000.0,
        "Operating Expense": 74819000.0,
        "Other Operating Expenses": 40355000.0,
        "Selling General And Administration": 34464000.0,
        "Selling And Marketing Expense": 19406000.0,
        "General And Administrative Expense": 15058000.0,
        "Other Gand A": 15058000.0,
        "Gross Profit": 56627000.0,
        "Cost Of Revenue": 25422000.0,
        "Total Revenue": 82049000.0,
        "Operating Revenue": 82049000.0
    }
}