{
    "2023-03-31": {
        "Tax Effect Of Unusual Items": NaN,
        "Tax Rate For Calcs": NaN,
        "Normalized EBITDA": NaN,
        "Total Unusual Items": NaN,
        "Total Unusual Items Excluding Goodwill": NaN,
        "Net Income From Continuing Operation Net Minority Interest": NaN,
        "Reconciled Depreciation": NaN,
        "Reconciled Cost Of Revenue": NaN,
        "EBITDA": NaN,
        "EBIT": NaN,
        "Net Interest Income": NaN,
        "Interest Expense": NaN,
        "Interest Income": NaN,
        "Normalized Income": NaN,
        "Net Income From Continuing And Discontinued Operation": NaN,
        "Total Expenses": NaN,
        "Total Operating Income As Reported": NaN,
        "Diluted Average Shares": 51972000.0,
        "Basic Average Shares": 50604000.0,
        "Diluted EPS": 0.21,
        "Basic EPS": 0.21,
        "Diluted NI Availto Com Stockholders": NaN,
        "Net Income Common Stockholders": NaN,
        "Net Income": NaN,
        "Minority Interests": NaN,
        "Net Income Including Noncontrolling Interests": NaN,
        "Net Income Continuous Operations": NaN,
        "Tax Provision": NaN,
        "Pretax Income": NaN,
        "Other Income Expense": NaN,
        "Special Income Charges": NaN,
        "Gain On Sale Of Ppe": NaN,
        "Impairment Of Capital Assets": 0.0,
        "Earnings From Equity Interest": NaN,
        "Gain On Sale Of Security": NaN,
        "Net Non Operating Interest Income Expense": NaN,
        "Interest Expense Non Operating": NaN,
        "Interest Income Non Operating": NaN,
        "Operating Income": NaN,
        "Operating Expense": NaN,
        "Selling General And Administration": NaN,
        "General And Administrative Expense": NaN,
        "Other Gand A": NaN,
        "Gross Profit": NaN,
        "Cost Of Revenue": NaN,
        "Total Revenue": NaN,
        "Operating Revenue": NaN
    },
    "2022-12-31": {
        "Tax Effect Of Unusual Items": NaN,
        "Tax Rate For Calcs": NaN,
        "Normalized EBITDA": NaN,
        "Total Unusual Items": NaN,
        "Total Unusual Items Excluding Goodwill": NaN,
        "Net Income From Continuing Operation Net Minority Interest": NaN,
        "Reconciled Depreciation": NaN,
        "Reconciled Cost Of Revenue": NaN,
        "EBITDA": NaN,
        "EBIT": NaN,
        "Net Interest Income": NaN,
        "Interest Expense": NaN,
        "Interest Income": NaN,
        "Normalized Income": NaN,
        "Net Income From Continuing And Discontinued Operation": NaN,
        "Total Expenses": NaN,
        "Total Operating Income As Reported": NaN,
        "Diluted Average Shares": NaN,
        "Basic Average Shares": NaN,
        "Diluted EPS": NaN,
        "Basic EPS": NaN,
        "Diluted NI Availto Com Stockholders": NaN,
        "Net Income Common Stockholders": NaN,
        "Net Income": NaN,
        "Minority Interests": NaN,
        "Net Income Including Noncontrolling Interests": NaN,
        "Net Income Continuous Operations": NaN,
        "Tax Provision": NaN,
        "Pretax Income": NaN,
        "Other Income Expense": NaN,
        "Special Income Charges": NaN,
        "Gain On Sale Of Ppe": NaN,
        "Write Off": 0.0,
        "Impairment Of Capital Assets": 0.0,
        "Earnings From Equity Interest": NaN,
        "Gain On Sale Of Security": NaN,
        "Net Non Operating Interest Income Expense": NaN,
        "Interest Expense Non Operating": NaN,
        "Interest Income Non Operating": NaN,
        "Operating Income": NaN,
        "Operating Expense": NaN,
        "Selling General And Administration": NaN,
        "General And Administrative Expense": NaN,
        "Other Gand A": NaN,
        "Gross Profit": NaN,
        "Cost Of Revenue": NaN,
        "Total Revenue": NaN,
        "Operating Revenue": NaN
    },
    "2022-09-30": {
        "Tax Effect Of Unusual Items": NaN,
        "Tax Rate For Calcs": NaN,
        "Normalized EBITDA": NaN,
        "Total Unusual Items": NaN,
        "Total Unusual Items Excluding Goodwill": NaN,
        "Net Income From Continuing Operation Net Minority Interest": NaN,
        "Reconciled Depreciation": NaN,
        "Reconciled Cost Of Revenue": NaN,
        "EBITDA": NaN,
        "EBIT": NaN,
        "Net Interest Income": NaN,
        "Interest Expense": NaN,
        "Interest Income": NaN,
        "Normalized Income": NaN,
        "Net Income From Continuing And Discontinued Operation": NaN,
        "Total Expenses": NaN,
        "Total Operating Income As Reported": NaN,
        "Diluted Average Shares": NaN,
        "Basic Average Shares": NaN,
        "Diluted EPS": NaN,
        "Basic EPS": NaN,
        "Diluted NI Availto Com Stockholders": NaN,
        "Net Income Common Stockholders": NaN,
        "Net Income": NaN,
        "Minority Interests": NaN,
        "Net Income Including Noncontrolling Interests": NaN,
        "Net Income Continuous Operations": NaN,
        "Tax Provision": NaN,
        "Pretax Income": NaN,
        "Other Income Expense": NaN,
        "Special Income Charges": NaN,
        "Gain On Sale Of Ppe": NaN,
        "Write Off": 0.0,
        "Impairment Of Capital Assets": NaN,
        "Earnings From Equity Interest": NaN,
        "Gain On Sale Of Security": NaN,
        "Net Non Operating Interest Income Expense": NaN,
        "Interest Expense Non Operating": NaN,
        "Interest Income Non Operating": NaN,
        "Operating Income": NaN,
        "Operating Expense": NaN,
        "Selling General And Administration": NaN,
        "General And Administrative Expense": NaN,
        "Other Gand A": NaN,
        "Gross Profit": NaN,
        "Cost Of Revenue": NaN,
        "Total Revenue": NaN,
        "Operating Revenue": NaN
    },
    "2022-06-30": {
        "Tax Effect Of Unusual Items": -6941200.0,
        "Tax Rate For Calcs": 0.4,
        "Normalized EBITDA": 25856000.0,
        "Total Unusual Items": -17353000.0,
        "Total Unusual Items Excluding Goodwill": -17353000.0,
        "Net Income From Continuing Operation Net Minority Interest": -25581000.0,
        "Reconciled Depreciation": 22614000.0,
        "Reconciled Cost Of Revenue": 132506000.0,
        "EBITDA": 8503000.0,
        "EBIT": -14111000.0,
        "Net Interest Income": -3935000.0,
        "Interest Expense": 4284000.0,
        "Interest Income": 349000.0,
        "Normalized Income": -15169200.0,
        "Net Income From Continuing And Discontinued Operation": -25581000.0,
        "Total Expenses": 160310000.0,
        "Total Operating Income As Reported": 1840000.0,
        "Diluted Average Shares": 41814000.0,
        "Basic Average Shares": 41814000.0,
        "Diluted EPS": -0.61,
        "Basic EPS": -0.61,
        "Diluted NI Availto Com Stockholders": -25581000.0,
        "Net Income Common Stockholders": -25581000.0,
        "Net Income": -25581000.0,
        "Minority Interests": -567000.0,
        "Net Income Including Noncontrolling Interests": -25014000.0,
        "Net Income Continuous Operations": -25014000.0,
        "Tax Provision": 6619000.0,
        "Pretax Income": -18395000.0,
        "Other Income Expense": -17597000.0,
        "Special Income Charges": -1297000.0,
        "Gain On Sale Of Ppe": -1297000.0,
        "Write Off": 0.0,
        "Impairment Of Capital Assets": 0.0,
        "Earnings From Equity Interest": -244000.0,
        "Gain On Sale Of Security": -16056000.0,
        "Net Non Operating Interest Income Expense": -3935000.0,
        "Interest Expense Non Operating": 4284000.0,
        "Interest Income Non Operating": 349000.0,
        "Operating Income": 3137000.0,
        "Operating Expense": 27804000.0,
        "Selling General And Administration": 27804000.0,
        "General And Administrative Expense": 27804000.0,
        "Other Gand A": 27804000.0,
        "Gross Profit": 30941000.0,
        "Cost Of Revenue": 132506000.0,
        "Total Revenue": 163447000.0,
        "Operating Revenue": 162175000.0
    },
    "2022-03-31": {
        "Diluted EPS": -0.29,
        "Total Revenue": 106,
        "Gross Profit": 37,
        "Operating Income": -7,
        "EBIT": 20,
        "Net Income": -12
    },
    "2021-12-31": {
        "Diluted EPS": -0.91,
        "Total Revenue": 105,
        "Gross Profit": 34,
        "Operating Income": -27,
        "EBIT": 2,
        "Net Income": -38
    },
    "2021-09-30": {
        "Diluted EPS": -0.64,
        "Total Revenue": 92,
        "Gross Profit": 27,
        "Operating Income": -22,
        "EBIT": 7,
        "Net Income": -26
    },
    "2021-06-30": {
        "Diluted EPS": -0.72,
        "Total Revenue": 90,
        "Gross Profit": 25,
        "Operating Income": -20,
        "EBIT": 9,
        "Net Income": -29
    },
    "2021-03-31": {
        "Diluted EPS": -0.87,
        "Total Revenue": 84,
        "Gross Profit": 21,
        "Operating Income": -26,
        "EBIT": 5,
        "Net Income": -35
    },
    "2020-12-31": {
        "Diluted EPS": -0.72,
        "Total Revenue": 92,
        "Gross Profit": 28,
        "Operating Income": -25,
        "EBIT": 7,
        "Net Income": -29
    },
    "2020-09-30": {
        "Diluted EPS": -0.94,
        "Total Revenue": 86,
        "Gross Profit": 24,
        "Operating Income": -25,
        "EBIT": 7,
        "Net Income": -38
    },
    "2020-06-30": {
        "Diluted EPS": -2.74,
        "Total Revenue": 102,
        "Gross Profit": 37,
        "Operating Income": -118,
        "EBIT": -89,
        "Net Income": -111
    },
    "2020-03-31": {
        "Diluted EPS": -0.46,
        "Total Revenue": 116,
        "Gross Profit": 35,
        "Operating Income": -19,
        "EBIT": 9,
        "Net Income": -18
    },
    "2019-12-31": {
        "Diluted EPS": -1.56,
        "Total Revenue": 119,
        "Gross Profit": 32,
        "Operating Income": -50,
        "EBIT": -25,
        "Net Income": -60
    },
    "2019-09-30": {
        "Diluted EPS": -1.15,
        "Total Revenue": 120,
        "Gross Profit": 39,
        "Operating Income": -23,
        "EBIT": 3,
        "Net Income": -44
    },
    "2019-06-30": {
        "Diluted EPS": -0.42,
        "Total Revenue": 126,
        "Gross Profit": 45,
        "Operating Income": -4,
        "EBIT": 20,
        "Net Income": -16
    },
    "2019-03-31": {
        "Diluted EPS": -0.58,
        "Total Revenue": 122,
        "Gross Profit": 39,
        "Operating Income": -10,
        "EBIT": 13,
        "Net Income": -22
    },
    "2018-12-31": {
        "Diluted EPS": -3.18,
        "Total Revenue": 110,
        "Gross Profit": 35,
        "Operating Income": -70,
        "EBIT": -50,
        "Net Income": -91
    },
    "2018-09-30": {
        "Diluted EPS": -1.16,
        "Total Revenue": 99,
        "Gross Profit": 32,
        "Operating Income": -25,
        "EBIT": -12,
        "Net Income": -31
    },
    "2018-06-30": {
        "Diluted EPS": -0.44,
        "Total Revenue": 106,
        "Gross Profit": 37,
        "Operating Income": 0,
        "EBIT": 12,
        "Net Income": -11
    },
    "2018-03-31": {
        "Diluted EPS": -1.67,
        "Total Revenue": 91,
        "Gross Profit": 28,
        "Operating Income": -12,
        "EBIT": -1,
        "Net Income": -39
    },
    "2017-12-31": {
        "Diluted EPS": 0.0,
        "Total Revenue": NaN,
        "Gross Profit": NaN,
        "Operating Income": NaN,
        "EBIT": NaN,
        "Net Income": NaN
    },
    "2017-09-30": {
        "Diluted EPS": -58.7,
        "Total Revenue": 111,
        "Gross Profit": 23,
        "Operating Income": -44,
        "EBIT": -25,
        "Net Income": NaN
    },
    "2017-06-30": {
        "Diluted EPS": -11.13,
        "Total Revenue": 115,
        "Gross Profit": 30,
        "Operating Income": -205,
        "EBIT": -169,
        "Net Income": -524
    },
    "2017-03-31": {
        "Diluted EPS": -2.01,
        "Total Revenue": 161,
        "Gross Profit": 77,
        "Operating Income": -69,
        "EBIT": -32,
        "Net Income": -95
    },
    "2016-12-31": {
        "Diluted EPS": -6.32,
        "Total Revenue": 129,
        "Gross Profit": 44,
        "Operating Income": 129,
        "EBIT": 171,
        "Net Income": -298
    },
    "2016-09-30": {
        "Diluted EPS": -3.79,
        "Total Revenue": 144,
        "Gross Profit": 53,
        "Operating Income": -155,
        "EBIT": -111,
        "Net Income": -178
    },
    "2016-06-30": {
        "Diluted EPS": -1.89,
        "Total Revenue": 168,
        "Gross Profit": 55,
        "Operating Income": -66,
        "EBIT": -66,
        "Net Income": -89
    },
    "2016-03-31": {
        "Diluted EPS": 0.0,
        "Total Revenue": NaN,
        "Gross Profit": NaN,
        "Operating Income": NaN,
        "EBIT": NaN,
        "Net Income": NaN
    },
    "2015-12-31": {
        "Diluted EPS": -0.42,
        "Total Revenue": 218,
        "Gross Profit": 89,
        "Operating Income": 218,
        "EBIT": 264,
        "Net Income": -20
    },
    "2015-09-30": {
        "Diluted EPS": -0.93,
        "Total Revenue": 272,
        "Gross Profit": 107,
        "Operating Income": -18,
        "EBIT": 28,
        "Net Income": -44
    },
    "2015-06-30": {
        "Diluted EPS": -0.32,
        "Total Revenue": 305,
        "Gross Profit": 120,
        "Operating Income": 14,
        "EBIT": 14,
        "Net Income": -15
    },
    "2015-03-31": {
        "Diluted EPS": 0.0,
        "Total Revenue": NaN,
        "Gross Profit": NaN,
        "Operating Income": NaN,
        "EBIT": NaN,
        "Net Income": NaN
    },
    "2014-12-31": {
        "Diluted EPS": -3.31,
        "Total Revenue": 388,
        "Gross Profit": 169,
        "Operating Income": 388,
        "EBIT": 713,
        "Net Income": -161
    },
    "2014-09-30": {
        "Diluted EPS": 1.22,
        "Total Revenue": 398,
        "Gross Profit": 178,
        "Operating Income": 85,
        "EBIT": 130,
        "Net Income": 61
    },
    "2014-06-30": {
        "Diluted EPS": 0.88,
        "Total Revenue": 386,
        "Gross Profit": 164,
        "Operating Income": 66,
        "EBIT": 66,
        "Net Income": 44
    },
    "2014-03-31": {
        "Diluted EPS": 0.0,
        "Total Revenue": NaN,
        "Gross Profit": NaN,
        "Operating Income": NaN,
        "EBIT": NaN,
        "Net Income": NaN
    },
    "2013-12-31": {
        "Diluted EPS": 0.25,
        "Total Revenue": 365,
        "Gross Profit": 163,
        "Operating Income": 365,
        "EBIT": 464,
        "Net Income": 13
    },
    "2013-09-30": {
        "Diluted EPS": 1.09,
        "Total Revenue": 368,
        "Gross Profit": 169,
        "Operating Income": 77,
        "EBIT": 119,
        "Net Income": 54
    },
    "2013-06-30": {
        "Diluted EPS": 0.61,
        "Total Revenue": 334,
        "Gross Profit": 136,
        "Operating Income": 43,
        "EBIT": 43,
        "Net Income": 30
    },
    "2013-03-31": {
        "Diluted EPS": 0.0,
        "Total Revenue": NaN,
        "Gross Profit": NaN,
        "Operating Income": NaN,
        "EBIT": NaN,
        "Net Income": NaN
    },
    "2012-12-31": {
        "Diluted EPS": 0.61,
        "Total Revenue": 309,
        "Gross Profit": 128,
        "Operating Income": 309,
        "EBIT": 347,
        "Net Income": 30
    },
    "2012-09-30": {
        "Diluted EPS": 0.83,
        "Total Revenue": 312,
        "Gross Profit": 138,
        "Operating Income": 57,
        "EBIT": 93,
        "Net Income": 41
    },
    "2012-06-30": {
        "Diluted EPS": 0.65,
        "Total Revenue": 294,
        "Gross Profit": 130,
        "Operating Income": 49,
        "EBIT": 49,
        "Net Income": 33
    },
    "2012-03-31": {
        "Diluted EPS": 0.0,
        "Total Revenue": NaN,
        "Gross Profit": NaN,
        "Operating Income": NaN,
        "EBIT": NaN,
        "Net Income": NaN
    },
    "2011-12-31": {
        "Diluted EPS": 0.67,
        "Total Revenue": 272,
        "Gross Profit": 114,
        "Operating Income": 272,
        "EBIT": 307,
        "Net Income": 34
    },
    "2011-09-30": {
        "Diluted EPS": -0.1,
        "Total Revenue": 251,
        "Gross Profit": 88,
        "Operating Income": -5,
        "EBIT": 59,
        "Net Income": -5
    },
    "2011-06-30": {
        "Diluted EPS": 0.48,
        "Total Revenue": 255,
        "Gross Profit": 101,
        "Operating Income": 31,
        "EBIT": 31,
        "Net Income": 25
    },
    "2011-03-31": {
        "Diluted EPS": 0.0,
        "Total Revenue": NaN,
        "Gross Profit": NaN,
        "Operating Income": NaN,
        "EBIT": NaN,
        "Net Income": NaN
    },
    "2010-12-31": {
        "Diluted EPS": 0.67,
        "Total Revenue": 272,
        "Gross Profit": 108,
        "Operating Income": 272,
        "EBIT": 307,
        "Net Income": 34
    },
    "2010-09-30": {
        "Diluted EPS": 0.38,
        "Total Revenue": 267,
        "Gross Profit": 97,
        "Operating Income": 27,
        "EBIT": 63,
        "Net Income": 19
    },
    "2010-06-30": {
        "Diluted EPS": 0.77,
        "Total Revenue": 263,
        "Gross Profit": 107,
        "Operating Income": 45,
        "EBIT": 45,
        "Net Income": 40
    },
    "2010-03-31": {
        "Diluted EPS": 0.0,
        "Total Revenue": NaN,
        "Gross Profit": NaN,
        "Operating Income": NaN,
        "EBIT": NaN,
        "Net Income": NaN
    },
    "2009-12-31": {
        "Diluted EPS": 1.16,
        "Total Revenue": 287,
        "Gross Profit": 128,
        "Operating Income": 287,
        "EBIT": 319,
        "Net Income": 60
    },
    "2009-09-30": {
        "Diluted EPS": 1.9,
        "Total Revenue": 296,
        "Gross Profit": 137,
        "Operating Income": 72,
        "EBIT": 104,
        "Net Income": 98
    },
    "2009-06-30": {
        "Diluted EPS": 0.86,
        "Total Revenue": 327,
        "Gross Profit": 158,
        "Operating Income": 56,
        "EBIT": 56,
        "Net Income": 44
    },
    "2009-03-31": {
        "Diluted EPS": 0.0,
        "Total Revenue": NaN,
        "Gross Profit": NaN,
        "Operating Income": NaN,
        "EBIT": NaN,
        "Net Income": NaN
    },
    "2023-06-30": {
        "Tax Effect Of Unusual Items": -820512.465374,
        "Tax Rate For Calcs": 0.339757,
        "Normalized EBITDA": 61454000.0,
        "Total Unusual Items": -2415000.0,
        "Total Unusual Items Excluding Goodwill": -2415000.0,
        "Net Income From Continuing Operation Net Minority Interest": 22584000.0,
        "Reconciled Depreciation": 21096000.0,
        "Reconciled Cost Of Revenue": 151405000.0,
        "EBITDA": 59039000.0,
        "EBIT": 37943000.0,
        "Net Interest Income": -1941000.0,
        "Interest Expense": 4731000.0,
        "Interest Income": 2790000.0,
        "Normalized Income": 24178487.534626,
        "Net Income From Continuing And Discontinued Operation": 22584000.0,
        "Total Expenses": 177418000.0,
        "Total Operating Income As Reported": 38947000.0,
        "Diluted Average Shares": 52005000.0,
        "Basic Average Shares": 50857000.0,
        "Diluted EPS": 0.43,
        "Basic EPS": 0.44,
        "Diluted NI Availto Com Stockholders": 22584000.0,
        "Net Income Common Stockholders": 22584000.0,
        "Net Income": 22584000.0,
        "Minority Interests": 656000.0,
        "Net Income Including Noncontrolling Interests": 21928000.0,
        "Net Income Continuous Operations": 21928000.0,
        "Tax Provision": 11284000.0,
        "Pretax Income": 33212000.0,
        "Other Income Expense": -2390000.0,
        "Special Income Charges": 1404000.0,
        "Gain On Sale Of Ppe": 1404000.0,
        "Impairment Of Capital Assets": 0.0,
        "Earnings From Equity Interest": 25000.0,
        "Gain On Sale Of Security": -3819000.0,
        "Net Non Operating Interest Income Expense": -1941000.0,
        "Interest Expense Non Operating": 4731000.0,
        "Interest Income Non Operating": 2790000.0,
        "Operating Income": 37543000.0,
        "Operating Expense": 26013000.0,
        "Selling General And Administration": 26013000.0,
        "General And Administrative Expense": 26013000.0,
        "Other Gand A": 26013000.0,
        "Gross Profit": 63556000.0,
        "Cost Of Revenue": 151405000.0,
        "Total Revenue": 214961000.0,
        "Operating Revenue": 210323000.0
    },
    "2023-09-30": {
        "Tax Effect Of Unusual Items": -342105.777242,
        "Tax Rate For Calcs": 0.266023,
        "Normalized EBITDA": 99228000.0,
        "Total Unusual Items": -1286000.0,
        "Total Unusual Items Excluding Goodwill": -1286000.0,
        "Net Income From Continuing Operation Net Minority Interest": 26199000.0,
        "Reconciled Depreciation": 43845000.0,
        "Reconciled Cost Of Revenue": 223450000.0,
        "EBITDA": 97942000.0,
        "EBIT": 54097000.0,
        "Net Interest Income": -18720000.0,
        "Interest Expense": 19288000.0,
        "Interest Income": 568000.0,
        "Normalized Income": 27142894.222758,
        "Net Income From Continuing And Discontinued Operation": 26199000.0,
        "Total Expenses": 244451000.0,
        "Total Operating Income As Reported": 55674000.0,
        "Diluted Average Shares": 53610000.0,
        "Basic Average Shares": 52230000.0,
        "Diluted EPS": 0.49,
        "Basic EPS": 0.5,
        "Diluted NI Availto Com Stockholders": 26199000.0,
        "Net Income Common Stockholders": 26199000.0,
        "Net Income": 26199000.0,
        "Minority Interests": 650000.0,
        "Net Income Including Noncontrolling Interests": 25549000.0,
        "Net Income Continuous Operations": 25549000.0,
        "Tax Provision": 9260000.0,
        "Pretax Income": 34809000.0,
        "Other Income Expense": -1282000.0,
        "Special Income Charges": 863000.0,
        "Gain On Sale Of Ppe": 863000.0,
        "Impairment Of Capital Assets": 0.0,
        "Earnings From Equity Interest": 4000.0,
        "Gain On Sale Of Security": -2149000.0,
        "Net Non Operating Interest Income Expense": -18720000.0,
        "Interest Expense Non Operating": 19288000.0,
        "Interest Income Non Operating": 568000.0,
        "Operating Income": 54811000.0,
        "Operating Expense": 21001000.0,
        "Selling General And Administration": 21001000.0,
        "General And Administrative Expense": 21001000.0,
        "Other Gand A": 21001000.0,
        "Gross Profit": 75812000.0,
        "Cost Of Revenue": 223450000.0,
        "Total Revenue": 299262000.0,
        "Operating Revenue": 296975000.0
    },
    "2023-12-31": {
        "Tax Effect Of Unusual Items": 1206225.016105,
        "Tax Rate For Calcs": 0.224289,
        "Normalized EBITDA": 105794000.0,
        "Total Unusual Items": 5378000.0,
        "Total Unusual Items Excluding Goodwill": 5378000.0,
        "Net Income From Continuing Operation Net Minority Interest": 37664000.0,
        "Reconciled Depreciation": 42788000.0,
        "Reconciled Cost Of Revenue": 219057000.0,
        "EBITDA": 111172000.0,
        "EBIT": 68384000.0,
        "Net Interest Income": -17234000.0,
        "Interest Expense": 20263000.0,
        "Interest Income": 3029000.0,
        "Normalized Income": 33492225.016105,
        "Net Income From Continuing And Discontinued Operation": 37664000.0,
        "Total Expenses": 242691000.0,
        "Total Operating Income As Reported": 63095000.0,
        "Diluted Average Shares": NaN,
        "Basic Average Shares": NaN,
        "Diluted EPS": NaN,
        "Basic EPS": NaN,
        "Diluted NI Availto Com Stockholders": 37664000.0,
        "Net Income Common Stockholders": 37664000.0,
        "Net Income": 37664000.0,
        "Minority Interests": 336000.0,
        "Net Income Including Noncontrolling Interests": 37328000.0,
        "Net Income Continuous Operations": 37328000.0,
        "Tax Provision": 10793000.0,
        "Pretax Income": 48121000.0,
        "Other Income Expense": 5388000.0,
        "Special Income Charges": 3128000.0,
        "Gain On Sale Of Ppe": 4218000.0,
        "Impairment Of Capital Assets": 0.0,
        "Earnings From Equity Interest": 10000.0,
        "Gain On Sale Of Security": 2250000.0,
        "Net Non Operating Interest Income Expense": -17234000.0,
        "Interest Expense Non Operating": 20263000.0,
        "Interest Income Non Operating": 3029000.0,
        "Operating Income": 59967000.0,
        "Operating Expense": 23634000.0,
        "Selling General And Administration": 23634000.0,
        "General And Administrative Expense": 23634000.0,
        "Other Gand A": 23634000.0,
        "Gross Profit": 83601000.0,
        "Cost Of Revenue": 219057000.0,
        "Total Revenue": 302658000.0,
        "Operating Revenue": 300515000.0
    },
    "2024-03-31": {
        "Tax Effect Of Unusual Items": 1519498.119201,
        "Tax Rate For Calcs": 0.218507,
        "Normalized EBITDA": 111148000.0,
        "Total Unusual Items": 6954000.0,
        "Total Unusual Items Excluding Goodwill": 6954000.0,
        "Net Income From Continuing Operation Net Minority Interest": 47026000.0,
        "Reconciled Depreciation": 38811000.0,
        "Reconciled Cost Of Revenue": 224976000.0,
        "EBITDA": 118102000.0,
        "EBIT": 79291000.0,
        "Net Interest Income": -17993000.0,
        "Interest Expense": 19476000.0,
        "Interest Income": 1483000.0,
        "Normalized Income": 41591498.119201,
        "Net Income From Continuing And Discontinued Operation": 47026000.0,
        "Total Expenses": 250305000.0,
        "Total Operating Income As Reported": 81898000.0,
        "Diluted Average Shares": 52900000.0,
        "Basic Average Shares": 52320000.0,
        "Diluted EPS": 0.89,
        "Basic EPS": 0.9,
        "Diluted NI Availto Com Stockholders": 47026000.0,
        "Net Income Common Stockholders": 47026000.0,
        "Net Income": 47026000.0,
        "Minority Interests": 281000.0,
        "Net Income Including Noncontrolling Interests": 46745000.0,
        "Net Income Continuous Operations": 46745000.0,
        "Tax Provision": 13070000.0,
        "Pretax Income": 59815000.0,
        "Other Income Expense": 6949000.0,
        "Special Income Charges": 11039000.0,
        "Gain On Sale Of Ppe": 11039000.0,
        "Impairment Of Capital Assets": NaN,
        "Earnings From Equity Interest": -5000.0,
        "Gain On Sale Of Security": -4085000.0,
        "Net Non Operating Interest Income Expense": -17993000.0,
        "Interest Expense Non Operating": 19476000.0,
        "Interest Income Non Operating": 1483000.0,
        "Operating Income": 70859000.0,
        "Operating Expense": 25329000.0,
        "Selling General And Administration": 25329000.0,
        "General And Administrative Expense": 25329000.0,
        "Other Gand A": 25329000.0,
        "Gross Profit": 96188000.0,
        "Cost Of Revenue": 224976000.0,
        "Total Revenue": 321164000.0,
        "Operating Revenue": 318686000.0
    },
    "2024-06-30": {
        "Tax Effect Of Unusual Items": -51302.885613,
        "Tax Rate For Calcs": 0.136444,
        "Normalized EBITDA": 116687000.0,
        "Total Unusual Items": -376000.0,
        "Total Unusual Items Excluding Goodwill": -376000.0,
        "Net Income From Continuing Operation Net Minority Interest": 50354000.0,
        "Reconciled Depreciation": 39380000.0,
        "Reconciled Cost Of Revenue": 236774000.0,
        "EBITDA": 116311000.0,
        "EBIT": 76931000.0,
        "Net Interest Income": -17952000.0,
        "Interest Expense": 19127000.0,
        "Interest Income": 1175000.0,
        "Normalized Income": 50678697.114387,
        "Net Income From Continuing And Discontinued Operation": 50354000.0,
        "Total Expenses": 263103000.0,
        "Total Operating Income As Reported": 78127000.0,
        "Diluted Average Shares": 53347000.0,
        "Basic Average Shares": 52684000.0,
        "Diluted EPS": 0.94,
        "Basic EPS": 0.96,
        "Diluted NI Availto Com Stockholders": 50354000.0,
        "Net Income Common Stockholders": 50354000.0,
        "Net Income": 50354000.0,
        "Minority Interests": 437000.0,
        "Net Income Including Noncontrolling Interests": 49917000.0,
        "Net Income Continuous Operations": 49917000.0,
        "Tax Provision": 7887000.0,
        "Pretax Income": 57804000.0,
        "Other Income Expense": -371000.0,
        "Special Income Charges": 2000000.0,
        "Gain On Sale Of Ppe": 2000000.0,
        "Impairment Of Capital Assets": NaN,
        "Earnings From Equity Interest": 5000.0,
        "Gain On Sale Of Security": -2376000.0,
        "Net Non Operating Interest Income Expense": -17952000.0,
        "Interest Expense Non Operating": 19127000.0,
        "Interest Income Non Operating": 1175000.0,
        "Operating Income": 76127000.0,
        "Operating Expense": 26329000.0,
        "Selling General And Administration": 26329000.0,
        "General And Administrative Expense": 26329000.0,
        "Other Gand A": 26329000.0,
        "Gross Profit": 102456000.0,
        "Cost Of Revenue": 236774000.0,
        "Total Revenue": 339230000.0,
        "Operating Revenue": 337003000.0
    }
}