{
    "2023-03-31": {
        "Tax Effect Of Unusual Items": 0.0,
        "Tax Rate For Calcs": 0.21,
        "Normalized EBITDA": -131940000.0,
        "Net Income From Continuing Operation Net Minority Interest": -209037000.0,
        "Reconciled Depreciation": 15523000.0,
        "Reconciled Cost Of Revenue": 168652000.0,
        "EBITDA": -131940000.0,
        "EBIT": -147463000.0,
        "Net Interest Income": 7069000.0,
        "Interest Expense": 7978000.0,
        "Interest Income": 15047000.0,
        "Normalized Income": -209037000.0,
        "Net Income From Continuing And Discontinued Operation": -209037000.0,
        "Total Expenses": 1077020000.0,
        "Total Operating Income As Reported": -161567000.0,
        "Diluted Average Shares": 256825000.0,
        "Basic Average Shares": 256825000.0,
        "Diluted EPS": -0.81,
        "Basic EPS": -0.81,
        "Diluted NI Availto Com Stockholders": -209037000.0,
        "Net Income Common Stockholders": -209037000.0,
        "Net Income": -209037000.0,
        "Net Income Including Noncontrolling Interests": -209037000.0,
        "Net Income Continuous Operations": -209037000.0,
        "Tax Provision": 53596000.0,
        "Pretax Income": -155441000.0,
        "Other Income Expense": -943000.0,
        "Other Non Operating Income Expenses": -943000.0,
        "Net Non Operating Interest Income Expense": 7069000.0,
        "Interest Expense Non Operating": 7978000.0,
        "Interest Income Non Operating": 15047000.0,
        "Operating Income": -161567000.0,
        "Operating Expense": 908368000.0,
        "Depreciation Amortization Depletion Income Statement": NaN,
        "Depreciation And Amortization In Income Statement": NaN,
        "Amortization": NaN,
        "Amortization Of Intangibles Income Statement": NaN,
        "Research And Development": 522344000.0,
        "Selling General And Administration": 386024000.0,
        "Selling And Marketing Expense": 220921000.0,
        "General And Administrative Expense": 165103000.0,
        "Other Gand A": 165103000.0,
        "Gross Profit": 746801000.0,
        "Cost Of Revenue": 168652000.0,
        "Total Revenue": 915453000.0,
        "Operating Revenue": 854905000.0
    },
    "2022-12-31": {
        "Tax Effect Of Unusual Items": 0.0,
        "Tax Rate For Calcs": 0.21,
        "Normalized EBITDA": -81549000.0,
        "Net Income From Continuing Operation Net Minority Interest": -205031000.0,
        "Reconciled Depreciation": 15476000.0,
        "Reconciled Cost Of Revenue": 142975000.0,
        "EBITDA": -81549000.0,
        "EBIT": -97025000.0,
        "Net Interest Income": 1455000.0,
        "Interest Expense": 7508000.0,
        "Interest Income": 8963000.0,
        "Normalized Income": -205031000.0,
        "Net Income From Continuing And Discontinued Operation": -205031000.0,
        "Total Expenses": 971943000.0,
        "Total Operating Income As Reported": -99239000.0,
        "Diluted Average Shares": 255874000.0,
        "Basic Average Shares": 255874000.0,
        "Diluted EPS": -0.8,
        "Basic EPS": -0.8,
        "Diluted NI Availto Com Stockholders": -205031000.0,
        "Net Income Common Stockholders": -205031000.0,
        "Net Income": -205031000.0,
        "Net Income Including Noncontrolling Interests": -205031000.0,
        "Net Income Continuous Operations": -205031000.0,
        "Tax Provision": 100498000.0,
        "Pretax Income": -104533000.0,
        "Other Income Expense": -6749000.0,
        "Other Non Operating Income Expenses": -6749000.0,
        "Net Non Operating Interest Income Expense": 1455000.0,
        "Interest Expense Non Operating": 7508000.0,
        "Interest Income Non Operating": 8963000.0,
        "Operating Income": -99239000.0,
        "Operating Expense": 815998000.0,
        "Depreciation Amortization Depletion Income Statement": 2506000.0,
        "Depreciation And Amortization In Income Statement": 2506000.0,
        "Amortization": 2506000.0,
        "Amortization Of Intangibles Income Statement": 2506000.0,
        "Research And Development": 473676000.0,
        "Selling General And Administration": 339816000.0,
        "Selling And Marketing Expense": 183685000.0,
        "General And Administrative Expense": 156131000.0,
        "Other Gand A": 156131000.0,
        "Gross Profit": 716759000.0,
        "Cost Of Revenue": 155945000.0,
        "Total Revenue": 872704000.0,
        "Operating Revenue": 817222000.0
    },
    "2022-09-30": {
        "Tax Effect Of Unusual Items": 0.0,
        "Tax Rate For Calcs": 0.21,
        "Normalized EBITDA": 15025000.0,
        "Net Income From Continuing Operation Net Minority Interest": -13741000.0,
        "Reconciled Depreciation": 14620000.0,
        "Reconciled Cost Of Revenue": 139392000.0,
        "EBITDA": 15025000.0,
        "EBIT": 405000.0,
        "Net Interest Income": -978000.0,
        "Interest Expense": 6121000.0,
        "Interest Income": 5143000.0,
        "Normalized Income": -13741000.0,
        "Net Income From Continuing And Discontinued Operation": -13741000.0,
        "Total Expenses": 841419000.0,
        "Total Operating Income As Reported": -34027000.0,
        "Diluted Average Shares": 255167000.0,
        "Basic Average Shares": 255167000.0,
        "Diluted EPS": -0.05,
        "Basic EPS": -0.05,
        "Diluted NI Availto Com Stockholders": -13741000.0,
        "Net Income Common Stockholders": -13741000.0,
        "Net Income": -13741000.0,
        "Net Income Including Noncontrolling Interests": -13741000.0,
        "Net Income Continuous Operations": -13741000.0,
        "Tax Provision": 8025000.0,
        "Pretax Income": -5716000.0,
        "Other Income Expense": 29289000.0,
        "Other Non Operating Income Expenses": 29289000.0,
        "Net Non Operating Interest Income Expense": -978000.0,
        "Interest Expense Non Operating": 6121000.0,
        "Interest Income Non Operating": 5143000.0,
        "Operating Income": -34027000.0,
        "Operating Expense": 702027000.0,
        "Research And Development": 399006000.0,
        "Selling General And Administration": 303021000.0,
        "Selling And Marketing Expense": 160128000.0,
        "General And Administrative Expense": 142893000.0,
        "Other Gand A": 142893000.0,
        "Salaries And Wages": NaN,
        "Gross Profit": 668000000.0,
        "Cost Of Revenue": 139392000.0,
        "Total Revenue": 807392000.0,
        "Operating Revenue": 764549000.0
    },
    "2022-06-30": {
        "Tax Effect Of Unusual Items": 0.0,
        "Tax Rate For Calcs": 0.4,
        "Normalized EBITDA": -37638000.0,
        "Net Income From Continuing Operation Net Minority Interest": -105463000.0,
        "Reconciled Depreciation": 24610000.0,
        "Reconciled Cost Of Revenue": 133154000.0,
        "EBITDA": -37638000.0,
        "EBIT": -62248000.0,
        "Net Interest Income": -5279000.0,
        "Interest Expense": 6611000.0,
        "Interest Income": 1332000.0,
        "Normalized Income": -105463000.0,
        "Net Income From Continuing And Discontinued Operation": -105463000.0,
        "Total Expenses": 823094000.0,
        "Total Operating Income As Reported": -63253000.0,
        "Diluted Average Shares": 254476000.0,
        "Basic Average Shares": 254476000.0,
        "Diluted EPS": -0.41,
        "Basic EPS": -0.41,
        "Diluted NI Availto Com Stockholders": -105463000.0,
        "Net Income Common Stockholders": -105463000.0,
        "Net Income": -105463000.0,
        "Net Income Including Noncontrolling Interests": -105463000.0,
        "Net Income Continuous Operations": -105463000.0,
        "Tax Provision": 36604000.0,
        "Pretax Income": -68859000.0,
        "Other Income Expense": -327000.0,
        "Other Non Operating Income Expenses": -327000.0,
        "Net Non Operating Interest Income Expense": -5279000.0,
        "Interest Expense Non Operating": 6611000.0,
        "Interest Income Non Operating": 1332000.0,
        "Operating Income": -63253000.0,
        "Operating Expense": 689940000.0,
        "Research And Development": 379000000.0,
        "Selling General And Administration": 310940000.0,
        "Selling And Marketing Expense": 179308000.0,
        "General And Administrative Expense": 131632000.0,
        "Other Gand A": 131632000.0,
        "Salaries And Wages": NaN,
        "Gross Profit": 626687000.0,
        "Cost Of Revenue": 133154000.0,
        "Total Revenue": 759841000.0,
        "Operating Revenue": 714392000.0
    },
    "2023-06-30": {
        "Tax Effect Of Unusual Items": 0.0,
        "Tax Rate For Calcs": 0.21,
        "Normalized EBITDA": -21602000.0,
        "Net Income From Continuing Operation Net Minority Interest": -58952000.0,
        "Reconciled Depreciation": 15304000.0,
        "Reconciled Cost Of Revenue": 169776000.0,
        "EBITDA": -21602000.0,
        "EBIT": -36906000.0,
        "Net Interest Income": 12039000.0,
        "Interest Expense": 8540000.0,
        "Interest Income": 20579000.0,
        "Normalized Income": -58952000.0,
        "Net Income From Continuing And Discontinued Operation": -58952000.0,
        "Total Expenses": 989487000.0,
        "Total Operating Income As Reported": -50389000.0,
        "Diluted Average Shares": 257389000.0,
        "Basic Average Shares": 257389000.0,
        "Diluted EPS": -0.23,
        "Basic EPS": -0.23,
        "Diluted NI Availto Com Stockholders": -58952000.0,
        "Net Income Common Stockholders": -58952000.0,
        "Net Income": -58952000.0,
        "Net Income Including Noncontrolling Interests": -58952000.0,
        "Net Income Continuous Operations": -58952000.0,
        "Tax Provision": 13506000.0,
        "Pretax Income": -45446000.0,
        "Other Income Expense": -7096000.0,
        "Other Non Operating Income Expenses": -7096000.0,
        "Net Non Operating Interest Income Expense": 12039000.0,
        "Interest Expense Non Operating": 8540000.0,
        "Interest Income Non Operating": 20579000.0,
        "Operating Income": -50389000.0,
        "Operating Expense": 819711000.0,
        "Depreciation Amortization Depletion Income Statement": NaN,
        "Depreciation And Amortization In Income Statement": NaN,
        "Amortization": NaN,
        "Amortization Of Intangibles Income Statement": NaN,
        "Research And Development": 474855000.0,
        "Selling General And Administration": 344856000.0,
        "Selling And Marketing Expense": 202621000.0,
        "General And Administrative Expense": 142235000.0,
        "Other Gand A": 142235000.0,
        "Gross Profit": 769322000.0,
        "Cost Of Revenue": 169776000.0,
        "Total Revenue": 939098000.0,
        "Operating Revenue": 885638000.0
    },
    "2022-03-31": {
        "Diluted EPS": 0.02,
        "Total Revenue": 740,
        "Gross Profit": 624,
        "Operating Income": 33,
        "EBIT": 45,
        "Net Income": 5
    },
    "2021-12-31": {
        "Diluted EPS": -0.09,
        "Total Revenue": 689,
        "Gross Profit": 578,
        "Operating Income": 23,
        "EBIT": 35,
        "Net Income": -22
    },
    "2021-09-30": {
        "Diluted EPS": -1.63,
        "Total Revenue": 614,
        "Gross Profit": 518,
        "Operating Income": 56,
        "EBIT": 70,
        "Net Income": -411
    },
    "2021-06-30": {
        "Diluted EPS": -0.84,
        "Total Revenue": 560,
        "Gross Profit": 462,
        "Operating Income": -8,
        "EBIT": 16,
        "Net Income": -213
    },
    "2021-03-31": {
        "Diluted EPS": 0.63,
        "Total Revenue": 569,
        "Gross Profit": 484,
        "Operating Income": 70,
        "EBIT": 93,
        "Net Income": 160
    },
    "2020-12-31": {
        "Diluted EPS": -2.49,
        "Total Revenue": 501,
        "Gross Profit": 422,
        "Operating Income": 28,
        "EBIT": 51,
        "Net Income": -622
    },
    "2020-09-30": {
        "Diluted EPS": -0.09,
        "Total Revenue": 460,
        "Gross Profit": 386,
        "Operating Income": 12,
        "EBIT": 35,
        "Net Income": -22
    },
    "2020-06-30": {
        "Diluted EPS": -1.55,
        "Total Revenue": 430,
        "Gross Profit": 360,
        "Operating Income": -3,
        "EBIT": 19,
        "Net Income": -385
    },
    "2020-03-31": {
        "Diluted EPS": -0.65,
        "Total Revenue": 412,
        "Gross Profit": 341,
        "Operating Income": -20,
        "EBIT": 4,
        "Net Income": -159
    },
    "2019-12-31": {
        "Diluted EPS": 0.49,
        "Total Revenue": 409,
        "Gross Profit": 343,
        "Operating Income": 42,
        "EBIT": 68,
        "Net Income": 124
    },
    "2019-09-30": {
        "Diluted EPS": 0.28,
        "Total Revenue": 363,
        "Gross Profit": 301,
        "Operating Income": -5,
        "EBIT": 20,
        "Net Income": 69
    },
    "2019-06-30": {
        "Diluted EPS": -0.97,
        "Total Revenue": 335,
        "Gross Profit": 273,
        "Operating Income": -32,
        "EBIT": -17,
        "Net Income": -238
    },
    "2019-03-31": {
        "Diluted EPS": -0.85,
        "Total Revenue": 309,
        "Gross Profit": 255,
        "Operating Income": -28,
        "EBIT": -11,
        "Net Income": -203
    },
    "2018-12-31": {
        "Diluted EPS": 0.18,
        "Total Revenue": 299,
        "Gross Profit": 249,
        "Operating Income": -3,
        "EBIT": 18,
        "Net Income": 45
    },
    "2018-09-30": {
        "Diluted EPS": -1.03,
        "Total Revenue": 267,
        "Gross Profit": 222,
        "Operating Income": 0,
        "EBIT": 17,
        "Net Income": -242
    },
    "2018-06-30": {
        "Diluted EPS": -0.09,
        "Total Revenue": 247,
        "Gross Profit": 202,
        "Operating Income": -2,
        "EBIT": 15,
        "Net Income": -22
    },
    "2018-03-31": {
        "Diluted EPS": -0.07,
        "Total Revenue": 224,
        "Gross Profit": 179,
        "Operating Income": -10,
        "EBIT": 10,
        "Net Income": -16
    },
    "2017-12-31": {
        "Diluted EPS": -0.28,
        "Total Revenue": 215,
        "Gross Profit": 171,
        "Operating Income": -13,
        "EBIT": 8,
        "Net Income": -64
    },
    "2017-09-30": {
        "Diluted EPS": -0.05,
        "Total Revenue": 195,
        "Gross Profit": 155,
        "Operating Income": -20,
        "EBIT": 0,
        "Net Income": -11
    },
    "2017-06-30": {
        "Diluted EPS": -0.09,
        "Total Revenue": 174,
        "Gross Profit": 138,
        "Operating Income": -32,
        "EBIT": -8,
        "Net Income": -21
    },
    "2017-03-31": {
        "Diluted EPS": -0.08,
        "Total Revenue": 160,
        "Gross Profit": 127,
        "Operating Income": -23,
        "EBIT": -5,
        "Net Income": -17
    },
    "2016-12-31": {
        "Diluted EPS": -0.01,
        "Total Revenue": 149,
        "Gross Profit": 122,
        "Operating Income": -3,
        "EBIT": 9,
        "Net Income": -2
    },
    "2016-09-30": {
        "Diluted EPS": -0.01,
        "Total Revenue": 137,
        "Gross Profit": 114,
        "Operating Income": -5,
        "EBIT": 3,
        "Net Income": -3
    },
    "2016-06-30": {
        "Diluted EPS": -0.03,
        "Total Revenue": 128,
        "Gross Profit": 106,
        "Operating Income": -11,
        "EBIT": -5,
        "Net Income": -5
    },
    "2016-03-31": {
        "Diluted EPS": -0.01,
        "Total Revenue": 118,
        "Gross Profit": 98,
        "Operating Income": -5,
        "EBIT": 1,
        "Net Income": -1
    },
    "2015-12-31": {
        "Diluted EPS": 0.03,
        "Total Revenue": 110,
        "Gross Profit": 91,
        "Operating Income": 3,
        "EBIT": 9,
        "Net Income": 5
    },
    "2015-09-30": {
        "Diluted EPS": 0.03,
        "Total Revenue": 102,
        "Gross Profit": 85,
        "Operating Income": 7,
        "EBIT": 12,
        "Net Income": 5
    },
    "2015-06-30": {
        "Diluted EPS": -0.01,
        "Total Revenue": 92,
        "Gross Profit": 77,
        "Operating Income": -3,
        "EBIT": 2,
        "Net Income": -1
    },
    "2015-03-31": {
        "Diluted EPS": 0.0,
        "Total Revenue": 84,
        "Gross Profit": 70,
        "Operating Income": -1,
        "EBIT": 2,
        "Net Income": -1
    },
    "2014-12-31": {
        "Diluted EPS": 0.03,
        "Total Revenue": 76,
        "Gross Profit": 63,
        "Operating Income": 4,
        "EBIT": 8,
        "Net Income": 5
    },
    "2014-09-30": {
        "Diluted EPS": 0.02,
        "Total Revenue": 68,
        "Gross Profit": 56,
        "Operating Income": 2,
        "EBIT": 6,
        "Net Income": 4
    },
    "2014-06-30": {
        "Diluted EPS": 0.0,
        "Total Revenue": NaN,
        "Gross Profit": NaN,
        "Operating Income": NaN,
        "EBIT": NaN,
        "Net Income": NaN
    },
    "2013-06-30": {
        "Diluted EPS": 0.0,
        "Total Revenue": NaN,
        "Gross Profit": NaN,
        "Operating Income": NaN,
        "EBIT": NaN,
        "Net Income": NaN
    },
    "2023-09-30": {
        "Tax Effect Of Unusual Items": 0.0,
        "Tax Rate For Calcs": 0.21,
        "Normalized EBITDA": 13106000.0,
        "Net Income From Continuing Operation Net Minority Interest": -31883000.0,
        "Reconciled Depreciation": 15084000.0,
        "Reconciled Cost Of Revenue": 178029000.0,
        "EBITDA": 13106000.0,
        "EBIT": -1978000.0,
        "Net Interest Income": 16250000.0,
        "Interest Expense": 8976000.0,
        "Interest Income": 25226000.0,
        "Normalized Income": -31883000.0,
        "Net Income From Continuing And Discontinued Operation": -31883000.0,
        "Total Expenses": 996644000.0,
        "Total Operating Income As Reported": -18869000.0,
        "Diluted Average Shares": 257907000.0,
        "Basic Average Shares": 257907000.0,
        "Diluted EPS": -0.12,
        "Basic EPS": -0.12,
        "Diluted NI Availto Com Stockholders": -31883000.0,
        "Net Income Common Stockholders": -31883000.0,
        "Net Income": -31883000.0,
        "Net Income Including Noncontrolling Interests": -31883000.0,
        "Net Income Continuous Operations": -31883000.0,
        "Tax Provision": 20929000.0,
        "Pretax Income": -10954000.0,
        "Other Income Expense": -8335000.0,
        "Other Non Operating Income Expenses": -8335000.0,
        "Net Non Operating Interest Income Expense": 16250000.0,
        "Interest Expense Non Operating": 8976000.0,
        "Interest Income Non Operating": 25226000.0,
        "Operating Income": -18869000.0,
        "Operating Expense": 818615000.0,
        "Depreciation Amortization Depletion Income Statement": NaN,
        "Depreciation And Amortization In Income Statement": NaN,
        "Amortization": NaN,
        "Amortization Of Intangibles Income Statement": NaN,
        "Research And Development": 481738000.0,
        "Selling General And Administration": 336877000.0,
        "Selling And Marketing Expense": 193567000.0,
        "General And Administrative Expense": 143310000.0,
        "Other Gand A": 143310000.0,
        "Gross Profit": 799746000.0,
        "Cost Of Revenue": 178029000.0,
        "Total Revenue": 977775000.0,
        "Operating Revenue": 930580000.0
    },
    "2023-12-31": {
        "Tax Effect Of Unusual Items": 0.0,
        "Tax Rate For Calcs": 0.21,
        "Normalized EBITDA": -14096000.0,
        "Net Income From Continuing Operation Net Minority Interest": -84469000.0,
        "Reconciled Depreciation": 17012000.0,
        "Reconciled Cost Of Revenue": 180236000.0,
        "EBITDA": -14096000.0,
        "EBIT": -31108000.0,
        "Net Interest Income": 13592000.0,
        "Interest Expense": 9001000.0,
        "Interest Income": 22593000.0,
        "Normalized Income": -84469000.0,
        "Net Income From Continuing And Discontinued Operation": -84469000.0,
        "Total Expenses": 1109172000.0,
        "Total Operating Income As Reported": -49062000.0,
        "Diluted Average Shares": 258601000.0,
        "Basic Average Shares": 258601000.0,
        "Diluted EPS": -0.33,
        "Basic EPS": -0.33,
        "Diluted NI Availto Com Stockholders": -84469000.0,
        "Net Income Common Stockholders": -84469000.0,
        "Net Income": -84469000.0,
        "Net Income Including Noncontrolling Interests": -84469000.0,
        "Net Income Continuous Operations": -84469000.0,
        "Tax Provision": 44360000.0,
        "Pretax Income": -40109000.0,
        "Other Income Expense": -4639000.0,
        "Other Non Operating Income Expenses": -4639000.0,
        "Net Non Operating Interest Income Expense": 13592000.0,
        "Interest Expense Non Operating": 9001000.0,
        "Interest Income Non Operating": 22593000.0,
        "Operating Income": -49062000.0,
        "Operating Expense": 914636000.0,
        "Depreciation Amortization Depletion Income Statement": 2712000.0,
        "Depreciation And Amortization In Income Statement": 2712000.0,
        "Amortization": 2712000.0,
        "Amortization Of Intangibles Income Statement": 2712000.0,
        "Research And Development": 536779000.0,
        "Selling General And Administration": 375145000.0,
        "Selling And Marketing Expense": 217801000.0,
        "General And Administrative Expense": 157344000.0,
        "Other Gand A": 157344000.0,
        "Gross Profit": 865574000.0,
        "Cost Of Revenue": 194536000.0,
        "Total Revenue": 1060110000.0,
        "Operating Revenue": 1001283000.0
    },
    "2024-03-31": {
        "Tax Effect Of Unusual Items": 0.0,
        "Tax Rate For Calcs": 0.355145,
        "Normalized EBITDA": 51692000.0,
        "Net Income From Continuing Operation Net Minority Interest": 12752000.0,
        "Reconciled Depreciation": 23464000.0,
        "Reconciled Cost Of Revenue": 213425000.0,
        "EBITDA": 51692000.0,
        "EBIT": 28228000.0,
        "Net Interest Income": 12961000.0,
        "Interest Expense": 8453000.0,
        "Interest Income": 21414000.0,
        "Normalized Income": 12752000.0,
        "Net Income From Continuing And Discontinued Operation": 12752000.0,
        "Total Expenses": 1171324000.0,
        "Total Operating Income As Reported": 17804000.0,
        "Diluted Average Shares": 261778000.0,
        "Basic Average Shares": 259717000.0,
        "Diluted EPS": 0.05,
        "Basic EPS": 0.05,
        "Diluted NI Availto Com Stockholders": 12752000.0,
        "Net Income Common Stockholders": 12752000.0,
        "Net Income": 12752000.0,
        "Net Income Including Noncontrolling Interests": 12752000.0,
        "Net Income Continuous Operations": 12752000.0,
        "Tax Provision": 7023000.0,
        "Pretax Income": 19775000.0,
        "Other Income Expense": -10990000.0,
        "Other Non Operating Income Expenses": -10990000.0,
        "Net Non Operating Interest Income Expense": 12961000.0,
        "Interest Expense Non Operating": 8453000.0,
        "Interest Income Non Operating": 21414000.0,
        "Operating Income": 17804000.0,
        "Operating Expense": 957899000.0,
        "Depreciation Amortization Depletion Income Statement": NaN,
        "Depreciation And Amortization In Income Statement": NaN,
        "Amortization": NaN,
        "Amortization Of Intangibles Income Statement": NaN,
        "Research And Development": 576490000.0,
        "Selling General And Administration": 381409000.0,
        "Selling And Marketing Expense": 223814000.0,
        "General And Administrative Expense": 157595000.0,
        "Other Gand A": 157595000.0,
        "Gross Profit": 975703000.0,
        "Cost Of Revenue": 213425000.0,
        "Total Revenue": 1189128000.0,
        "Operating Revenue": 1100885000.0
    }
}