{
    "2023-03-31": {
        "Tax Effect Of Unusual Items": 0.0,
        "Tax Rate For Calcs": 0.124,
        "Normalized EBITDA": 108534000.0,
        "Total Unusual Items": NaN,
        "Total Unusual Items Excluding Goodwill": NaN,
        "Net Income From Continuing Operation Net Minority Interest": 70218000.0,
        "Reconciled Depreciation": 26971000.0,
        "Reconciled Cost Of Revenue": 91984000.0,
        "EBITDA": 108534000.0,
        "EBIT": 81563000.0,
        "Net Interest Income": -393000.0,
        "Interest Expense": 1367000.0,
        "Interest Income": 974000.0,
        "Normalized Income": 70218000.0,
        "Net Income From Continuing And Discontinued Operation": 70218000.0,
        "Total Expenses": 213935000.0,
        "Total Operating Income As Reported": 80211000.0,
        "Diluted NI Availto Com Stockholders": 70202000.0,
        "Net Income Common Stockholders": 70202000.0,
        "Otherunder Preferred Stock Dividend": 16000.0,
        "Net Income": 70218000.0,
        "Minority Interests": 0.0,
        "Net Income Including Noncontrolling Interests": 70218000.0,
        "Net Income Continuous Operations": 70218000.0,
        "Tax Provision": 9978000.0,
        "Pretax Income": 80196000.0,
        "Other Income Expense": 378000.0,
        "Other Non Operating Income Expenses": 378000.0,
        "Earnings From Equity Interest": NaN,
        "Gain On Sale Of Security": NaN,
        "Net Non Operating Interest Income Expense": -393000.0,
        "Interest Expense Non Operating": 1367000.0,
        "Interest Income Non Operating": 974000.0,
        "Operating Income": 80211000.0,
        "Operating Expense": 121951000.0,
        "Research And Development": 22713000.0,
        "Selling General And Administration": 99238000.0,
        "Gross Profit": 202162000.0,
        "Cost Of Revenue": 91984000.0,
        "Total Revenue": 294146000.0,
        "Operating Revenue": 294146000.0
    },
    "2022-12-31": {
        "Tax Effect Of Unusual Items": 0.0,
        "Tax Rate For Calcs": 0.247,
        "Normalized EBITDA": 95488000.0,
        "Total Unusual Items": NaN,
        "Total Unusual Items Excluding Goodwill": NaN,
        "Net Income From Continuing Operation Net Minority Interest": 50005000.0,
        "Reconciled Depreciation": 26703000.0,
        "Reconciled Cost Of Revenue": 88221000.0,
        "EBITDA": 95488000.0,
        "EBIT": 68785000.0,
        "Net Interest Income": -1388000.0,
        "Interest Expense": 2356000.0,
        "Interest Income": 968000.0,
        "Normalized Income": 50005000.0,
        "Net Income From Continuing And Discontinued Operation": 50005000.0,
        "Total Expenses": 203690000.0,
        "Total Operating Income As Reported": 67891000.0,
        "Diluted NI Availto Com Stockholders": 49995000.0,
        "Net Income Common Stockholders": 49995000.0,
        "Otherunder Preferred Stock Dividend": 10000.0,
        "Net Income": 50005000.0,
        "Minority Interests": 0.0,
        "Net Income Including Noncontrolling Interests": 50005000.0,
        "Net Income Continuous Operations": 50005000.0,
        "Tax Provision": 16424000.0,
        "Pretax Income": 66429000.0,
        "Other Income Expense": -74000.0,
        "Other Non Operating Income Expenses": -74000.0,
        "Earnings From Equity Interest": NaN,
        "Gain On Sale Of Security": NaN,
        "Net Non Operating Interest Income Expense": -1388000.0,
        "Interest Expense Non Operating": 2356000.0,
        "Interest Income Non Operating": 968000.0,
        "Operating Income": 67891000.0,
        "Operating Expense": 115469000.0,
        "Research And Development": 22459000.0,
        "Selling General And Administration": 93010000.0,
        "Gross Profit": 183360000.0,
        "Cost Of Revenue": 88221000.0,
        "Total Revenue": 271581000.0,
        "Operating Revenue": 271581000.0
    },
    "2022-09-30": {
        "Tax Effect Of Unusual Items": 0.0,
        "Tax Rate For Calcs": 0.135,
        "Normalized EBITDA": 82958000.0,
        "Net Income From Continuing Operation Net Minority Interest": 89555000.0,
        "Reconciled Depreciation": 26641000.0,
        "Reconciled Cost Of Revenue": 90060000.0,
        "EBITDA": 82958000.0,
        "EBIT": 56317000.0,
        "Net Interest Income": -3357000.0,
        "Interest Expense": 3790000.0,
        "Interest Income": 433000.0,
        "Normalized Income": 89555000.0,
        "Net Income From Continuing And Discontinued Operation": 89555000.0,
        "Total Expenses": 213338000.0,
        "Total Operating Income As Reported": 56317000.0,
        "Diluted Average Shares": 162172000.0,
        "Basic Average Shares": 156928000.0,
        "Diluted EPS": 0.5525,
        "Basic EPS": 0.57,
        "Diluted NI Availto Com Stockholders": 89555000.0,
        "Net Income Common Stockholders": 89555000.0,
        "Otherunder Preferred Stock Dividend": 26000.0,
        "Net Income": 89555000.0,
        "Minority Interests": -179000.0,
        "Net Income Including Noncontrolling Interests": 89734000.0,
        "Net Income Continuous Operations": 89734000.0,
        "Tax Provision": 13982000.0,
        "Pretax Income": 103716000.0,
        "Other Income Expense": 47399000.0,
        "Other Non Operating Income Expenses": 47399000.0,
        "Net Non Operating Interest Income Expense": -3357000.0,
        "Interest Expense Non Operating": 3790000.0,
        "Interest Income Non Operating": 433000.0,
        "Operating Income": 56317000.0,
        "Operating Expense": 123278000.0,
        "Research And Development": 23903000.0,
        "Selling General And Administration": 99375000.0,
        "Gross Profit": 179595000.0,
        "Cost Of Revenue": 90060000.0,
        "Total Revenue": 269655000.0,
        "Operating Revenue": 269655000.0
    },
    "2022-06-30": {
        "Tax Effect Of Unusual Items": 0.0,
        "Tax Rate For Calcs": 0.217,
        "Normalized EBITDA": 106439000.0,
        "Net Income From Continuing Operation Net Minority Interest": 61524000.0,
        "Reconciled Depreciation": 25866000.0,
        "Reconciled Cost Of Revenue": 87878000.0,
        "EBITDA": 106439000.0,
        "EBIT": 80573000.0,
        "Net Interest Income": -2317000.0,
        "Interest Expense": 2505000.0,
        "Interest Income": 188000.0,
        "Normalized Income": 61524000.0,
        "Net Income From Continuing And Discontinued Operation": 61524000.0,
        "Total Expenses": 207656000.0,
        "Total Operating Income As Reported": 80573000.0,
        "Diluted Average Shares": 163588000.0,
        "Basic Average Shares": 156807000.0,
        "Diluted EPS": 0.3775,
        "Basic EPS": 0.3925,
        "Diluted NI Availto Com Stockholders": 61524000.0,
        "Net Income Common Stockholders": 61524000.0,
        "Otherunder Preferred Stock Dividend": 26000.0,
        "Net Income": 61524000.0,
        "Minority Interests": -392000.0,
        "Net Income Including Noncontrolling Interests": 61916000.0,
        "Net Income Continuous Operations": 61916000.0,
        "Tax Provision": 17137000.0,
        "Pretax Income": 79053000.0,
        "Other Income Expense": -1520000.0,
        "Other Non Operating Income Expenses": -1520000.0,
        "Net Non Operating Interest Income Expense": -2317000.0,
        "Interest Expense Non Operating": 2505000.0,
        "Interest Income Non Operating": 188000.0,
        "Operating Income": 80573000.0,
        "Operating Expense": 119778000.0,
        "Research And Development": 23148000.0,
        "Selling General And Administration": 96630000.0,
        "Gross Profit": 200351000.0,
        "Cost Of Revenue": 87878000.0,
        "Total Revenue": 288229000.0,
        "Operating Revenue": 288229000.0
    },
    "2022-03-31": {
        "Diluted EPS": 0.37,
        "Total Revenue": 290,
        "Gross Profit": 201,
        "Operating Income": 90,
        "EBIT": 116,
        "Net Income": 61
    },
    "2021-12-31": {
        "Diluted EPS": 0.49,
        "Total Revenue": 269,
        "Gross Profit": 184,
        "Operating Income": 62,
        "EBIT": 87,
        "Net Income": 80
    },
    "2021-09-30": {
        "Diluted EPS": 0.42,
        "Total Revenue": 258,
        "Gross Profit": 171,
        "Operating Income": 63,
        "EBIT": 88,
        "Net Income": 70
    },
    "2021-06-30": {
        "Diluted EPS": 0.09,
        "Total Revenue": 259,
        "Gross Profit": 176,
        "Operating Income": 69,
        "EBIT": 93,
        "Net Income": 15
    },
    "2021-03-31": {
        "Diluted EPS": 0.28,
        "Total Revenue": 244,
        "Gross Profit": 168,
        "Operating Income": 69,
        "EBIT": 90,
        "Net Income": 46
    },
    "2020-12-31": {
        "Diluted EPS": 0.29,
        "Total Revenue": 224,
        "Gross Profit": 151,
        "Operating Income": 51,
        "EBIT": 72,
        "Net Income": 46
    },
    "2020-09-30": {
        "Diluted EPS": 0.21,
        "Total Revenue": 204,
        "Gross Profit": 138,
        "Operating Income": 49,
        "EBIT": 70,
        "Net Income": 33
    },
    "2020-06-30": {
        "Diluted EPS": 0.38,
        "Total Revenue": 176,
        "Gross Profit": 113,
        "Operating Income": 39,
        "EBIT": 60,
        "Net Income": 59
    },
    "2020-03-31": {
        "Diluted EPS": 0.23,
        "Total Revenue": 195,
        "Gross Profit": 130,
        "Operating Income": 48,
        "EBIT": 69,
        "Net Income": 36
    },
    "2019-12-31": {
        "Diluted EPS": 0.76,
        "Total Revenue": 185,
        "Gross Profit": 121,
        "Operating Income": 37,
        "EBIT": 58,
        "Net Income": 120
    },
    "2019-09-30": {
        "Diluted EPS": 0.09,
        "Total Revenue": 183,
        "Gross Profit": 118,
        "Operating Income": 33,
        "EBIT": 53,
        "Net Income": 14
    },
    "2019-06-30": {
        "Diluted EPS": 0.11,
        "Total Revenue": 192,
        "Gross Profit": 128,
        "Operating Income": 43,
        "EBIT": 63,
        "Net Income": 16
    },
    "2019-03-31": {
        "Diluted EPS": 0.29,
        "Total Revenue": 185,
        "Gross Profit": 125,
        "Operating Income": 44,
        "EBIT": 63,
        "Net Income": 45
    },
    "2018-12-31": {
        "Diluted EPS": 0.11,
        "Total Revenue": 175,
        "Gross Profit": 113,
        "Operating Income": 34,
        "EBIT": 53,
        "Net Income": 18
    },
    "2018-09-30": {
        "Diluted EPS": 0.11,
        "Total Revenue": 163,
        "Gross Profit": 108,
        "Operating Income": 26,
        "EBIT": 45,
        "Net Income": 17
    },
    "2018-06-30": {
        "Diluted EPS": 0.27,
        "Total Revenue": 180,
        "Gross Profit": 122,
        "Operating Income": 43,
        "EBIT": 60,
        "Net Income": 42
    },
    "2018-03-31": {
        "Diluted EPS": 0.13,
        "Total Revenue": 164,
        "Gross Profit": 110,
        "Operating Income": 43,
        "EBIT": 59,
        "Net Income": 20
    },
    "2017-12-31": {
        "Diluted EPS": 0.32,
        "Total Revenue": 154,
        "Gross Profit": 102,
        "Operating Income": 24,
        "EBIT": 40,
        "Net Income": 49
    },
    "2017-09-30": {
        "Diluted EPS": 0.11,
        "Total Revenue": 145,
        "Gross Profit": 98,
        "Operating Income": 26,
        "EBIT": 41,
        "Net Income": 16
    },
    "2017-06-30": {
        "Diluted EPS": 0.19,
        "Total Revenue": 157,
        "Gross Profit": 102,
        "Operating Income": 40,
        "EBIT": 55,
        "Net Income": 28
    },
    "2017-03-31": {
        "Diluted EPS": 0.15,
        "Total Revenue": 144,
        "Gross Profit": 97,
        "Operating Income": 34,
        "EBIT": 50,
        "Net Income": 22
    },
    "2016-12-31": {
        "Diluted EPS": 0.05,
        "Total Revenue": 132,
        "Gross Profit": 88,
        "Operating Income": 18,
        "EBIT": 33,
        "Net Income": 7
    },
    "2016-09-30": {
        "Diluted EPS": 0.13,
        "Total Revenue": 131,
        "Gross Profit": 87,
        "Operating Income": 29,
        "EBIT": 43,
        "Net Income": 19
    },
    "2016-06-30": {
        "Diluted EPS": 0.17,
        "Total Revenue": 135,
        "Gross Profit": 90,
        "Operating Income": 40,
        "EBIT": 51,
        "Net Income": 26
    },
    "2016-03-31": {
        "Diluted EPS": 0.2,
        "Total Revenue": 131,
        "Gross Profit": 90,
        "Operating Income": 44,
        "EBIT": 54,
        "Net Income": 30
    },
    "2015-12-31": {
        "Diluted EPS": 0.17,
        "Total Revenue": 121,
        "Gross Profit": 82,
        "Operating Income": 36,
        "EBIT": 47,
        "Net Income": 26
    },
    "2015-09-30": {
        "Diluted EPS": 0.15,
        "Total Revenue": 112,
        "Gross Profit": 75,
        "Operating Income": 31,
        "EBIT": 42,
        "Net Income": 23
    },
    "2015-06-30": {
        "Diluted EPS": 0.18,
        "Total Revenue": 118,
        "Gross Profit": 79,
        "Operating Income": 38,
        "EBIT": 47,
        "Net Income": 26
    },
    "2015-03-31": {
        "Diluted EPS": 0.16,
        "Total Revenue": 114,
        "Gross Profit": 79,
        "Operating Income": 39,
        "EBIT": 49,
        "Net Income": 24
    },
    "2014-12-31": {
        "Diluted EPS": 0.22,
        "Total Revenue": 112,
        "Gross Profit": 76,
        "Operating Income": 35,
        "EBIT": 44,
        "Net Income": 33
    },
    "2014-09-30": {
        "Diluted EPS": 0.16,
        "Total Revenue": 108,
        "Gross Profit": 73,
        "Operating Income": 35,
        "EBIT": 44,
        "Net Income": 24
    },
    "2014-06-30": {
        "Diluted EPS": 0.18,
        "Total Revenue": 93,
        "Gross Profit": 64,
        "Operating Income": 39,
        "EBIT": 44,
        "Net Income": 27
    },
    "2014-03-31": {
        "Diluted EPS": 0.21,
        "Total Revenue": 96,
        "Gross Profit": 68,
        "Operating Income": 46,
        "EBIT": 51,
        "Net Income": 32
    },
    "2013-12-31": {
        "Diluted EPS": 0.17,
        "Total Revenue": 84,
        "Gross Profit": 59,
        "Operating Income": 36,
        "EBIT": 41,
        "Net Income": 25
    },
    "2013-09-30": {
        "Diluted EPS": 0.19,
        "Total Revenue": 86,
        "Gross Profit": 61,
        "Operating Income": 39,
        "EBIT": 43,
        "Net Income": 27
    },
    "2013-06-30": {
        "Diluted EPS": 0.19,
        "Total Revenue": 79,
        "Gross Profit": 59,
        "Operating Income": 40,
        "EBIT": 43,
        "Net Income": 28
    },
    "2013-03-31": {
        "Diluted EPS": 0.23,
        "Total Revenue": 81,
        "Gross Profit": 61,
        "Operating Income": 44,
        "EBIT": 47,
        "Net Income": 33
    },
    "2012-12-31": {
        "Diluted EPS": 0.17,
        "Total Revenue": 75,
        "Gross Profit": 55,
        "Operating Income": 37,
        "EBIT": 40,
        "Net Income": 25
    },
    "2012-09-30": {
        "Diluted EPS": 0.18,
        "Total Revenue": 75,
        "Gross Profit": 56,
        "Operating Income": 38,
        "EBIT": 41,
        "Net Income": 26
    },
    "2012-06-30": {
        "Diluted EPS": 0.19,
        "Total Revenue": 79,
        "Gross Profit": 59,
        "Operating Income": 41,
        "EBIT": 44,
        "Net Income": 27
    },
    "2012-03-31": {
        "Diluted EPS": 0.22,
        "Total Revenue": 84,
        "Gross Profit": 63,
        "Operating Income": 46,
        "EBIT": 49,
        "Net Income": 32
    },
    "2011-12-31": {
        "Diluted EPS": 0.18,
        "Total Revenue": 75,
        "Gross Profit": 55,
        "Operating Income": 38,
        "EBIT": 41,
        "Net Income": 26
    },
    "2011-09-30": {
        "Diluted EPS": 0.19,
        "Total Revenue": 78,
        "Gross Profit": 58,
        "Operating Income": 41,
        "EBIT": 44,
        "Net Income": 28
    },
    "2011-06-30": {
        "Diluted EPS": 0.19,
        "Total Revenue": 78,
        "Gross Profit": 60,
        "Operating Income": 43,
        "EBIT": 45,
        "Net Income": 28
    },
    "2011-03-31": {
        "Diluted EPS": 0.21,
        "Total Revenue": 76,
        "Gross Profit": 60,
        "Operating Income": 45,
        "EBIT": 47,
        "Net Income": 31
    },
    "2010-12-31": {
        "Diluted EPS": 0.18,
        "Total Revenue": 68,
        "Gross Profit": 52,
        "Operating Income": 37,
        "EBIT": 39,
        "Net Income": 27
    },
    "2010-09-30": {
        "Diluted EPS": 0.18,
        "Total Revenue": 68,
        "Gross Profit": 53,
        "Operating Income": 38,
        "EBIT": 40,
        "Net Income": 26
    },
    "2010-06-30": {
        "Diluted EPS": 0.17,
        "Total Revenue": 67,
        "Gross Profit": 52,
        "Operating Income": 39,
        "EBIT": 41,
        "Net Income": 26
    },
    "2010-03-31": {
        "Diluted EPS": 0.22,
        "Total Revenue": 70,
        "Gross Profit": 56,
        "Operating Income": 42,
        "EBIT": 44,
        "Net Income": 32
    },
    "2009-12-31": {
        "Diluted EPS": 0.17,
        "Total Revenue": 66,
        "Gross Profit": 52,
        "Operating Income": 37,
        "EBIT": 39,
        "Net Income": 25
    },
    "2009-09-30": {
        "Diluted EPS": 0.18,
        "Total Revenue": 67,
        "Gross Profit": 54,
        "Operating Income": 39,
        "EBIT": 41,
        "Net Income": 27
    },
    "2009-06-30": {
        "Diluted EPS": 0.17,
        "Total Revenue": 65,
        "Gross Profit": 50,
        "Operating Income": 36,
        "EBIT": 38,
        "Net Income": 25
    },
    "2009-03-31": {
        "Diluted EPS": 0.19,
        "Total Revenue": 68,
        "Gross Profit": 54,
        "Operating Income": 40,
        "EBIT": 42,
        "Net Income": 28
    },
    "2023-06-30": {
        "Tax Effect Of Unusual Items": 0.0,
        "Tax Rate For Calcs": 0.145296,
        "Normalized EBITDA": 118941000.0,
        "Total Unusual Items": NaN,
        "Total Unusual Items Excluding Goodwill": NaN,
        "Net Income From Continuing Operation Net Minority Interest": 75484000.0,
        "Reconciled Depreciation": 26923000.0,
        "Reconciled Cost Of Revenue": 96622000.0,
        "EBITDA": 118941000.0,
        "EBIT": 92018000.0,
        "Net Interest Income": -2667000.0,
        "Interest Expense": 3702000.0,
        "Interest Income": 1035000.0,
        "Normalized Income": 75484000.0,
        "Net Income From Continuing And Discontinued Operation": 75484000.0,
        "Total Expenses": 214741000.0,
        "Total Operating Income As Reported": 94525000.0,
        "Diluted NI Availto Com Stockholders": 75466000.0,
        "Net Income Common Stockholders": 75466000.0,
        "Otherunder Preferred Stock Dividend": 18000.0,
        "Net Income": 75484000.0,
        "Minority Interests": 0.0,
        "Net Income Including Noncontrolling Interests": 75484000.0,
        "Net Income Continuous Operations": 75484000.0,
        "Tax Provision": 12832000.0,
        "Pretax Income": 88316000.0,
        "Other Income Expense": 4404000.0,
        "Other Non Operating Income Expenses": -50593000.0,
        "Earnings From Equity Interest": NaN,
        "Gain On Sale Of Security": NaN,
        "Net Non Operating Interest Income Expense": -2667000.0,
        "Interest Expense Non Operating": 3702000.0,
        "Interest Income Non Operating": 1035000.0,
        "Operating Income": 86579000.0,
        "Operating Expense": 118119000.0,
        "Research And Development": 23419000.0,
        "Selling General And Administration": 60814000.0,
        "Gross Profit": 204698000.0,
        "Cost Of Revenue": 96622000.0,
        "Total Revenue": 301320000.0,
        "Operating Revenue": 301320000.0
    },
    "2023-09-30": {
        "Tax Effect Of Unusual Items": 59430.0,
        "Tax Rate For Calcs": 0.21,
        "Normalized EBITDA": 82708000.0,
        "Total Unusual Items": 283000.0,
        "Total Unusual Items Excluding Goodwill": 283000.0,
        "Net Income From Continuing Operation Net Minority Interest": 50993000.0,
        "Reconciled Depreciation": 28540000.0,
        "Reconciled Cost Of Revenue": 91744000.0,
        "EBITDA": 82991000.0,
        "EBIT": 54451000.0,
        "Net Interest Income": -4003000.0,
        "Interest Expense": 4893000.0,
        "Interest Income": 890000.0,
        "Normalized Income": 50769430.0,
        "Net Income From Continuing And Discontinued Operation": 50993000.0,
        "Total Expenses": 221073000.0,
        "Total Operating Income As Reported": 55862000.0,
        "Diluted NI Availto Com Stockholders": 50985000.0,
        "Net Income Common Stockholders": 50985000.0,
        "Otherunder Preferred Stock Dividend": 8000.0,
        "Net Income": 50993000.0,
        "Minority Interests": 0.0,
        "Net Income Including Noncontrolling Interests": 50993000.0,
        "Net Income Continuous Operations": 50993000.0,
        "Tax Provision": -1435000.0,
        "Pretax Income": 49558000.0,
        "Other Income Expense": -2301000.0,
        "Other Non Operating Income Expenses": -294000.0,
        "Earnings From Equity Interest": -2290000.0,
        "Gain On Sale Of Security": 283000.0,
        "Net Non Operating Interest Income Expense": -4003000.0,
        "Interest Expense Non Operating": 4893000.0,
        "Interest Income Non Operating": 890000.0,
        "Operating Income": 55862000.0,
        "Operating Expense": 129329000.0,
        "Research And Development": 23998000.0,
        "Selling General And Administration": 105331000.0,
        "Gross Profit": 185191000.0,
        "Cost Of Revenue": 91744000.0,
        "Total Revenue": 276935000.0,
        "Operating Revenue": 276935000.0
    }
}