{
    "2023-03-31": {
        "Tax Effect Of Unusual Items": NaN,
        "Tax Rate For Calcs": NaN,
        "Normalized EBITDA": NaN,
        "Total Unusual Items": NaN,
        "Total Unusual Items Excluding Goodwill": NaN,
        "Net Income From Continuing Operation Net Minority Interest": NaN,
        "Reconciled Depreciation": NaN,
        "Reconciled Cost Of Revenue": NaN,
        "EBITDA": NaN,
        "EBIT": NaN,
        "Net Interest Income": NaN,
        "Interest Expense": NaN,
        "Interest Income": NaN,
        "Normalized Income": NaN,
        "Net Income From Continuing And Discontinued Operation": NaN,
        "Total Expenses": NaN,
        "Rent Expense Supplemental": 4837000000.0,
        "Total Operating Income As Reported": NaN,
        "Diluted Average Shares": NaN,
        "Basic Average Shares": NaN,
        "Diluted EPS": NaN,
        "Basic EPS": NaN,
        "Diluted NI Availto Com Stockholders": NaN,
        "Net Income Common Stockholders": NaN,
        "Net Income": NaN,
        "Minority Interests": NaN,
        "Net Income Including Noncontrolling Interests": NaN,
        "Net Income Continuous Operations": NaN,
        "Tax Provision": NaN,
        "Pretax Income": NaN,
        "Other Income Expense": NaN,
        "Special Income Charges": NaN,
        "Other Special Charges": 5275000000.0,
        "Write Off": NaN,
        "Impairment Of Capital Assets": 1065000000.0,
        "Restructuring And Mergern Acquisition": 10085000000.0,
        "Earnings From Equity Interest": NaN,
        "Gain On Sale Of Security": NaN,
        "Net Non Operating Interest Income Expense": NaN,
        "Total Other Finance Cost": NaN,
        "Interest Expense Non Operating": NaN,
        "Interest Income Non Operating": NaN,
        "Operating Income": NaN,
        "Operating Expense": NaN,
        "Other Operating Expenses": NaN,
        "Other Taxes": NaN,
        "Depreciation Amortization Depletion Income Statement": NaN,
        "Depreciation And Amortization In Income Statement": NaN,
        "Amortization": 33299000000.0,
        "Amortization Of Intangibles Income Statement": 33299000000.0,
        "Depreciation Income Statement": 229914000000.0,
        "Selling General And Administration": NaN,
        "Selling And Marketing Expense": NaN,
        "General And Administrative Expense": NaN,
        "Other Gand A": 5508000000.0,
        "Rent And Landing Fees": 4837000000.0,
        "Salaries And Wages": NaN,
        "Gross Profit": NaN,
        "Cost Of Revenue": NaN,
        "Total Revenue": NaN,
        "Operating Revenue": NaN
    },
    "2022-12-31": {
        "Tax Effect Of Unusual Items": NaN,
        "Tax Rate For Calcs": NaN,
        "Normalized EBITDA": NaN,
        "Total Unusual Items": NaN,
        "Total Unusual Items Excluding Goodwill": NaN,
        "Net Income From Continuing Operation Net Minority Interest": NaN,
        "Reconciled Depreciation": NaN,
        "Reconciled Cost Of Revenue": NaN,
        "EBITDA": NaN,
        "EBIT": NaN,
        "Net Interest Income": NaN,
        "Interest Expense": NaN,
        "Interest Income": NaN,
        "Normalized Income": NaN,
        "Net Income From Continuing And Discontinued Operation": NaN,
        "Total Expenses": NaN,
        "Rent Expense Supplemental": NaN,
        "Total Operating Income As Reported": NaN,
        "Diluted Average Shares": NaN,
        "Basic Average Shares": NaN,
        "Diluted EPS": NaN,
        "Basic EPS": NaN,
        "Diluted NI Availto Com Stockholders": NaN,
        "Net Income Common Stockholders": NaN,
        "Net Income": NaN,
        "Minority Interests": NaN,
        "Net Income Including Noncontrolling Interests": NaN,
        "Net Income Continuous Operations": NaN,
        "Tax Provision": NaN,
        "Pretax Income": NaN,
        "Other Income Expense": NaN,
        "Special Income Charges": NaN,
        "Other Special Charges": 6000000.0,
        "Write Off": NaN,
        "Impairment Of Capital Assets": NaN,
        "Restructuring And Mergern Acquisition": 9873000000.0,
        "Earnings From Equity Interest": NaN,
        "Gain On Sale Of Security": NaN,
        "Net Non Operating Interest Income Expense": NaN,
        "Total Other Finance Cost": NaN,
        "Interest Expense Non Operating": NaN,
        "Interest Income Non Operating": NaN,
        "Operating Income": NaN,
        "Operating Expense": NaN,
        "Other Operating Expenses": NaN,
        "Other Taxes": NaN,
        "Depreciation Amortization Depletion Income Statement": NaN,
        "Depreciation And Amortization In Income Statement": NaN,
        "Amortization": NaN,
        "Amortization Of Intangibles Income Statement": NaN,
        "Depreciation Income Statement": NaN,
        "Selling General And Administration": NaN,
        "Selling And Marketing Expense": NaN,
        "General And Administrative Expense": NaN,
        "Other Gand A": NaN,
        "Rent And Landing Fees": NaN,
        "Salaries And Wages": NaN,
        "Gross Profit": NaN,
        "Cost Of Revenue": NaN,
        "Total Revenue": NaN,
        "Operating Revenue": NaN
    },
    "2022-09-30": {
        "Tax Effect Of Unusual Items": NaN,
        "Tax Rate For Calcs": NaN,
        "Normalized EBITDA": NaN,
        "Total Unusual Items": NaN,
        "Total Unusual Items Excluding Goodwill": NaN,
        "Net Income From Continuing Operation Net Minority Interest": NaN,
        "Reconciled Depreciation": NaN,
        "Reconciled Cost Of Revenue": NaN,
        "EBITDA": NaN,
        "EBIT": NaN,
        "Net Interest Income": NaN,
        "Interest Expense": NaN,
        "Interest Income": NaN,
        "Normalized Income": NaN,
        "Net Income From Continuing And Discontinued Operation": NaN,
        "Total Expenses": NaN,
        "Rent Expense Supplemental": NaN,
        "Total Operating Income As Reported": NaN,
        "Diluted Average Shares": NaN,
        "Basic Average Shares": NaN,
        "Diluted EPS": NaN,
        "Basic EPS": NaN,
        "Diluted NI Availto Com Stockholders": NaN,
        "Net Income Common Stockholders": NaN,
        "Net Income": NaN,
        "Minority Interests": NaN,
        "Net Income Including Noncontrolling Interests": NaN,
        "Net Income Continuous Operations": NaN,
        "Tax Provision": NaN,
        "Pretax Income": NaN,
        "Other Income Expense": NaN,
        "Special Income Charges": NaN,
        "Other Special Charges": 2290000000.0,
        "Write Off": NaN,
        "Impairment Of Capital Assets": NaN,
        "Restructuring And Mergern Acquisition": 14834000000.0,
        "Earnings From Equity Interest": NaN,
        "Gain On Sale Of Security": NaN,
        "Net Non Operating Interest Income Expense": NaN,
        "Total Other Finance Cost": NaN,
        "Interest Expense Non Operating": NaN,
        "Interest Income Non Operating": NaN,
        "Operating Income": NaN,
        "Operating Expense": NaN,
        "Other Operating Expenses": NaN,
        "Other Taxes": NaN,
        "Depreciation Amortization Depletion Income Statement": NaN,
        "Depreciation And Amortization In Income Statement": NaN,
        "Amortization": NaN,
        "Amortization Of Intangibles Income Statement": NaN,
        "Depreciation Income Statement": NaN,
        "Selling General And Administration": NaN,
        "Selling And Marketing Expense": NaN,
        "General And Administrative Expense": NaN,
        "Other Gand A": NaN,
        "Rent And Landing Fees": NaN,
        "Salaries And Wages": NaN,
        "Gross Profit": NaN,
        "Cost Of Revenue": NaN,
        "Total Revenue": NaN,
        "Operating Revenue": NaN
    },
    "2022-06-30": {
        "Tax Effect Of Unusual Items": 3131200000.0,
        "Tax Rate For Calcs": 0.4,
        "Normalized EBITDA": 46435000000.0,
        "Total Unusual Items": 7828000000.0,
        "Total Unusual Items Excluding Goodwill": 7828000000.0,
        "Net Income From Continuing Operation Net Minority Interest": 3664000000.0,
        "Reconciled Depreciation": 49637000000.0,
        "Reconciled Cost Of Revenue": 26812000000.0,
        "EBITDA": 54263000000.0,
        "EBIT": 4626000000.0,
        "Net Interest Income": 2030000000.0,
        "Interest Expense": 2147000000.0,
        "Interest Income": NaN,
        "Normalized Income": -1032800000.0,
        "Net Income From Continuing And Discontinued Operation": 3664000000.0,
        "Total Expenses": 134279000000.0,
        "Rent Expense Supplemental": 740000000.0,
        "Total Operating Income As Reported": -10010000000.0,
        "Diluted Average Shares": 430737602.0,
        "Basic Average Shares": 430737602.0,
        "Diluted EPS": 18.35,
        "Basic EPS": 18.35,
        "Diluted NI Availto Com Stockholders": 3664000000.0,
        "Net Income Common Stockholders": 3664000000.0,
        "Net Income": 3664000000.0,
        "Minority Interests": -362000000.0,
        "Net Income Including Noncontrolling Interests": 4026000000.0,
        "Net Income Continuous Operations": 4026000000.0,
        "Tax Provision": -1547000000.0,
        "Pretax Income": 2479000000.0,
        "Other Income Expense": 7831000000.0,
        "Other Non Operating Income Expenses": 12329000000.0,
        "Special Income Charges": -2628000000.0,
        "Other Special Charges": NaN,
        "Write Off": 2702000000.0,
        "Impairment Of Capital Assets": -74000000.0,
        "Restructuring And Mergern Acquisition": NaN,
        "Earnings From Equity Interest": 3000000.0,
        "Gain On Sale Of Security": 10456000000.0,
        "Net Non Operating Interest Income Expense": 2030000000.0,
        "Total Other Finance Cost": -4177000000.0,
        "Interest Expense Non Operating": 2147000000.0,
        "Interest Income Non Operating": NaN,
        "Operating Income": -7382000000.0,
        "Operating Expense": 101028000000.0,
        "Other Operating Expenses": 7909000000.0,
        "Other Taxes": 9842000000.0,
        "Depreciation Amortization Depletion Income Statement": 43198000000.0,
        "Depreciation And Amortization In Income Statement": 43198000000.0,
        "Amortization": 4880000000.0,
        "Amortization Of Intangibles Income Statement": 4880000000.0,
        "Depreciation Income Statement": 38318000000.0,
        "Selling General And Administration": 40079000000.0,
        "Selling And Marketing Expense": 7228000000.0,
        "General And Administrative Expense": 32851000000.0,
        "Other Gand A": NaN,
        "Rent And Landing Fees": 740000000.0,
        "Salaries And Wages": 32111000000.0,
        "Gross Profit": 93646000000.0,
        "Cost Of Revenue": 33251000000.0,
        "Total Revenue": 126897000000.0,
        "Operating Revenue": 126897000000.0
    },
    "2022-03-31": {
        "Diluted EPS": 0.51,
        "Total Revenue": NaN,
        "Gross Profit": NaN,
        "Operating Income": 12,
        "EBIT": 362,
        "Net Income": 221
    },
    "2021-12-31": {
        "Diluted EPS": 0.21,
        "Total Revenue": NaN,
        "Gross Profit": NaN,
        "Operating Income": -36,
        "EBIT": 415,
        "Net Income": 90
    },
    "2021-09-30": {
        "Diluted EPS": 0.06,
        "Total Revenue": 991,
        "Gross Profit": 943,
        "Operating Income": -48,
        "EBIT": 324,
        "Net Income": 26
    },
    "2021-06-30": {
        "Diluted EPS": -0.29,
        "Total Revenue": 937,
        "Gross Profit": 886,
        "Operating Income": -7,
        "EBIT": 303,
        "Net Income": -124
    },
    "2021-03-31": {
        "Diluted EPS": 0.23,
        "Total Revenue": 933,
        "Gross Profit": 889,
        "Operating Income": 61,
        "EBIT": 339,
        "Net Income": 99
    },
    "2020-12-31": {
        "Diluted EPS": -0.14,
        "Total Revenue": NaN,
        "Gross Profit": NaN,
        "Operating Income": 18,
        "EBIT": 435,
        "Net Income": -60
    },
    "2020-09-30": {
        "Diluted EPS": -0.11,
        "Total Revenue": 918,
        "Gross Profit": 830,
        "Operating Income": 52,
        "EBIT": 311,
        "Net Income": -48
    },
    "2020-06-30": {
        "Diluted EPS": -0.03,
        "Total Revenue": 962,
        "Gross Profit": 932,
        "Operating Income": 125,
        "EBIT": 352,
        "Net Income": -14
    },
    "2020-03-31": {
        "Diluted EPS": 0.1,
        "Total Revenue": NaN,
        "Gross Profit": 986,
        "Operating Income": 94,
        "EBIT": 358,
        "Net Income": 42
    },
    "2019-12-31": {
        "Diluted EPS": 0.4,
        "Total Revenue": NaN,
        "Gross Profit": NaN,
        "Operating Income": 32,
        "EBIT": 460,
        "Net Income": 171
    },
    "2019-09-30": {
        "Diluted EPS": -0.96,
        "Total Revenue": NaN,
        "Gross Profit": NaN,
        "Operating Income": 79,
        "EBIT": 356,
        "Net Income": -413
    },
    "2019-06-30": {
        "Diluted EPS": 0.28,
        "Total Revenue": NaN,
        "Gross Profit": NaN,
        "Operating Income": 101,
        "EBIT": 357,
        "Net Income": 120
    },
    "2019-03-31": {
        "Diluted EPS": 0.07,
        "Total Revenue": NaN,
        "Gross Profit": NaN,
        "Operating Income": 116,
        "EBIT": 371,
        "Net Income": 32
    },
    "2018-12-31": {
        "Diluted EPS": 1.89,
        "Total Revenue": NaN,
        "Gross Profit": NaN,
        "Operating Income": -92,
        "EBIT": 601,
        "Net Income": 812
    },
    "2018-09-30": {
        "Diluted EPS": -1.02,
        "Total Revenue": NaN,
        "Gross Profit": 990,
        "Operating Income": 201,
        "EBIT": 269,
        "Net Income": -438
    },
    "2018-06-30": {
        "Diluted EPS": -0.84,
        "Total Revenue": NaN,
        "Gross Profit": NaN,
        "Operating Income": 283,
        "EBIT": 459,
        "Net Income": -363
    },
    "2018-03-31": {
        "Diluted EPS": 0.41,
        "Total Revenue": NaN,
        "Gross Profit": NaN,
        "Operating Income": 363,
        "EBIT": 597,
        "Net Income": 176
    },
    "2017-12-31": {
        "Diluted EPS": 0.6,
        "Total Revenue": NaN,
        "Gross Profit": 893,
        "Operating Income": 174,
        "EBIT": 295,
        "Net Income": 113
    },
    "2017-09-30": {
        "Diluted EPS": 0.61,
        "Total Revenue": 971,
        "Gross Profit": 850,
        "Operating Income": 184,
        "EBIT": 265,
        "Net Income": 118
    },
    "2017-06-30": {
        "Diluted EPS": 0.55,
        "Total Revenue": NaN,
        "Gross Profit": 896,
        "Operating Income": 189,
        "EBIT": 298,
        "Net Income": 106
    },
    "2017-03-31": {
        "Diluted EPS": 0.65,
        "Total Revenue": 942,
        "Gross Profit": 850,
        "Operating Income": 185,
        "EBIT": 292,
        "Net Income": 125
    },
    "2016-12-31": {
        "Diluted EPS": 0.51,
        "Total Revenue": 929,
        "Gross Profit": 807,
        "Operating Income": 150,
        "EBIT": 269,
        "Net Income": 98
    },
    "2016-09-30": {
        "Diluted EPS": 0.26,
        "Total Revenue": 900,
        "Gross Profit": 772,
        "Operating Income": 121,
        "EBIT": 217,
        "Net Income": 50
    },
    "2016-06-30": {
        "Diluted EPS": 0.29,
        "Total Revenue": 912,
        "Gross Profit": 773,
        "Operating Income": 121,
        "EBIT": 229,
        "Net Income": 56
    },
    "2016-03-31": {
        "Diluted EPS": 0.33,
        "Total Revenue": 869,
        "Gross Profit": 737,
        "Operating Income": 139,
        "EBIT": 235,
        "Net Income": 64
    },
    "2015-12-31": {
        "Diluted EPS": 0.37,
        "Total Revenue": NaN,
        "Gross Profit": NaN,
        "Operating Income": 250,
        "EBIT": 391,
        "Net Income": 71
    },
    "2015-09-30": {
        "Diluted EPS": 0.43,
        "Total Revenue": NaN,
        "Gross Profit": 670,
        "Operating Income": 148,
        "EBIT": 267,
        "Net Income": 87
    },
    "2015-06-30": {
        "Diluted EPS": 0.54,
        "Total Revenue": NaN,
        "Gross Profit": 452,
        "Operating Income": 163,
        "EBIT": 307,
        "Net Income": 104
    },
    "2015-03-31": {
        "Diluted EPS": 0.59,
        "Total Revenue": 993,
        "Gross Profit": 625,
        "Operating Income": 163,
        "EBIT": 241,
        "Net Income": 115
    },
    "2014-12-31": {
        "Diluted EPS": 0.66,
        "Total Revenue": NaN,
        "Gross Profit": 558,
        "Operating Income": 209,
        "EBIT": 294,
        "Net Income": 127
    },
    "2014-09-30": {
        "Diluted EPS": 0.5,
        "Total Revenue": NaN,
        "Gross Profit": 650,
        "Operating Income": 93,
        "EBIT": 166,
        "Net Income": 98
    },
    "2014-06-30": {
        "Diluted EPS": 0.58,
        "Total Revenue": 991,
        "Gross Profit": 612,
        "Operating Income": 176,
        "EBIT": 215,
        "Net Income": 112
    },
    "2014-03-31": {
        "Diluted EPS": 0.56,
        "Total Revenue": 933,
        "Gross Profit": 635,
        "Operating Income": 126,
        "EBIT": 224,
        "Net Income": 111
    },
    "2013-12-31": {
        "Diluted EPS": 0.57,
        "Total Revenue": 946,
        "Gross Profit": 666,
        "Operating Income": -130,
        "EBIT": 16,
        "Net Income": 111
    },
    "2013-09-30": {
        "Diluted EPS": 0.75,
        "Total Revenue": NaN,
        "Gross Profit": 821,
        "Operating Income": 159,
        "EBIT": 275,
        "Net Income": 147
    },
    "2013-06-30": {
        "Diluted EPS": 0.61,
        "Total Revenue": NaN,
        "Gross Profit": 811,
        "Operating Income": 147,
        "EBIT": 277,
        "Net Income": 119
    },
    "2013-03-31": {
        "Diluted EPS": 0.78,
        "Total Revenue": NaN,
        "Gross Profit": 705,
        "Operating Income": 178,
        "EBIT": 317,
        "Net Income": 155
    },
    "2012-12-31": {
        "Diluted EPS": 0.8,
        "Total Revenue": NaN,
        "Gross Profit": 133,
        "Operating Income": 12,
        "EBIT": 169,
        "Net Income": 157
    },
    "2012-09-30": {
        "Diluted EPS": 0.68,
        "Total Revenue": NaN,
        "Gross Profit": 708,
        "Operating Income": 200,
        "EBIT": 200,
        "Net Income": 134
    },
    "2012-06-30": {
        "Diluted EPS": 0.65,
        "Total Revenue": NaN,
        "Gross Profit": 712,
        "Operating Income": 153,
        "EBIT": 153,
        "Net Income": 126
    },
    "2012-03-31": {
        "Diluted EPS": 0.81,
        "Total Revenue": NaN,
        "Gross Profit": 747,
        "Operating Income": 355,
        "EBIT": 497,
        "Net Income": 158
    },
    "2011-12-31": {
        "Diluted EPS": 0.65,
        "Total Revenue": NaN,
        "Gross Profit": 215,
        "Operating Income": 38,
        "EBIT": 285,
        "Net Income": 128
    },
    "2011-09-30": {
        "Diluted EPS": 0.65,
        "Total Revenue": NaN,
        "Gross Profit": 469,
        "Operating Income": 137,
        "EBIT": 137,
        "Net Income": 129
    },
    "2011-06-30": {
        "Diluted EPS": 0.72,
        "Total Revenue": NaN,
        "Gross Profit": 829,
        "Operating Income": 235,
        "EBIT": 235,
        "Net Income": 142
    },
    "2011-03-31": {
        "Diluted EPS": 0.78,
        "Total Revenue": NaN,
        "Gross Profit": 519,
        "Operating Income": 224,
        "EBIT": 314,
        "Net Income": 154
    },
    "2010-12-31": {
        "Diluted EPS": 0.65,
        "Total Revenue": NaN,
        "Gross Profit": 533,
        "Operating Income": 214,
        "EBIT": 317,
        "Net Income": 129
    },
    "2010-09-30": {
        "Diluted EPS": 0.57,
        "Total Revenue": 951,
        "Gross Profit": 458,
        "Operating Income": 190,
        "EBIT": 190,
        "Net Income": 112
    },
    "2010-06-30": {
        "Diluted EPS": 0.58,
        "Total Revenue": 881,
        "Gross Profit": 432,
        "Operating Income": 189,
        "EBIT": 189,
        "Net Income": 115
    },
    "2010-03-31": {
        "Diluted EPS": 0.54,
        "Total Revenue": 848,
        "Gross Profit": 425,
        "Operating Income": 198,
        "EBIT": 277,
        "Net Income": 107
    },
    "2009-12-31": {
        "Diluted EPS": 0.53,
        "Total Revenue": 872,
        "Gross Profit": 438,
        "Operating Income": 185,
        "EBIT": 277,
        "Net Income": 103
    },
    "2009-09-30": {
        "Diluted EPS": 0.4,
        "Total Revenue": 815,
        "Gross Profit": 412,
        "Operating Income": 191,
        "EBIT": 191,
        "Net Income": 80
    },
    "2009-06-30": {
        "Diluted EPS": 0.47,
        "Total Revenue": 765,
        "Gross Profit": 368,
        "Operating Income": 153,
        "EBIT": 153,
        "Net Income": 92
    },
    "2009-03-31": {
        "Diluted EPS": 0.45,
        "Total Revenue": 765,
        "Gross Profit": 356,
        "Operating Income": 139,
        "EBIT": 222,
        "Net Income": 89
    },
    "2023-06-30": {
        "Tax Effect Of Unusual Items": NaN,
        "Tax Rate For Calcs": NaN,
        "Normalized EBITDA": NaN,
        "Total Unusual Items": NaN,
        "Total Unusual Items Excluding Goodwill": NaN,
        "Net Income From Continuing Operation Net Minority Interest": NaN,
        "Reconciled Depreciation": NaN,
        "Reconciled Cost Of Revenue": NaN,
        "EBITDA": NaN,
        "EBIT": NaN,
        "Net Interest Income": NaN,
        "Interest Expense": 30023000000.0,
        "Interest Income": NaN,
        "Normalized Income": NaN,
        "Net Income From Continuing And Discontinued Operation": NaN,
        "Total Expenses": NaN,
        "Rent Expense Supplemental": 5233000000.0,
        "Total Operating Income As Reported": NaN,
        "Diluted Average Shares": NaN,
        "Basic Average Shares": NaN,
        "Diluted EPS": NaN,
        "Basic EPS": NaN,
        "Diluted NI Availto Com Stockholders": NaN,
        "Net Income Common Stockholders": NaN,
        "Net Income": NaN,
        "Minority Interests": NaN,
        "Net Income Including Noncontrolling Interests": NaN,
        "Net Income Continuous Operations": NaN,
        "Tax Provision": NaN,
        "Pretax Income": NaN,
        "Other Income Expense": NaN,
        "Special Income Charges": NaN,
        "Other Special Charges": 20831000000.0,
        "Write Off": NaN,
        "Impairment Of Capital Assets": -1134000000.0,
        "Restructuring And Mergern Acquisition": 9919000000.0,
        "Earnings From Equity Interest": NaN,
        "Gain On Sale Of Security": -11272000000.0,
        "Net Non Operating Interest Income Expense": NaN,
        "Total Other Finance Cost": NaN,
        "Interest Expense Non Operating": 30023000000.0,
        "Interest Income Non Operating": NaN,
        "Operating Income": NaN,
        "Operating Expense": NaN,
        "Other Operating Expenses": NaN,
        "Other Taxes": NaN,
        "Depreciation Amortization Depletion Income Statement": NaN,
        "Depreciation And Amortization In Income Statement": NaN,
        "Amortization": 38351000000.0,
        "Amortization Of Intangibles Income Statement": 38351000000.0,
        "Depreciation Income Statement": 284371000000.0,
        "Selling General And Administration": NaN,
        "Selling And Marketing Expense": NaN,
        "General And Administrative Expense": NaN,
        "Other Gand A": 7034000000.0,
        "Rent And Landing Fees": 5233000000.0,
        "Salaries And Wages": NaN,
        "Gross Profit": NaN,
        "Cost Of Revenue": NaN,
        "Total Revenue": NaN,
        "Operating Revenue": NaN
    },
    "2023-09-30": {
        "Tax Effect Of Unusual Items": -6909350000.0,
        "Tax Rate For Calcs": 0.35,
        "Normalized EBITDA": 346889000000.0,
        "Total Unusual Items": -19741000000.0,
        "Total Unusual Items Excluding Goodwill": -19741000000.0,
        "Net Income From Continuing Operation Net Minority Interest": 93618000000.0,
        "Reconciled Depreciation": 364556000000.0,
        "Reconciled Cost Of Revenue": 271077000000.0,
        "EBITDA": 327148000000.0,
        "EBIT": -37408000000.0,
        "Net Interest Income": 78596000000.0,
        "Interest Expense": 9144000000.0,
        "Interest Income": 6339000000.0,
        "Normalized Income": 106449650000.0,
        "Net Income From Continuing And Discontinued Operation": 93618000000.0,
        "Total Expenses": 1067626000000.0,
        "Rent Expense Supplemental": 1982000000.0,
        "Total Operating Income As Reported": -57149000000.0,
        "Diluted Average Shares": 430737602.0,
        "Basic Average Shares": 430737602.0,
        "Diluted EPS": 217.343458,
        "Basic EPS": 217.343458,
        "Diluted NI Availto Com Stockholders": 93618000000.0,
        "Net Income Common Stockholders": 93618000000.0,
        "Net Income": 93618000000.0,
        "Minority Interests": -5370000000.0,
        "Net Income Including Noncontrolling Interests": 98988000000.0,
        "Net Income Continuous Operations": 98988000000.0,
        "Tax Provision": -77802000000.0,
        "Pretax Income": 21186000000.0,
        "Other Income Expense": -20002000000.0,
        "Special Income Charges": -19741000000.0,
        "Other Special Charges": 2353000000.0,
        "Write Off": 19741000000.0,
        "Impairment Of Capital Assets": -124000000.0,
        "Restructuring And Mergern Acquisition": 4330000000.0,
        "Earnings From Equity Interest": -261000000.0,
        "Gain On Sale Of Security": -5519000000.0,
        "Net Non Operating Interest Income Expense": 78596000000.0,
        "Total Other Finance Cost": -72257000000.0,
        "Interest Expense Non Operating": 9144000000.0,
        "Interest Income Non Operating": 6339000000.0,
        "Operating Income": -37408000000.0,
        "Operating Expense": 796549000000.0,
        "Other Operating Expenses": 42469000000.0,
        "Other Taxes": 79317000000.0,
        "Depreciation Amortization Depletion Income Statement": 364556000000.0,
        "Depreciation And Amortization In Income Statement": 364556000000.0,
        "Amortization": 13809000000.0,
        "Amortization Of Intangibles Income Statement": 13809000000.0,
        "Depreciation Income Statement": 104294000000.0,
        "Selling General And Administration": 310207000000.0,
        "Selling And Marketing Expense": 61551000000.0,
        "General And Administrative Expense": 248656000000.0,
        "Other Gand A": 2461000000.0,
        "Rent And Landing Fees": 1982000000.0,
        "Salaries And Wages": 248656000000.0,
        "Gross Profit": 759141000000.0,
        "Cost Of Revenue": 271077000000.0,
        "Total Revenue": 1030218000000.0,
        "Operating Revenue": 1030218000000.0
    },
    "2023-12-31": {
        "Tax Effect Of Unusual Items": -210681100000.0,
        "Tax Rate For Calcs": 0.35,
        "Normalized EBITDA": 385368000000.0,
        "Total Unusual Items": -601946000000.0,
        "Total Unusual Items Excluding Goodwill": -601946000000.0,
        "Net Income From Continuing Operation Net Minority Interest": -339034000000.0,
        "Reconciled Depreciation": 355685000000.0,
        "Reconciled Cost Of Revenue": 274461000000.0,
        "EBITDA": -216578000000.0,
        "EBIT": -572263000000.0,
        "Net Interest Income": 42382000000.0,
        "Interest Expense": 24984000000.0,
        "Interest Income": 8888000000.0,
        "Normalized Income": 52230900000.0,
        "Net Income From Continuing And Discontinued Operation": -339034000000.0,
        "Total Expenses": 1065303000000.0,
        "Rent Expense Supplemental": 6075000000.0,
        "Total Operating Income As Reported": -74034000000.0,
        "Diluted Average Shares": 430737602.0,
        "Basic Average Shares": 430737602.0,
        "Diluted EPS": -887.686606,
        "Basic EPS": -887.686606,
        "Diluted NI Availto Com Stockholders": -339034000000.0,
        "Net Income Common Stockholders": -339034000000.0,
        "Net Income": -339034000000.0,
        "Minority Interests": -4183000000.0,
        "Net Income Including Noncontrolling Interests": -334851000000.0,
        "Net Income Continuous Operations": -334851000000.0,
        "Tax Provision": -262396000000.0,
        "Pretax Income": -597247000000.0,
        "Other Income Expense": -602656000000.0,
        "Special Income Charges": 24088000000.0,
        "Other Special Charges": -61178000000.0,
        "Write Off": 20878000000.0,
        "Impairment Of Capital Assets": 391000000.0,
        "Restructuring And Mergern Acquisition": 15821000000.0,
        "Earnings From Equity Interest": -710000000.0,
        "Gain On Sale Of Security": -626034000000.0,
        "Net Non Operating Interest Income Expense": 42382000000.0,
        "Total Other Finance Cost": -58478000000.0,
        "Interest Expense Non Operating": 24984000000.0,
        "Interest Income Non Operating": 8888000000.0,
        "Operating Income": -36973000000.0,
        "Operating Expense": 790842000000.0,
        "Other Operating Expenses": 24449000000.0,
        "Other Taxes": 66541000000.0,
        "Depreciation Amortization Depletion Income Statement": 355685000000.0,
        "Depreciation And Amortization In Income Statement": 355685000000.0,
        "Amortization": 45855000000.0,
        "Amortization Of Intangibles Income Statement": 45855000000.0,
        "Depreciation Income Statement": 309830000000.0,
        "Selling General And Administration": 344167000000.0,
        "Selling And Marketing Expense": 58214000000.0,
        "General And Administrative Expense": 285953000000.0,
        "Other Gand A": 29275000000.0,
        "Rent And Landing Fees": 6075000000.0,
        "Salaries And Wages": 250603000000.0,
        "Gross Profit": 753869000000.0,
        "Cost Of Revenue": 274461000000.0,
        "Total Revenue": 1028330000000.0,
        "Operating Revenue": 1037023000000.0
    },
    "2024-03-31": {
        "Tax Effect Of Unusual Items": 213044549668.23126,
        "Tax Rate For Calcs": 0.237991,
        "Normalized EBITDA": 250515000000.0,
        "Total Unusual Items": 895180000000.0,
        "Total Unusual Items Excluding Goodwill": 895180000000.0,
        "Net Income From Continuing Operation Net Minority Interest": 672260000000.0,
        "Reconciled Depreciation": 233200000000.0,
        "Reconciled Cost Of Revenue": 186438000000.0,
        "EBITDA": 1145695000000.0,
        "EBIT": 912495000000.0,
        "Net Interest Income": 1374000000.0,
        "Interest Expense": 26637000000.0,
        "Interest Income": 5536000000.0,
        "Normalized Income": -9875450331.768747,
        "Net Income From Continuing And Discontinued Operation": 672260000000.0,
        "Total Expenses": 693253000000.0,
        "Rent Expense Supplemental": 4862000000.0,
        "Total Operating Income As Reported": -26147000000.0,
        "Diluted Average Shares": 430737602.0,
        "Basic Average Shares": 430737602.0,
        "Diluted EPS": 1560.7,
        "Basic EPS": 1560.7,
        "Diluted NI Availto Com Stockholders": 672260000000.0,
        "Net Income Common Stockholders": 672260000000.0,
        "Net Income": 672260000000.0,
        "Minority Interests": -2772000000.0,
        "Net Income Including Noncontrolling Interests": 675032000000.0,
        "Net Income Continuous Operations": 675032000000.0,
        "Tax Provision": 210826000000.0,
        "Pretax Income": 885858000000.0,
        "Other Income Expense": 893821000000.0,
        "Special Income Charges": -32431000000.0,
        "Other Special Charges": 1846000000.0,
        "Write Off": 17020000000.0,
        "Impairment Of Capital Assets": 81000000.0,
        "Restructuring And Mergern Acquisition": 13484000000.0,
        "Earnings From Equity Interest": -1359000000.0,
        "Gain On Sale Of Security": 927611000000.0,
        "Net Non Operating Interest Income Expense": 1374000000.0,
        "Total Other Finance Cost": -22475000000.0,
        "Interest Expense Non Operating": 26637000000.0,
        "Interest Income Non Operating": 5536000000.0,
        "Operating Income": -9337000000.0,
        "Operating Expense": 506815000000.0,
        "Other Operating Expenses": 16447000000.0,
        "Other Taxes": 68321000000.0,
        "Depreciation Amortization Depletion Income Statement": 233200000000.0,
        "Depreciation And Amortization In Income Statement": 233200000000.0,
        "Amortization": 20873000000.0,
        "Amortization Of Intangibles Income Statement": 20873000000.0,
        "Depreciation Income Statement": 212327000000.0,
        "Selling General And Administration": 188847000000.0,
        "Selling And Marketing Expense": 35507000000.0,
        "General And Administrative Expense": 153340000000.0,
        "Other Gand A": 4138000000.0,
        "Rent And Landing Fees": 4862000000.0,
        "Salaries And Wages": 144340000000.0,
        "Gross Profit": 497478000000.0,
        "Cost Of Revenue": 186438000000.0,
        "Total Revenue": 683916000000.0,
        "Operating Revenue": 683916000000.0
    },
    "2024-06-30": {
        "Tax Effect Of Unusual Items": 85041950000.0,
        "Tax Rate For Calcs": 0.35,
        "Normalized EBITDA": 280866000000.0,
        "Total Unusual Items": 242977000000.0,
        "Total Unusual Items Excluding Goodwill": 242977000000.0,
        "Net Income From Continuing Operation Net Minority Interest": 54608000000.0,
        "Reconciled Depreciation": 324361000000.0,
        "Reconciled Cost Of Revenue": 185212000000.0,
        "EBITDA": 523843000000.0,
        "EBIT": 199482000000.0,
        "Net Interest Income": -52129000000.0,
        "Interest Expense": 29081000000.0,
        "Interest Income": 1657000000.0,
        "Normalized Income": -103327050000.0,
        "Net Income From Continuing And Discontinued Operation": 54608000000.0,
        "Total Expenses": 875170000000.0,
        "Rent Expense Supplemental": 9224000000.0,
        "Total Operating Income As Reported": -31095000000.0,
        "Diluted Average Shares": 430737602.0,
        "Basic Average Shares": 430737602.0,
        "Diluted EPS": 126.8,
        "Basic EPS": 126.8,
        "Diluted NI Availto Com Stockholders": 54608000000.0,
        "Net Income Common Stockholders": 54608000000.0,
        "Net Income": 54608000000.0,
        "Minority Interests": -4254000000.0,
        "Net Income Including Noncontrolling Interests": 58862000000.0,
        "Net Income Continuous Operations": 58862000000.0,
        "Tax Provision": 111539000000.0,
        "Pretax Income": 170401000000.0,
        "Other Income Expense": 241616000000.0,
        "Special Income Charges": -42674000000.0,
        "Other Special Charges": 5057000000.0,
        "Write Off": 15103000000.0,
        "Impairment Of Capital Assets": -469000000.0,
        "Restructuring And Mergern Acquisition": 22983000000.0,
        "Earnings From Equity Interest": -1361000000.0,
        "Gain On Sale Of Security": 285651000000.0,
        "Net Non Operating Interest Income Expense": -52129000000.0,
        "Total Other Finance Cost": 24705000000.0,
        "Interest Expense Non Operating": 29081000000.0,
        "Interest Income Non Operating": 1657000000.0,
        "Operating Income": -19086000000.0,
        "Operating Expense": 646662000000.0,
        "Other Operating Expenses": 24175000000.0,
        "Other Taxes": 97503000000.0,
        "Depreciation Amortization Depletion Income Statement": 281065000000.0,
        "Depreciation And Amortization In Income Statement": 281065000000.0,
        "Amortization": 24402000000.0,
        "Amortization Of Intangibles Income Statement": 24402000000.0,
        "Depreciation Income Statement": 256663000000.0,
        "Selling General And Administration": 243919000000.0,
        "Selling And Marketing Expense": 44565000000.0,
        "General And Administrative Expense": 199354000000.0,
        "Other Gand A": 5795000000.0,
        "Rent And Landing Fees": 9224000000.0,
        "Salaries And Wages": 184335000000.0,
        "Gross Profit": 627576000000.0,
        "Cost Of Revenue": 228508000000.0,
        "Total Revenue": 856084000000.0,
        "Operating Revenue": 847635000000.0
    },
    "2024-09-30": {
        "Tax Effect Of Unusual Items": -6696200000.0,
        "Tax Rate For Calcs": 0.35,
        "Normalized EBITDA": 305408000000.0,
        "Total Unusual Items": -19132000000.0,
        "Total Unusual Items Excluding Goodwill": -19132000000.0,
        "Net Income From Continuing Operation Net Minority Interest": -16361000000.0,
        "Reconciled Depreciation": 303880000000.0,
        "Reconciled Cost Of Revenue": 259101000000.0,
        "EBITDA": 286276000000.0,
        "EBIT": -17604000000.0,
        "Net Interest Income": 46774000000.0,
        "Interest Expense": NaN,
        "Interest Income": 92403000000.0,
        "Normalized Income": -3925200000.0,
        "Net Income From Continuing And Discontinued Operation": -16361000000.0,
        "Total Expenses": 1000745000000.0,
        "Rent Expense Supplemental": NaN,
        "Total Operating Income As Reported": -36736000000.0,
        "Diluted Average Shares": 293944935.0,
        "Basic Average Shares": 293944935.0,
        "Diluted EPS": -55.660085,
        "Basic EPS": -55.660085,
        "Diluted NI Availto Com Stockholders": -16361000000.0,
        "Net Income Common Stockholders": -16361000000.0,
        "Net Income": -16361000000.0,
        "Minority Interests": -4818000000.0,
        "Net Income Including Noncontrolling Interests": -11543000000.0,
        "Net Income Continuous Operations": -11543000000.0,
        "Tax Provision": 16730000000.0,
        "Pretax Income": 5187000000.0,
        "Other Income Expense": -23983000000.0,
        "Special Income Charges": -19132000000.0,
        "Other Special Charges": NaN,
        "Write Off": 19132000000.0,
        "Impairment Of Capital Assets": NaN,
        "Restructuring And Mergern Acquisition": NaN,
        "Earnings From Equity Interest": -4851000000.0,
        "Gain On Sale Of Security": NaN,
        "Net Non Operating Interest Income Expense": 46774000000.0,
        "Total Other Finance Cost": 45629000000.0,
        "Interest Expense Non Operating": NaN,
        "Interest Income Non Operating": 92403000000.0,
        "Operating Income": -17604000000.0,
        "Operating Expense": 741644000000.0,
        "Other Operating Expenses": 49427000000.0,
        "Other Taxes": 77864000000.0,
        "Depreciation Amortization Depletion Income Statement": 303880000000.0,
        "Depreciation And Amortization In Income Statement": 303880000000.0,
        "Amortization": NaN,
        "Amortization Of Intangibles Income Statement": NaN,
        "Depreciation Income Statement": NaN,
        "Selling General And Administration": 310473000000.0,
        "Selling And Marketing Expense": 58243000000.0,
        "General And Administrative Expense": 252230000000.0,
        "Other Gand A": NaN,
        "Rent And Landing Fees": NaN,
        "Salaries And Wages": 252230000000.0,
        "Gross Profit": 724040000000.0,
        "Cost Of Revenue": 259101000000.0,
        "Total Revenue": 983141000000.0,
        "Operating Revenue": 983141000000.0
    }
}