{
    "2023-06-30": {
        "Tax Effect Of Unusual Items": -1074502.0,
        "Tax Rate For Calcs": 0.169,
        "Normalized EBITDA": 179010000.0,
        "Total Unusual Items": -6358000.0,
        "Total Unusual Items Excluding Goodwill": -6358000.0,
        "Net Income From Continuing Operation Net Minority Interest": 120050000.0,
        "Reconciled Depreciation": 27205000.0,
        "Reconciled Cost Of Revenue": 259565000.0,
        "EBITDA": 172652000.0,
        "EBIT": 145447000.0,
        "Net Interest Income": 5309000.0,
        "Interest Expense": 1045000.0,
        "Interest Income": 6354000.0,
        "Normalized Income": 125333498.0,
        "Net Income From Continuing And Discontinued Operation": 120050000.0,
        "Total Expenses": 538171000.0,
        "Total Operating Income As Reported": 139908000.0,
        "Diluted NI Availto Com Stockholders": 120050000.0,
        "Net Income Common Stockholders": 120050000.0,
        "Net Income": 120050000.0,
        "Net Income Including Noncontrolling Interests": 120050000.0,
        "Net Income Continuous Operations": 120050000.0,
        "Tax Provision": 24352000.0,
        "Pretax Income": 144402000.0,
        "Other Income Expense": -7173000.0,
        "Other Non Operating Income Expenses": -815000.0,
        "Special Income Charges": -6358000.0,
        "Restructuring And Mergern Acquisition": 6358000.0,
        "Net Non Operating Interest Income Expense": 5309000.0,
        "Interest Expense Non Operating": 1045000.0,
        "Interest Income Non Operating": 6354000.0,
        "Operating Income": 146266000.0,
        "Operating Expense": 256226000.0,
        "Depreciation Amortization Depletion Income Statement": 4825000.0,
        "Depreciation And Amortization In Income Statement": 4825000.0,
        "Amortization": 4825000.0,
        "Amortization Of Intangibles Income Statement": 4825000.0,
        "Research And Development": 105706000.0,
        "Selling General And Administration": 145695000.0,
        "Gross Profit": 402492000.0,
        "Cost Of Revenue": 281945000.0,
        "Total Revenue": 684437000.0,
        "Operating Revenue": 684437000.0
    },
    "2023-03-31": {
        "Tax Effect Of Unusual Items": -285180.0,
        "Tax Rate For Calcs": 0.14,
        "Normalized EBITDA": 127714000.0,
        "Total Unusual Items": -2037000.0,
        "Total Unusual Items Excluding Goodwill": -2037000.0,
        "Net Income From Continuing Operation Net Minority Interest": 83531000.0,
        "Reconciled Depreciation": 27606000.0,
        "Reconciled Cost Of Revenue": 238305000.0,
        "EBITDA": 125677000.0,
        "EBIT": 98071000.0,
        "Net Interest Income": 4271000.0,
        "Interest Expense": 987000.0,
        "Interest Income": 5258000.0,
        "Normalized Income": 85282820.0,
        "Net Income From Continuing And Discontinued Operation": 83531000.0,
        "Total Expenses": 522628000.0,
        "Total Operating Income As Reported": 92864000.0,
        "Diluted NI Availto Com Stockholders": 83531000.0,
        "Net Income Common Stockholders": 83531000.0,
        "Net Income": 83531000.0,
        "Net Income Including Noncontrolling Interests": 83531000.0,
        "Net Income Continuous Operations": 83531000.0,
        "Tax Provision": 13553000.0,
        "Pretax Income": 97084000.0,
        "Other Income Expense": -2088000.0,
        "Other Non Operating Income Expenses": -51000.0,
        "Special Income Charges": -2037000.0,
        "Restructuring And Mergern Acquisition": 2037000.0,
        "Net Non Operating Interest Income Expense": 4271000.0,
        "Interest Expense Non Operating": 987000.0,
        "Interest Income Non Operating": 5258000.0,
        "Operating Income": 94901000.0,
        "Operating Expense": 261519000.0,
        "Depreciation Amortization Depletion Income Statement": 4802000.0,
        "Depreciation And Amortization In Income Statement": 4802000.0,
        "Amortization": 4802000.0,
        "Amortization Of Intangibles Income Statement": 4802000.0,
        "Research And Development": 105762000.0,
        "Selling General And Administration": 150955000.0,
        "Gross Profit": 356420000.0,
        "Cost Of Revenue": 261109000.0,
        "Total Revenue": 617529000.0,
        "Operating Revenue": 617529000.0
    },
    "2022-12-31": {
        "Tax Effect Of Unusual Items": 628975.778157,
        "Tax Rate For Calcs": 0.117478,
        "Normalized EBITDA": 218659000.0,
        "Total Unusual Items": 5354000.0,
        "Total Unusual Items Excluding Goodwill": 5354000.0,
        "Net Income From Continuing Operation Net Minority Interest": 172301000.0,
        "Reconciled Depreciation": 27761000.0,
        "Reconciled Cost Of Revenue": 288295000.0,
        "EBITDA": 224013000.0,
        "EBIT": 196252000.0,
        "Net Interest Income": 2392000.0,
        "Interest Expense": 1015000.0,
        "Interest Income": 3407000.0,
        "Normalized Income": 167575975.778157,
        "Net Income From Continuing And Discontinued Operation": 172301000.0,
        "Total Expenses": 567618000.0,
        "Total Operating Income As Reported": 166587000.0,
        "Diluted NI Availto Com Stockholders": 172301000.0,
        "Net Income Common Stockholders": 172301000.0,
        "Net Income": 172301000.0,
        "Net Income Including Noncontrolling Interests": 172301000.0,
        "Net Income Continuous Operations": 172301000.0,
        "Tax Provision": 22936000.0,
        "Pretax Income": 195237000.0,
        "Other Income Expense": 28912000.0,
        "Other Non Operating Income Expenses": 23558000.0,
        "Special Income Charges": 5354000.0,
        "Restructuring And Mergern Acquisition": -16654000.0,
        "Net Non Operating Interest Income Expense": 2392000.0,
        "Interest Expense Non Operating": 1015000.0,
        "Interest Income Non Operating": 3407000.0,
        "Operating Income": 164218000.0,
        "Operating Expense": 256232000.0,
        "Depreciation Amortization Depletion Income Statement": 4670000.0,
        "Depreciation And Amortization In Income Statement": 4670000.0,
        "Amortization": 4670000.0,
        "Amortization Of Intangibles Income Statement": 4670000.0,
        "Research And Development": 108810000.0,
        "Selling General And Administration": 142752000.0,
        "Gross Profit": 420450000.0,
        "Cost Of Revenue": 311386000.0,
        "Total Revenue": 731836000.0,
        "Operating Revenue": 731836000.0
    },
    "2022-09-30": {
        "Tax Effect Of Unusual Items": -339132.490705,
        "Tax Rate For Calcs": 0.188827,
        "Normalized EBITDA": 261662000.0,
        "Total Unusual Items": -1796000.0,
        "Total Unusual Items Excluding Goodwill": -1796000.0,
        "Net Income From Continuing Operation Net Minority Interest": 183485000.0,
        "Reconciled Depreciation": 28359000.0,
        "Reconciled Cost Of Revenue": 318064000.0,
        "EBITDA": 259866000.0,
        "EBIT": 231507000.0,
        "Net Interest Income": -5310000.0,
        "Interest Expense": 5310000.0,
        "Interest Income": 1318000.0,
        "Normalized Income": 184941867.509295,
        "Net Income From Continuing And Discontinued Operation": 183485000.0,
        "Total Expenses": 593770000.0,
        "Total Operating Income As Reported": 231507000.0,
        "Diluted Average Shares": 166733000.0,
        "Basic Average Shares": 156364000.0,
        "Diluted EPS": 1.1,
        "Basic EPS": 1.17,
        "Diluted NI Availto Com Stockholders": 183485000.0,
        "Net Income Common Stockholders": 183485000.0,
        "Net Income": 183485000.0,
        "Net Income Including Noncontrolling Interests": 183485000.0,
        "Net Income Continuous Operations": 183485000.0,
        "Tax Provision": 42712000.0,
        "Pretax Income": 226197000.0,
        "Other Income Expense": -1796000.0,
        "Other Non Operating Income Expenses": -5849000.0,
        "Special Income Charges": -1796000.0,
        "Gain On Sale Of Ppe": NaN,
        "Other Special Charges": NaN,
        "Restructuring And Mergern Acquisition": 1796000.0,
        "Net Non Operating Interest Income Expense": -5310000.0,
        "Total Other Finance Cost": NaN,
        "Interest Expense Non Operating": 5310000.0,
        "Interest Income Non Operating": 1318000.0,
        "Operating Income": 233303000.0,
        "Operating Expense": 252076000.0,
        "Depreciation Amortization Depletion Income Statement": 4729000.0,
        "Depreciation And Amortization In Income Statement": 4729000.0,
        "Amortization": 4729000.0,
        "Amortization Of Intangibles Income Statement": 4729000.0,
        "Research And Development": 111715000.0,
        "Selling General And Administration": 135632000.0,
        "Gross Profit": 485379000.0,
        "Cost Of Revenue": 341694000.0,
        "Total Revenue": 827073000.0,
        "Operating Revenue": 827073000.0
    },
    "2022-06-30": {
        "Tax Effect Of Unusual Items": -349573.414029,
        "Tax Rate For Calcs": 0.171024,
        "Normalized EBITDA": 276853000.0,
        "Total Unusual Items": -2044000.0,
        "Total Unusual Items Excluding Goodwill": -2044000.0,
        "Net Income From Continuing Operation Net Minority Interest": 197787000.0,
        "Reconciled Depreciation": 26819000.0,
        "Reconciled Cost Of Revenue": 312429000.0,
        "EBITDA": 274809000.0,
        "EBIT": 247990000.0,
        "Net Interest Income": -9398000.0,
        "Interest Expense": 9398000.0,
        "Interest Income": 951000.0,
        "Normalized Income": 199481426.585971,
        "Net Income From Continuing And Discontinued Operation": 197787000.0,
        "Total Expenses": 590732000.0,
        "Total Operating Income As Reported": 247990000.0,
        "Diluted Average Shares": 171159000.0,
        "Basic Average Shares": 159563000.0,
        "Diluted EPS": 1.16,
        "Basic EPS": 1.24,
        "Diluted NI Availto Com Stockholders": 197787000.0,
        "Net Income Common Stockholders": 197787000.0,
        "Net Income": 197787000.0,
        "Net Income Including Noncontrolling Interests": 197787000.0,
        "Net Income Continuous Operations": 197787000.0,
        "Tax Provision": 40805000.0,
        "Pretax Income": 238592000.0,
        "Other Income Expense": -2044000.0,
        "Other Non Operating Income Expenses": -9436000.0,
        "Special Income Charges": -2044000.0,
        "Gain On Sale Of Ppe": NaN,
        "Restructuring And Mergern Acquisition": 2044000.0,
        "Net Non Operating Interest Income Expense": -9398000.0,
        "Total Other Finance Cost": NaN,
        "Interest Expense Non Operating": 9398000.0,
        "Interest Income Non Operating": 951000.0,
        "Operating Income": 250034000.0,
        "Operating Expense": 256355000.0,
        "Depreciation Amortization Depletion Income Statement": 4871000.0,
        "Depreciation And Amortization In Income Statement": 4871000.0,
        "Amortization": 4871000.0,
        "Amortization Of Intangibles Income Statement": 4871000.0,
        "Research And Development": 111951000.0,
        "Selling General And Administration": 139533000.0,
        "Gross Profit": 506389000.0,
        "Cost Of Revenue": 334377000.0,
        "Total Revenue": 840766000.0,
        "Operating Revenue": 840766000.0
    },
    "2022-03-31": {
        "Diluted EPS": 0.92,
        "Total Revenue": 755,
        "Gross Profit": 455,
        "Operating Income": 186,
        "EBIT": 214,
        "Net Income": 162
    },
    "2021-12-31": {
        "Diluted EPS": 1.27,
        "Total Revenue": 885,
        "Gross Profit": 527,
        "Operating Income": 256,
        "EBIT": 286,
        "Net Income": 224
    },
    "2021-09-30": {
        "Diluted EPS": 1.41,
        "Total Revenue": 951,
        "Gross Profit": 571,
        "Operating Income": 322,
        "EBIT": 353,
        "Net Income": 257
    },
    "2021-06-30": {
        "Diluted EPS": 1.76,
        "Total Revenue": NaN,
        "Gross Profit": 647,
        "Operating Income": 389,
        "EBIT": 420,
        "Net Income": 328
    },
    "2021-03-31": {
        "Diluted EPS": 1.09,
        "Total Revenue": 782,
        "Gross Profit": 462,
        "Operating Income": 233,
        "EBIT": 267,
        "Net Income": 206
    },
    "2020-12-31": {
        "Diluted EPS": 1.05,
        "Total Revenue": 759,
        "Gross Profit": 450,
        "Operating Income": 234,
        "EBIT": 266,
        "Net Income": 196
    },
    "2020-09-30": {
        "Diluted EPS": 1.21,
        "Total Revenue": 819,
        "Gross Profit": 459,
        "Operating Income": 270,
        "EBIT": 300,
        "Net Income": 223
    },
    "2020-06-30": {
        "Diluted EPS": 1.05,
        "Total Revenue": 839,
        "Gross Profit": 471,
        "Operating Income": 218,
        "EBIT": 251,
        "Net Income": 189
    },
    "2020-03-31": {
        "Diluted EPS": 0.97,
        "Total Revenue": 704,
        "Gross Profit": 406,
        "Operating Income": 207,
        "EBIT": 239,
        "Net Income": 176
    },
    "2019-12-31": {
        "Diluted EPS": 0.68,
        "Total Revenue": 655,
        "Gross Profit": 383,
        "Operating Income": 172,
        "EBIT": 204,
        "Net Income": 125
    },
    "2019-09-30": {
        "Diluted EPS": 0.75,
        "Total Revenue": 582,
        "Gross Profit": 345,
        "Operating Income": 155,
        "EBIT": 184,
        "Net Income": 136
    },
    "2019-06-30": {
        "Diluted EPS": 0.55,
        "Total Revenue": 564,
        "Gross Profit": 324,
        "Operating Income": 134,
        "EBIT": 163,
        "Net Income": 97
    },
    "2019-03-31": {
        "Diluted EPS": 0.62,
        "Total Revenue": 494,
        "Gross Profit": 288,
        "Operating Income": 93,
        "EBIT": 123,
        "Net Income": 109
    },
    "2018-12-31": {
        "Diluted EPS": 0.77,
        "Total Revenue": 520,
        "Gross Profit": 310,
        "Operating Income": 112,
        "EBIT": 143,
        "Net Income": 144
    },
    "2018-09-30": {
        "Diluted EPS": 0.63,
        "Total Revenue": 567,
        "Gross Profit": 334,
        "Operating Income": 144,
        "EBIT": 173,
        "Net Income": 120
    },
    "2018-06-30": {
        "Diluted EPS": 0.52,
        "Total Revenue": 527,
        "Gross Profit": 307,
        "Operating Income": 120,
        "EBIT": 148,
        "Net Income": 101
    },
    "2018-03-31": {
        "Diluted EPS": 0.43,
        "Total Revenue": 487,
        "Gross Profit": 270,
        "Operating Income": 98,
        "EBIT": 123,
        "Net Income": 87
    },
    "2017-12-31": {
        "Diluted EPS": -0.53,
        "Total Revenue": 479,
        "Gross Profit": 271,
        "Operating Income": 95,
        "EBIT": 121,
        "Net Income": -106
    },
    "2017-09-30": {
        "Diluted EPS": 0.52,
        "Total Revenue": 503,
        "Gross Profit": 295,
        "Operating Income": 129,
        "EBIT": 156,
        "Net Income": 103
    },
    "2017-06-30": {
        "Diluted EPS": 0.87,
        "Total Revenue": 697,
        "Gross Profit": 391,
        "Operating Income": 208,
        "EBIT": 235,
        "Net Income": 175
    },
    "2017-03-31": {
        "Diluted EPS": 0.42,
        "Total Revenue": 457,
        "Gross Profit": 265,
        "Operating Income": 94,
        "EBIT": 121,
        "Net Income": 85
    },
    "2016-12-31": {
        "Diluted EPS": 0.34,
        "Total Revenue": 380,
        "Gross Profit": 218,
        "Operating Income": 56,
        "EBIT": 82,
        "Net Income": 66
    },
    "2016-09-30": {
        "Diluted EPS": 0.31,
        "Total Revenue": 410,
        "Gross Profit": 227,
        "Operating Income": 57,
        "EBIT": 82,
        "Net Income": 64
    },
    "2016-06-30": {
        "Diluted EPS": -1.1,
        "Total Revenue": 532,
        "Gross Profit": 283,
        "Operating Income": -232,
        "EBIT": 56,
        "Net Income": -224
    },
    "2016-03-31": {
        "Diluted EPS": 0.24,
        "Total Revenue": 431,
        "Gross Profit": 230,
        "Operating Income": 56,
        "EBIT": 93,
        "Net Income": 50
    },
    "2015-12-31": {
        "Diluted EPS": 0.0,
        "Total Revenue": 318,
        "Gross Profit": 166,
        "Operating Income": -10,
        "EBIT": 26,
        "Net Income": -1
    },
    "2015-09-30": {
        "Diluted EPS": 0.34,
        "Total Revenue": 466,
        "Gross Profit": 259,
        "Operating Income": 87,
        "EBIT": 124,
        "Net Income": 71
    },
    "2015-06-30": {
        "Diluted EPS": 0.48,
        "Total Revenue": 513,
        "Gross Profit": 299,
        "Operating Income": 131,
        "EBIT": 164,
        "Net Income": 103
    },
    "2015-03-31": {
        "Diluted EPS": 0.15,
        "Total Revenue": 342,
        "Gross Profit": 192,
        "Operating Income": 35,
        "EBIT": 70,
        "Net Income": 33
    },
    "2014-12-31": {
        "Diluted EPS": -0.48,
        "Total Revenue": 323,
        "Gross Profit": 160,
        "Operating Income": -126,
        "EBIT": 10,
        "Net Income": -104
    },
    "2014-09-30": {
        "Diluted EPS": 0.38,
        "Total Revenue": 478,
        "Gross Profit": 261,
        "Operating Income": 98,
        "EBIT": 136,
        "Net Income": 83
    },
    "2014-06-30": {
        "Diluted EPS": 0.47,
        "Total Revenue": 526,
        "Gross Profit": 290,
        "Operating Income": 121,
        "EBIT": 158,
        "Net Income": 101
    },
    "2014-03-31": {
        "Diluted EPS": 0.0,
        "Total Revenue": 321,
        "Gross Profit": 167,
        "Operating Income": 4,
        "EBIT": 43,
        "Net Income": 1
    },
    "2013-12-31": {
        "Diluted EPS": 0.1,
        "Total Revenue": 285,
        "Gross Profit": 160,
        "Operating Income": 7,
        "EBIT": 46,
        "Net Income": 22
    },
    "2013-09-30": {
        "Diluted EPS": 0.29,
        "Total Revenue": 433,
        "Gross Profit": 254,
        "Operating Income": 94,
        "EBIT": 131,
        "Net Income": 69
    },
    "2013-06-30": {
        "Diluted EPS": 0.28,
        "Total Revenue": 429,
        "Gross Profit": 241,
        "Operating Income": 86,
        "EBIT": 122,
        "Net Income": 67
    },
    "2013-03-31": {
        "Diluted EPS": 0.03,
        "Total Revenue": 280,
        "Gross Profit": 153,
        "Operating Income": 4,
        "EBIT": 42,
        "Net Income": 7
    },
    "2012-12-31": {
        "Diluted EPS": -0.09,
        "Total Revenue": 248,
        "Gross Profit": 125,
        "Operating Income": -25,
        "EBIT": 14,
        "Net Income": -17
    },
    "2012-09-30": {
        "Diluted EPS": 0.39,
        "Total Revenue": 463,
        "Gross Profit": 260,
        "Operating Income": 108,
        "EBIT": 146,
        "Net Income": 89
    },
    "2012-06-30": {
        "Diluted EPS": 0.49,
        "Total Revenue": 548,
        "Gross Profit": 310,
        "Operating Income": 157,
        "EBIT": 193,
        "Net Income": 111
    },
    "2012-03-31": {
        "Diluted EPS": 0.15,
        "Total Revenue": 397,
        "Gross Profit": 191,
        "Operating Income": 46,
        "EBIT": 81,
        "Net Income": 34
    },
    "2011-12-31": {
        "Diluted EPS": 0.57,
        "Total Revenue": 297,
        "Gross Profit": 134,
        "Operating Income": -10,
        "EBIT": 27,
        "Net Income": 129
    },
    "2011-09-30": {
        "Diluted EPS": 0.26,
        "Total Revenue": 344,
        "Gross Profit": 170,
        "Operating Income": 61,
        "EBIT": 84,
        "Net Income": 57
    },
    "2011-06-30": {
        "Diluted EPS": 0.38,
        "Total Revenue": 411,
        "Gross Profit": 215,
        "Operating Income": 100,
        "EBIT": 123,
        "Net Income": 87
    },
    "2011-03-31": {
        "Diluted EPS": 0.42,
        "Total Revenue": 377,
        "Gross Profit": 193,
        "Operating Income": 80,
        "EBIT": 104,
        "Net Income": 97
    },
    "2010-12-31": {
        "Diluted EPS": 0.3,
        "Total Revenue": 310,
        "Gross Profit": 165,
        "Operating Income": 63,
        "EBIT": 82,
        "Net Income": 65
    },
    "2010-09-30": {
        "Diluted EPS": 0.66,
        "Total Revenue": 491,
        "Gross Profit": 272,
        "Operating Income": 157,
        "EBIT": 181,
        "Net Income": 147
    },
    "2010-06-30": {
        "Diluted EPS": 0.55,
        "Total Revenue": 445,
        "Gross Profit": 251,
        "Operating Income": 136,
        "EBIT": 161,
        "Net Income": 122
    },
    "2010-03-31": {
        "Diluted EPS": 0.24,
        "Total Revenue": 319,
        "Gross Profit": 170,
        "Operating Income": 59,
        "EBIT": 84,
        "Net Income": 50
    },
    "2009-12-31": {
        "Diluted EPS": 0.11,
        "Total Revenue": 225,
        "Gross Profit": 112,
        "Operating Income": 22,
        "EBIT": 47,
        "Net Income": 17
    },
    "2009-09-30": {
        "Diluted EPS": 0.04,
        "Total Revenue": 262,
        "Gross Profit": 107,
        "Operating Income": 9,
        "EBIT": 36,
        "Net Income": 7
    },
    "2009-06-30": {
        "Diluted EPS": -0.39,
        "Total Revenue": 170,
        "Gross Profit": 47,
        "Operating Income": -62,
        "EBIT": -36,
        "Net Income": -67
    },
    "2009-03-31": {
        "Diluted EPS": -0.53,
        "Total Revenue": 121,
        "Gross Profit": 33,
        "Operating Income": -93,
        "EBIT": -68,
        "Net Income": -91
    },
    "2023-09-30": {
        "Tax Effect Of Unusual Items": -767872.0,
        "Tax Rate For Calcs": 0.112,
        "Normalized EBITDA": 180229000.0,
        "Total Unusual Items": -6856000.0,
        "Total Unusual Items Excluding Goodwill": -6856000.0,
        "Net Income From Continuing Operation Net Minority Interest": 128116000.0,
        "Reconciled Depreciation": 28130000.0,
        "Reconciled Cost Of Revenue": 282031000.0,
        "EBITDA": 173373000.0,
        "EBIT": 145243000.0,
        "Net Interest Income": 5910000.0,
        "Interest Expense": 963000.0,
        "Interest Income": 6873000.0,
        "Normalized Income": 134204128.0,
        "Net Income From Continuing And Discontinued Operation": 128116000.0,
        "Total Expenses": 552904000.0,
        "Total Operating Income As Reported": 143972000.0,
        "Diluted NI Availto Com Stockholders": 128116000.0,
        "Net Income Common Stockholders": 128116000.0,
        "Net Income": 128116000.0,
        "Net Income Including Noncontrolling Interests": 128116000.0,
        "Net Income Continuous Operations": 128116000.0,
        "Tax Provision": 16164000.0,
        "Pretax Income": 144280000.0,
        "Other Income Expense": -12458000.0,
        "Other Non Operating Income Expenses": -5602000.0,
        "Special Income Charges": -6856000.0,
        "Restructuring And Mergern Acquisition": 6856000.0,
        "Net Non Operating Interest Income Expense": 5910000.0,
        "Interest Expense Non Operating": 963000.0,
        "Interest Income Non Operating": 6873000.0,
        "Operating Income": 150828000.0,
        "Operating Expense": 247463000.0,
        "Depreciation Amortization Depletion Income Statement": 4720000.0,
        "Depreciation And Amortization In Income Statement": 4720000.0,
        "Amortization": 4720000.0,
        "Amortization Of Intangibles Income Statement": 4720000.0,
        "Research And Development": 104413000.0,
        "Selling General And Administration": 138330000.0,
        "Gross Profit": 398291000.0,
        "Cost Of Revenue": 305441000.0,
        "Total Revenue": 703732000.0,
        "Operating Revenue": 703732000.0
    }
}