{
    "2023-03-31": {
        "Tax Effect Of Unusual Items": 0.0,
        "Tax Rate For Calcs": 0.175,
        "Normalized EBITDA": 160200000.0,
        "Net Income From Continuing Operation Net Minority Interest": 109900000.0,
        "Reconciled Depreciation": 12100000.0,
        "Reconciled Cost Of Revenue": 957000000.0,
        "EBITDA": 160200000.0,
        "EBIT": 148100000.0,
        "Net Interest Income": -12900000.0,
        "Interest Expense": 14900000.0,
        "Interest Income": 2000000.0,
        "Normalized Income": 109900000.0,
        "Net Income From Continuing And Discontinued Operation": 112600000.0,
        "Total Expenses": 1088000000.0,
        "Total Operating Income As Reported": 147700000.0,
        "Diluted Average Shares": 68800000.0,
        "Basic Average Shares": 67700000.0,
        "Diluted EPS": 1.64,
        "Basic EPS": 1.66,
        "Diluted NI Availto Com Stockholders": 112600000.0,
        "Net Income Common Stockholders": 112600000.0,
        "Net Income": 112600000.0,
        "Net Income Including Noncontrolling Interests": 112600000.0,
        "Net Income Discontinuous Operations": 2700000.0,
        "Net Income Continuous Operations": 109900000.0,
        "Tax Provision": 23300000.0,
        "Pretax Income": 133200000.0,
        "Other Income Expense": -1600000.0,
        "Other Non Operating Income Expenses": -1600000.0,
        "Net Non Operating Interest Income Expense": -12900000.0,
        "Interest Expense Non Operating": 14900000.0,
        "Interest Income Non Operating": 2000000.0,
        "Operating Income": 147700000.0,
        "Operating Expense": 131000000.0,
        "Selling General And Administration": 131000000.0,
        "Gross Profit": 278700000.0,
        "Cost Of Revenue": 957000000.0,
        "Total Revenue": 1235700000.0,
        "Operating Revenue": 1235700000.0
    },
    "2022-12-31": {
        "Tax Effect Of Unusual Items": -26086.956522,
        "Tax Rate For Calcs": 0.130435,
        "Normalized EBITDA": 131400000.0,
        "Total Unusual Items": -200000.0,
        "Total Unusual Items Excluding Goodwill": -200000.0,
        "Net Income From Continuing Operation Net Minority Interest": 92000000.0,
        "Reconciled Depreciation": 12100000.0,
        "Reconciled Cost Of Revenue": 982200000.0,
        "EBITDA": 131200000.0,
        "EBIT": 119100000.0,
        "Net Interest Income": -12600000.0,
        "Interest Expense": 13300000.0,
        "Interest Income": 700000.0,
        "Normalized Income": 92173913.043478,
        "Net Income From Continuing And Discontinued Operation": 92200000.0,
        "Total Expenses": 1096800000.0,
        "Total Operating Income As Reported": 120800000.0,
        "Diluted Average Shares": 68600000.0,
        "Basic Average Shares": 67500000.0,
        "Diluted EPS": 1.34,
        "Basic EPS": 1.37,
        "Diluted NI Availto Com Stockholders": 92200000.0,
        "Net Income Common Stockholders": 92200000.0,
        "Net Income": 92200000.0,
        "Net Income Including Noncontrolling Interests": 92200000.0,
        "Net Income Discontinuous Operations": 200000.0,
        "Net Income Continuous Operations": 92000000.0,
        "Tax Provision": 13800000.0,
        "Pretax Income": 105800000.0,
        "Other Income Expense": -2400000.0,
        "Other Non Operating Income Expenses": -2200000.0,
        "Special Income Charges": -200000.0,
        "Other Special Charges": 200000.0,
        "Net Non Operating Interest Income Expense": -12600000.0,
        "Interest Expense Non Operating": 13300000.0,
        "Interest Income Non Operating": 700000.0,
        "Operating Income": 120800000.0,
        "Operating Expense": 114600000.0,
        "Selling General And Administration": 114600000.0,
        "Gross Profit": 235400000.0,
        "Cost Of Revenue": 982200000.0,
        "Total Revenue": 1217600000.0,
        "Operating Revenue": 1217600000.0
    },
    "2022-09-30": {
        "Tax Effect Of Unusual Items": 0.0,
        "Tax Rate For Calcs": 0.238361,
        "Normalized EBITDA": 132500000.0,
        "Total Unusual Items": 0.0,
        "Total Unusual Items Excluding Goodwill": 0.0,
        "Net Income From Continuing Operation Net Minority Interest": 81800000.0,
        "Reconciled Depreciation": 11600000.0,
        "Reconciled Cost Of Revenue": 883400000.0,
        "EBITDA": 132500000.0,
        "EBIT": 120900000.0,
        "Net Interest Income": -12400000.0,
        "Interest Expense": 13500000.0,
        "Interest Income": 1100000.0,
        "Normalized Income": 81800000.0,
        "Net Income From Continuing And Discontinued Operation": 81800000.0,
        "Total Expenses": 999700000.0,
        "Total Operating Income As Reported": 120800000.0,
        "Diluted Average Shares": 68400000.0,
        "Basic Average Shares": 67800000.0,
        "Diluted EPS": 1.2,
        "Basic EPS": 1.21,
        "Diluted NI Availto Com Stockholders": 81800000.0,
        "Net Income Common Stockholders": 81800000.0,
        "Net Income": 81800000.0,
        "Net Income Including Noncontrolling Interests": 81800000.0,
        "Net Income Discontinuous Operations": 0.0,
        "Net Income Continuous Operations": 81800000.0,
        "Tax Provision": 25600000.0,
        "Pretax Income": 107400000.0,
        "Other Income Expense": -1000000.0,
        "Other Non Operating Income Expenses": -1000000.0,
        "Special Income Charges": 0.0,
        "Other Special Charges": NaN,
        "Net Non Operating Interest Income Expense": -12400000.0,
        "Interest Expense Non Operating": 13500000.0,
        "Interest Income Non Operating": 1100000.0,
        "Operating Income": 120800000.0,
        "Operating Expense": 116300000.0,
        "Selling General And Administration": 116300000.0,
        "Gross Profit": 237100000.0,
        "Cost Of Revenue": 883400000.0,
        "Total Revenue": 1120500000.0,
        "Operating Revenue": 1120500000.0
    },
    "2022-06-30": {
        "Tax Effect Of Unusual Items": -16928.251121,
        "Tax Rate For Calcs": 0.169283,
        "Normalized EBITDA": 101000000.0,
        "Total Unusual Items": -100000.0,
        "Total Unusual Items Excluding Goodwill": -100000.0,
        "Net Income From Continuing Operation Net Minority Interest": 74100000.0,
        "Reconciled Depreciation": 11800000.0,
        "Reconciled Cost Of Revenue": 864200000.0,
        "EBITDA": 100900000.0,
        "EBIT": 100900000.0,
        "Net Interest Income": -11300000.0,
        "Interest Expense": 11700000.0,
        "Interest Income": 400000.0,
        "Normalized Income": 74183071.748879,
        "Net Income From Continuing And Discontinued Operation": 74100000.0,
        "Total Expenses": 973200000.0,
        "Total Operating Income As Reported": 103900000.0,
        "Diluted Average Shares": 69300000.0,
        "Basic Average Shares": 68900000.0,
        "Diluted EPS": 1.07,
        "Basic EPS": 1.08,
        "Diluted NI Availto Com Stockholders": 74100000.0,
        "Net Income Common Stockholders": 74100000.0,
        "Net Income": 74100000.0,
        "Net Income Including Noncontrolling Interests": 74100000.0,
        "Net Income Discontinuous Operations": 0.0,
        "Net Income Continuous Operations": 74100000.0,
        "Tax Provision": 15100000.0,
        "Pretax Income": 89200000.0,
        "Other Income Expense": -3400000.0,
        "Other Non Operating Income Expenses": -3300000.0,
        "Special Income Charges": -100000.0,
        "Other Special Charges": 100000.0,
        "Net Non Operating Interest Income Expense": -11300000.0,
        "Interest Expense Non Operating": 11700000.0,
        "Interest Income Non Operating": 400000.0,
        "Operating Income": 103900000.0,
        "Operating Expense": 109000000.0,
        "Selling General And Administration": 109000000.0,
        "Gross Profit": 212900000.0,
        "Cost Of Revenue": 864200000.0,
        "Total Revenue": 1077100000.0,
        "Operating Revenue": 1077100000.0
    },
    "2023-06-30": {
        "Tax Effect Of Unusual Items": 0.0,
        "Tax Rate For Calcs": 0.167,
        "Normalized EBITDA": 220000000.0,
        "Net Income From Continuing Operation Net Minority Interest": 159800000.0,
        "Reconciled Depreciation": 12800000.0,
        "Reconciled Cost Of Revenue": 1060200000.0,
        "EBITDA": 220000000.0,
        "EBIT": 207200000.0,
        "Net Interest Income": -14300000.0,
        "Interest Expense": 15400000.0,
        "Interest Income": 1100000.0,
        "Normalized Income": 159800000.0,
        "Net Income From Continuing And Discontinued Operation": 159400000.0,
        "Total Expenses": 1193200000.0,
        "Total Operating Income As Reported": 209900000.0,
        "Diluted Average Shares": 68100000.0,
        "Basic Average Shares": 67600000.0,
        "Diluted EPS": 2.34,
        "Basic EPS": 2.36,
        "Diluted NI Availto Com Stockholders": 159400000.0,
        "Net Income Common Stockholders": 159400000.0,
        "Net Income": 159400000.0,
        "Net Income Including Noncontrolling Interests": 159400000.0,
        "Net Income Discontinuous Operations": -400000.0,
        "Net Income Continuous Operations": 159800000.0,
        "Tax Provision": 32000000.0,
        "Pretax Income": 191800000.0,
        "Other Income Expense": -3800000.0,
        "Other Non Operating Income Expenses": -3800000.0,
        "Net Non Operating Interest Income Expense": -14300000.0,
        "Interest Expense Non Operating": 15400000.0,
        "Interest Income Non Operating": 1100000.0,
        "Operating Income": 209900000.0,
        "Operating Expense": 133000000.0,
        "Selling General And Administration": 133000000.0,
        "Gross Profit": 342900000.0,
        "Cost Of Revenue": 1060200000.0,
        "Total Revenue": 1403100000.0,
        "Operating Revenue": 1403100000.0
    },
    "2022-03-31": {
        "Diluted EPS": 0.73,
        "Total Revenue": NaN,
        "Gross Profit": 186,
        "Operating Income": 75,
        "EBIT": 86,
        "Net Income": 52
    },
    "2021-12-31": {
        "Diluted EPS": 0.83,
        "Total Revenue": 990,
        "Gross Profit": 172,
        "Operating Income": 70,
        "EBIT": 82,
        "Net Income": 59
    },
    "2021-09-30": {
        "Diluted EPS": 0.68,
        "Total Revenue": 994,
        "Gross Profit": 179,
        "Operating Income": 74,
        "EBIT": 87,
        "Net Income": 48
    },
    "2021-06-30": {
        "Diluted EPS": 1.04,
        "Total Revenue": NaN,
        "Gross Profit": 232,
        "Operating Income": 123,
        "EBIT": 135,
        "Net Income": 74
    },
    "2021-03-31": {
        "Diluted EPS": 0.57,
        "Total Revenue": 864,
        "Gross Profit": 175,
        "Operating Income": 62,
        "EBIT": 74,
        "Net Income": 40
    },
    "2020-12-31": {
        "Diluted EPS": 0.25,
        "Total Revenue": 787,
        "Gross Profit": 149,
        "Operating Income": 32,
        "EBIT": 45,
        "Net Income": 18
    },
    "2020-09-30": {
        "Diluted EPS": 0.08,
        "Total Revenue": 766,
        "Gross Profit": 146,
        "Operating Income": 37,
        "EBIT": 49,
        "Net Income": 6
    },
    "2020-06-30": {
        "Diluted EPS": -0.13,
        "Total Revenue": 691,
        "Gross Profit": 107,
        "Operating Income": 7,
        "EBIT": 19,
        "Net Income": -9
    },
    "2020-03-31": {
        "Diluted EPS": -0.35,
        "Total Revenue": 834,
        "Gross Profit": 137,
        "Operating Income": -7,
        "EBIT": 5,
        "Net Income": -25
    },
    "2019-12-31": {
        "Diluted EPS": 0.34,
        "Total Revenue": 885,
        "Gross Profit": 169,
        "Operating Income": 23,
        "EBIT": 34,
        "Net Income": 25
    },
    "2019-09-30": {
        "Diluted EPS": 0.3,
        "Total Revenue": NaN,
        "Gross Profit": 210,
        "Operating Income": 86,
        "EBIT": 99,
        "Net Income": 21
    },
    "2019-06-30": {
        "Diluted EPS": 1.05,
        "Total Revenue": NaN,
        "Gross Profit": 272,
        "Operating Income": 126,
        "EBIT": 138,
        "Net Income": 75
    },
    "2019-03-31": {
        "Diluted EPS": -0.93,
        "Total Revenue": NaN,
        "Gross Profit": 238,
        "Operating Income": 100,
        "EBIT": 113,
        "Net Income": -67
    },
    "2018-12-31": {
        "Diluted EPS": -0.4,
        "Total Revenue": NaN,
        "Gross Profit": 215,
        "Operating Income": 82,
        "EBIT": 96,
        "Net Income": -33
    },
    "2018-09-30": {
        "Diluted EPS": 0.51,
        "Total Revenue": NaN,
        "Gross Profit": 240,
        "Operating Income": 104,
        "EBIT": 118,
        "Net Income": 39
    },
    "2018-06-30": {
        "Diluted EPS": 0.75,
        "Total Revenue": NaN,
        "Gross Profit": 279,
        "Operating Income": 132,
        "EBIT": 148,
        "Net Income": 58
    },
    "2018-03-31": {
        "Diluted EPS": 0.62,
        "Total Revenue": NaN,
        "Gross Profit": 229,
        "Operating Income": 94,
        "EBIT": 110,
        "Net Income": 50
    },
    "2017-12-31": {
        "Diluted EPS": -0.3,
        "Total Revenue": 494,
        "Gross Profit": 155,
        "Operating Income": 89,
        "EBIT": 107,
        "Net Income": -27
    },
    "2017-09-30": {
        "Diluted EPS": 0.66,
        "Total Revenue": NaN,
        "Gross Profit": 219,
        "Operating Income": 66,
        "EBIT": 83,
        "Net Income": 59
    },
    "2017-06-30": {
        "Diluted EPS": 1.04,
        "Total Revenue": NaN,
        "Gross Profit": 241,
        "Operating Income": 78,
        "EBIT": 93,
        "Net Income": 101
    },
    "2017-03-31": {
        "Diluted EPS": -0.04,
        "Total Revenue": NaN,
        "Gross Profit": 152,
        "Operating Income": -5,
        "EBIT": 12,
        "Net Income": -5
    },
    "2016-12-31": {
        "Diluted EPS": -2.46,
        "Total Revenue": 975,
        "Gross Profit": 105,
        "Operating Income": -266,
        "EBIT": -247,
        "Net Income": -267
    },
    "2016-09-30": {
        "Diluted EPS": 0.89,
        "Total Revenue": NaN,
        "Gross Profit": 184,
        "Operating Income": 40,
        "EBIT": 59,
        "Net Income": 97
    },
    "2016-06-30": {
        "Diluted EPS": 0.59,
        "Total Revenue": NaN,
        "Gross Profit": 242,
        "Operating Income": 73,
        "EBIT": 101,
        "Net Income": 65
    },
    "2016-03-31": {
        "Diluted EPS": -0.65,
        "Total Revenue": NaN,
        "Gross Profit": 182,
        "Operating Income": 11,
        "EBIT": 41,
        "Net Income": -71
    },
    "2015-12-31": {
        "Diluted EPS": 0.15,
        "Total Revenue": NaN,
        "Gross Profit": 311,
        "Operating Income": 51,
        "EBIT": 83,
        "Net Income": 17
    },
    "2015-09-30": {
        "Diluted EPS": 0.4,
        "Total Revenue": NaN,
        "Gross Profit": 252,
        "Operating Income": 92,
        "EBIT": 119,
        "Net Income": 44
    },
    "2015-06-30": {
        "Diluted EPS": 0.78,
        "Total Revenue": NaN,
        "Gross Profit": 302,
        "Operating Income": 136,
        "EBIT": 176,
        "Net Income": 85
    },
    "2015-03-31": {
        "Diluted EPS": 0.01,
        "Total Revenue": NaN,
        "Gross Profit": 277,
        "Operating Income": 44,
        "EBIT": 77,
        "Net Income": 1
    },
    "2014-12-31": {
        "Diluted EPS": 0.71,
        "Total Revenue": NaN,
        "Gross Profit": 339,
        "Operating Income": 70,
        "EBIT": 118,
        "Net Income": 80
    },
    "2014-09-30": {
        "Diluted EPS": 0.56,
        "Total Revenue": NaN,
        "Gross Profit": 357,
        "Operating Income": 117,
        "EBIT": 155,
        "Net Income": 64
    },
    "2014-06-30": {
        "Diluted EPS": 1.21,
        "Total Revenue": NaN,
        "Gross Profit": 424,
        "Operating Income": 161,
        "EBIT": 202,
        "Net Income": 140
    },
    "2014-03-31": {
        "Diluted EPS": 0.3,
        "Total Revenue": NaN,
        "Gross Profit": 333,
        "Operating Income": 75,
        "EBIT": 114,
        "Net Income": 35
    },
    "2013-12-31": {
        "Diluted EPS": 0.73,
        "Total Revenue": NaN,
        "Gross Profit": 386,
        "Operating Income": 131,
        "EBIT": 166,
        "Net Income": 86
    },
    "2013-09-30": {
        "Diluted EPS": 0.81,
        "Total Revenue": NaN,
        "Gross Profit": 381,
        "Operating Income": 139,
        "EBIT": 178,
        "Net Income": 94
    },
    "2013-06-30": {
        "Diluted EPS": 0.18,
        "Total Revenue": NaN,
        "Gross Profit": 351,
        "Operating Income": 84,
        "EBIT": 123,
        "Net Income": 21
    },
    "2013-03-31": {
        "Diluted EPS": 0.21,
        "Total Revenue": NaN,
        "Gross Profit": 321,
        "Operating Income": 66,
        "EBIT": 104,
        "Net Income": 24
    },
    "2012-12-31": {
        "Diluted EPS": -0.31,
        "Total Revenue": NaN,
        "Gross Profit": 262,
        "Operating Income": -4,
        "EBIT": 37,
        "Net Income": -33
    },
    "2012-09-30": {
        "Diluted EPS": 0.27,
        "Total Revenue": NaN,
        "Gross Profit": 379,
        "Operating Income": 132,
        "EBIT": 168,
        "Net Income": 30
    },
    "2012-06-30": {
        "Diluted EPS": 0.77,
        "Total Revenue": NaN,
        "Gross Profit": 429,
        "Operating Income": 175,
        "EBIT": 213,
        "Net Income": 86
    },
    "2012-03-31": {
        "Diluted EPS": 0.2,
        "Total Revenue": NaN,
        "Gross Profit": 331,
        "Operating Income": 64,
        "EBIT": 103,
        "Net Income": 23
    },
    "2011-12-31": {
        "Diluted EPS": -0.02,
        "Total Revenue": NaN,
        "Gross Profit": 266,
        "Operating Income": 10,
        "EBIT": 47,
        "Net Income": -3
    },
    "2011-09-30": {
        "Diluted EPS": 0.33,
        "Total Revenue": NaN,
        "Gross Profit": 276,
        "Operating Income": 53,
        "EBIT": 89,
        "Net Income": 37
    },
    "2011-06-30": {
        "Diluted EPS": -0.0,
        "Total Revenue": NaN,
        "Gross Profit": 215,
        "Operating Income": 7,
        "EBIT": 34,
        "Net Income": -1
    },
    "2011-03-31": {
        "Diluted EPS": 0.1,
        "Total Revenue": NaN,
        "Gross Profit": 167,
        "Operating Income": -9,
        "EBIT": 17,
        "Net Income": 12
    },
    "2010-12-31": {
        "Diluted EPS": -0.43,
        "Total Revenue": NaN,
        "Gross Profit": 186,
        "Operating Income": -1,
        "EBIT": 30,
        "Net Income": -45
    },
    "2010-09-30": {
        "Diluted EPS": -0.88,
        "Total Revenue": NaN,
        "Gross Profit": 164,
        "Operating Income": 4,
        "EBIT": 29,
        "Net Income": -96
    },
    "2010-06-30": {
        "Diluted EPS": -0.37,
        "Total Revenue": NaN,
        "Gross Profit": 155,
        "Operating Income": -10,
        "EBIT": 12,
        "Net Income": -40
    },
    "2010-03-31": {
        "Diluted EPS": 4.98,
        "Total Revenue": 936,
        "Gross Profit": 99,
        "Operating Income": -67,
        "EBIT": -39,
        "Net Income": 540
    },
    "2009-12-31": {
        "Diluted EPS": -1.36,
        "Total Revenue": NaN,
        "Gross Profit": 95,
        "Operating Income": -75,
        "EBIT": -46,
        "Net Income": -143
    },
    "2009-09-30": {
        "Diluted EPS": -0.95,
        "Total Revenue": 934,
        "Gross Profit": 70,
        "Operating Income": -100,
        "EBIT": -76,
        "Net Income": -103
    },
    "2009-06-30": {
        "Diluted EPS": -0.78,
        "Total Revenue": 947,
        "Gross Profit": 66,
        "Operating Income": -115,
        "EBIT": -96,
        "Net Income": -78
    },
    "2009-03-31": {
        "Diluted EPS": -0.79,
        "Total Revenue": 966,
        "Gross Profit": 67,
        "Operating Income": -111,
        "EBIT": -90,
        "Net Income": -75
    },
    "2023-09-30": {
        "Tax Effect Of Unusual Items": 0.0,
        "Tax Rate For Calcs": 0.2,
        "Normalized EBITDA": 178400000.0,
        "Net Income From Continuing Operation Net Minority Interest": 119200000.0,
        "Reconciled Depreciation": 12400000.0,
        "Reconciled Cost Of Revenue": 997600000.0,
        "EBITDA": 178400000.0,
        "EBIT": 166000000.0,
        "Net Interest Income": -14900000.0,
        "Interest Expense": 17000000.0,
        "Interest Income": 2100000.0,
        "Normalized Income": 119200000.0,
        "Net Income From Continuing And Discontinued Operation": 119200000.0,
        "Total Expenses": 1126900000.0,
        "Total Operating Income As Reported": 163200000.0,
        "Diluted Average Shares": 68200000.0,
        "Basic Average Shares": 67400000.0,
        "Diluted EPS": 1.75,
        "Basic EPS": 1.77,
        "Diluted NI Availto Com Stockholders": 119200000.0,
        "Net Income Common Stockholders": 119200000.0,
        "Net Income": 119200000.0,
        "Net Income Including Noncontrolling Interests": 119200000.0,
        "Net Income Discontinuous Operations": 0.0,
        "Net Income Continuous Operations": 119200000.0,
        "Tax Provision": 29800000.0,
        "Pretax Income": 149000000.0,
        "Other Income Expense": 700000.0,
        "Other Non Operating Income Expenses": 700000.0,
        "Net Non Operating Interest Income Expense": -14900000.0,
        "Interest Expense Non Operating": 17000000.0,
        "Interest Income Non Operating": 2100000.0,
        "Operating Income": 163200000.0,
        "Operating Expense": 129300000.0,
        "Selling General And Administration": 129300000.0,
        "Gross Profit": 292500000.0,
        "Cost Of Revenue": 997600000.0,
        "Total Revenue": 1290100000.0,
        "Operating Revenue": 1290100000.0
    },
    "2023-12-31": {
        "Tax Effect Of Unusual Items": 0.0,
        "Tax Rate For Calcs": 0.21,
        "Normalized EBITDA": 140800000.0,
        "Net Income From Continuing Operation Net Minority Interest": 127900000.0,
        "Reconciled Depreciation": 19100000.0,
        "Reconciled Cost Of Revenue": 960100000.0,
        "EBITDA": 140800000.0,
        "EBIT": 121700000.0,
        "Net Interest Income": -13600000.0,
        "Interest Expense": 16000000.0,
        "Interest Income": 2400000.0,
        "Normalized Income": 127900000.0,
        "Net Income From Continuing And Discontinued Operation": 126900000.0,
        "Total Expenses": 1106900000.0,
        "Total Operating Income As Reported": 115700000.0,
        "Diluted Average Shares": NaN,
        "Basic Average Shares": NaN,
        "Diluted EPS": NaN,
        "Basic EPS": NaN,
        "Diluted NI Availto Com Stockholders": 126900000.0,
        "Net Income Common Stockholders": 126900000.0,
        "Net Income": 126900000.0,
        "Net Income Including Noncontrolling Interests": 126900000.0,
        "Net Income Discontinuous Operations": -1000000.0,
        "Net Income Continuous Operations": 127900000.0,
        "Tax Provision": -22200000.0,
        "Pretax Income": 105700000.0,
        "Other Income Expense": 3600000.0,
        "Other Non Operating Income Expenses": 3600000.0,
        "Net Non Operating Interest Income Expense": -13600000.0,
        "Interest Expense Non Operating": 16000000.0,
        "Interest Income Non Operating": 2400000.0,
        "Operating Income": 115700000.0,
        "Operating Expense": 146800000.0,
        "Selling General And Administration": 146800000.0,
        "Gross Profit": 262500000.0,
        "Cost Of Revenue": 960100000.0,
        "Total Revenue": 1222600000.0,
        "Operating Revenue": 1222600000.0
    }
}