{
    "2023-06-30": {
        "Tax Effect Of Unusual Items": 0.0,
        "Tax Rate For Calcs": 0.190481,
        "Net Income From Continuing Operation Net Minority Interest": 17603000.0,
        "Reconciled Depreciation": 4651000.0,
        "Net Interest Income": 68779000.0,
        "Interest Expense": 87878000.0,
        "Interest Income": 156657000.0,
        "Normalized Income": 17603000.0,
        "Net Income From Continuing And Discontinued Operation": 17603000.0,
        "Diluted NI Availto Com Stockholders": 17603000.0,
        "Net Income Common Stockholders": 17603000.0,
        "Otherunder Preferred Stock Dividend": NaN,
        "Net Income": 17603000.0,
        "Net Income Including Noncontrolling Interests": 17603000.0,
        "Net Income Continuous Operations": 17603000.0,
        "Tax Provision": 4142000.0,
        "Pretax Income": 21745000.0,
        "Selling General And Administration": 35929000.0,
        "Selling And Marketing Expense": 7023000.0,
        "General And Administrative Expense": 28906000.0,
        "Insurance And Claims": 3574000.0,
        "Salaries And Wages": 25332000.0,
        "Total Revenue": 74622000.0,
        "Operating Revenue": 74622000.0
    },
    "2023-03-31": {
        "Tax Effect Of Unusual Items": 0.0,
        "Tax Rate For Calcs": 0.205514,
        "Net Income From Continuing Operation Net Minority Interest": 15908000.0,
        "Reconciled Depreciation": 4527000.0,
        "Net Interest Income": 69268000.0,
        "Interest Expense": 78284000.0,
        "Interest Income": 147552000.0,
        "Normalized Income": 15908000.0,
        "Net Income From Continuing And Discontinued Operation": 15908000.0,
        "Diluted NI Availto Com Stockholders": 15523000.0,
        "Net Income Common Stockholders": 15523000.0,
        "Otherunder Preferred Stock Dividend": 385000.0,
        "Net Income": 15908000.0,
        "Net Income Including Noncontrolling Interests": 15908000.0,
        "Net Income Continuous Operations": 15908000.0,
        "Tax Provision": 4115000.0,
        "Pretax Income": 20023000.0,
        "Selling General And Administration": 40549000.0,
        "Selling And Marketing Expense": 6671000.0,
        "General And Administrative Expense": 33878000.0,
        "Insurance And Claims": 3488000.0,
        "Salaries And Wages": 30390000.0,
        "Total Revenue": 74597000.0,
        "Operating Revenue": 74597000.0
    },
    "2022-12-31": {
        "Tax Effect Of Unusual Items": 0.0,
        "Tax Rate For Calcs": 0.211,
        "Net Income From Continuing Operation Net Minority Interest": 22193000.0,
        "Reconciled Depreciation": 4209000.0,
        "Net Interest Income": 75157000.0,
        "Interest Expense": 63813000.0,
        "Interest Income": 138970000.0,
        "Normalized Income": 22193000.0,
        "Net Income From Continuing And Discontinued Operation": 22193000.0,
        "Diluted NI Availto Com Stockholders": 21804000.0,
        "Net Income Common Stockholders": 21804000.0,
        "Otherunder Preferred Stock Dividend": 389000.0,
        "Net Income": 22193000.0,
        "Net Income Including Noncontrolling Interests": 22193000.0,
        "Net Income Continuous Operations": 22193000.0,
        "Tax Provision": 5927000.0,
        "Pretax Income": 28120000.0,
        "Selling General And Administration": 38877000.0,
        "Selling And Marketing Expense": 7713000.0,
        "General And Administrative Expense": 31164000.0,
        "Insurance And Claims": 2761000.0,
        "Salaries And Wages": 28403000.0,
        "Total Revenue": 80314000.0,
        "Operating Revenue": 80314000.0
    },
    "2022-09-30": {
        "Tax Effect Of Unusual Items": 0.0,
        "Tax Rate For Calcs": 0.183505,
        "Net Income From Continuing Operation Net Minority Interest": 25433000.0,
        "Reconciled Depreciation": 6227000.0,
        "Net Interest Income": 75509000.0,
        "Interest Expense": 45502000.0,
        "Interest Income": 121011000.0,
        "Normalized Income": 25433000.0,
        "Net Income From Continuing And Discontinued Operation": 25433000.0,
        "Diluted Average Shares": 278505233.0,
        "Basic Average Shares": 277383038.0,
        "Diluted EPS": 0.09,
        "Basic EPS": 0.09,
        "Diluted NI Availto Com Stockholders": 25433000.0,
        "Net Income Common Stockholders": 25433000.0,
        "Otherunder Preferred Stock Dividend": NaN,
        "Net Income": 25433000.0,
        "Net Income Including Noncontrolling Interests": 25433000.0,
        "Net Income Continuous Operations": 25433000.0,
        "Tax Provision": 5716000.0,
        "Pretax Income": 31149000.0,
        "Selling General And Administration": 34184000.0,
        "Selling And Marketing Expense": 4256000.0,
        "General And Administrative Expense": 29928000.0,
        "Insurance And Claims": 2722000.0,
        "Salaries And Wages": 27206000.0,
        "Total Revenue": 79891000.0,
        "Operating Revenue": 79891000.0
    },
    "2022-06-30": {
        "Tax Effect Of Unusual Items": 0.0,
        "Tax Rate For Calcs": 0.192056,
        "Net Income From Continuing Operation Net Minority Interest": 17147000.0,
        "Reconciled Depreciation": 6700000.0,
        "Net Interest Income": 71302000.0,
        "Interest Expense": 31469000.0,
        "Interest Income": 102771000.0,
        "Normalized Income": 17147000.0,
        "Net Income From Continuing And Discontinued Operation": 17147000.0,
        "Diluted Average Shares": 278555759.0,
        "Basic Average Shares": 277453439.0,
        "Diluted EPS": 0.06,
        "Basic EPS": 0.06,
        "Diluted NI Availto Com Stockholders": 17147000.0,
        "Net Income Common Stockholders": 17147000.0,
        "Otherunder Preferred Stock Dividend": NaN,
        "Net Income": 17147000.0,
        "Net Income Including Noncontrolling Interests": 17147000.0,
        "Net Income Continuous Operations": 17147000.0,
        "Tax Provision": 4076000.0,
        "Pretax Income": 21223000.0,
        "Selling General And Administration": 35937000.0,
        "Selling And Marketing Expense": 4830000.0,
        "General And Administrative Expense": 31107000.0,
        "Insurance And Claims": 2351000.0,
        "Salaries And Wages": 28756000.0,
        "Total Revenue": 76979000.0,
        "Operating Revenue": 76979000.0
    },
    "2022-03-31": {
        "Diluted EPS": 0.06,
        "Total Revenue": 99,
        "Gross Profit": 68,
        "Operating Income": 19,
        "EBIT": NaN,
        "Net Income": 15
    },
    "2021-12-31": {
        "Diluted EPS": 0.06,
        "Total Revenue": 100,
        "Gross Profit": 66,
        "Operating Income": 20,
        "EBIT": NaN,
        "Net Income": 16
    },
    "2021-09-30": {
        "Diluted EPS": 0.06,
        "Total Revenue": 103,
        "Gross Profit": 66,
        "Operating Income": 21,
        "EBIT": NaN,
        "Net Income": 17
    },
    "2021-06-30": {
        "Diluted EPS": 0.06,
        "Total Revenue": 105,
        "Gross Profit": 67,
        "Operating Income": 20,
        "EBIT": NaN,
        "Net Income": 16
    },
    "2021-03-31": {
        "Diluted EPS": 0.08,
        "Total Revenue": 114,
        "Gross Profit": 74,
        "Operating Income": 29,
        "EBIT": NaN,
        "Net Income": 23
    },
    "2020-12-31": {
        "Diluted EPS": 0.09,
        "Total Revenue": 123,
        "Gross Profit": 80,
        "Operating Income": 30,
        "EBIT": NaN,
        "Net Income": 25
    },
    "2020-09-30": {
        "Diluted EPS": 0.04,
        "Total Revenue": 123,
        "Gross Profit": 67,
        "Operating Income": 17,
        "EBIT": NaN,
        "Net Income": 13
    },
    "2020-06-30": {
        "Diluted EPS": 0.1,
        "Total Revenue": 125,
        "Gross Profit": 78,
        "Operating Income": 33,
        "EBIT": NaN,
        "Net Income": 27
    },
    "2020-03-31": {
        "Diluted EPS": 0.06,
        "Total Revenue": 128,
        "Gross Profit": 74,
        "Operating Income": 18,
        "EBIT": NaN,
        "Net Income": 17
    },
    "2019-12-31": {
        "Diluted EPS": 0.09,
        "Total Revenue": 132,
        "Gross Profit": 76,
        "Operating Income": 32,
        "EBIT": NaN,
        "Net Income": 25
    },
    "2019-09-30": {
        "Diluted EPS": 0.08,
        "Total Revenue": 128,
        "Gross Profit": 70,
        "Operating Income": 27,
        "EBIT": NaN,
        "Net Income": 21
    },
    "2019-06-30": {
        "Diluted EPS": 0.06,
        "Total Revenue": 126,
        "Gross Profit": 71,
        "Operating Income": 23,
        "EBIT": NaN,
        "Net Income": 18
    },
    "2019-03-31": {
        "Diluted EPS": 0.07,
        "Total Revenue": 125,
        "Gross Profit": 73,
        "Operating Income": 26,
        "EBIT": NaN,
        "Net Income": 20
    },
    "2018-12-31": {
        "Diluted EPS": 0.07,
        "Total Revenue": 123,
        "Gross Profit": 72,
        "Operating Income": 27,
        "EBIT": NaN,
        "Net Income": 20
    },
    "2018-09-30": {
        "Diluted EPS": 0.08,
        "Total Revenue": 119,
        "Gross Profit": 74,
        "Operating Income": 30,
        "EBIT": NaN,
        "Net Income": 21
    },
    "2018-06-30": {
        "Diluted EPS": 0.07,
        "Total Revenue": 118,
        "Gross Profit": 77,
        "Operating Income": 28,
        "EBIT": NaN,
        "Net Income": 21
    },
    "2018-03-31": {
        "Diluted EPS": 0.08,
        "Total Revenue": 115,
        "Gross Profit": 76,
        "Operating Income": 31,
        "EBIT": NaN,
        "Net Income": 23
    },
    "2017-12-31": {
        "Diluted EPS": 0.07,
        "Total Revenue": 112,
        "Gross Profit": 75,
        "Operating Income": 32,
        "EBIT": NaN,
        "Net Income": 19
    },
    "2017-09-30": {
        "Diluted EPS": 0.09,
        "Total Revenue": 111,
        "Gross Profit": 75,
        "Operating Income": 35,
        "EBIT": NaN,
        "Net Income": 23
    },
    "2017-06-30": {
        "Diluted EPS": 0.08,
        "Total Revenue": 109,
        "Gross Profit": 75,
        "Operating Income": 34,
        "EBIT": NaN,
        "Net Income": 23
    },
    "2017-03-31": {
        "Diluted EPS": 0.08,
        "Total Revenue": 106,
        "Gross Profit": 75,
        "Operating Income": 36,
        "EBIT": NaN,
        "Net Income": 23
    },
    "2016-12-31": {
        "Diluted EPS": 0.07,
        "Total Revenue": 104,
        "Gross Profit": 74,
        "Operating Income": 28,
        "EBIT": NaN,
        "Net Income": 19
    },
    "2016-09-30": {
        "Diluted EPS": 0.08,
        "Total Revenue": 104,
        "Gross Profit": 74,
        "Operating Income": 35,
        "EBIT": NaN,
        "Net Income": 22
    },
    "2016-06-30": {
        "Diluted EPS": 0.07,
        "Total Revenue": 103,
        "Gross Profit": 73,
        "Operating Income": 32,
        "EBIT": NaN,
        "Net Income": 20
    },
    "2016-03-31": {
        "Diluted EPS": 0.07,
        "Total Revenue": 104,
        "Gross Profit": 74,
        "Operating Income": 29,
        "EBIT": NaN,
        "Net Income": 19
    },
    "2015-12-31": {
        "Diluted EPS": 0.06,
        "Total Revenue": 103,
        "Gross Profit": 74,
        "Operating Income": 27,
        "EBIT": NaN,
        "Net Income": 18
    },
    "2015-09-30": {
        "Diluted EPS": 0.08,
        "Total Revenue": 103,
        "Gross Profit": 74,
        "Operating Income": 33,
        "EBIT": NaN,
        "Net Income": 23
    },
    "2015-06-30": {
        "Diluted EPS": 0.06,
        "Total Revenue": 102,
        "Gross Profit": 74,
        "Operating Income": 26,
        "EBIT": NaN,
        "Net Income": 17
    },
    "2015-03-31": {
        "Diluted EPS": 0.05,
        "Total Revenue": 102,
        "Gross Profit": 73,
        "Operating Income": 23,
        "EBIT": NaN,
        "Net Income": 16
    },
    "2014-12-31": {
        "Diluted EPS": 0.06,
        "Total Revenue": 102,
        "Gross Profit": 73,
        "Operating Income": 25,
        "EBIT": NaN,
        "Net Income": 16
    },
    "2014-09-30": {
        "Diluted EPS": 0.06,
        "Total Revenue": 100,
        "Gross Profit": 72,
        "Operating Income": 23,
        "EBIT": NaN,
        "Net Income": 16
    },
    "2014-06-30": {
        "Diluted EPS": 0.06,
        "Total Revenue": 99,
        "Gross Profit": 74,
        "Operating Income": 27,
        "EBIT": NaN,
        "Net Income": 18
    },
    "2014-03-31": {
        "Diluted EPS": 0.05,
        "Total Revenue": 99,
        "Gross Profit": 75,
        "Operating Income": 25,
        "EBIT": NaN,
        "Net Income": 16
    },
    "2013-12-31": {
        "Diluted EPS": 0.05,
        "Total Revenue": 98,
        "Gross Profit": 73,
        "Operating Income": 24,
        "EBIT": NaN,
        "Net Income": 16
    },
    "2013-09-30": {
        "Diluted EPS": 0.05,
        "Total Revenue": 98,
        "Gross Profit": 71,
        "Operating Income": 19,
        "EBIT": NaN,
        "Net Income": 16
    },
    "2013-06-30": {
        "Diluted EPS": 0.05,
        "Total Revenue": 103,
        "Gross Profit": 75,
        "Operating Income": 24,
        "EBIT": NaN,
        "Net Income": 16
    },
    "2013-03-31": {
        "Diluted EPS": 0.04,
        "Total Revenue": 103,
        "Gross Profit": 74,
        "Operating Income": 19,
        "EBIT": NaN,
        "Net Income": 13
    },
    "2012-12-31": {
        "Diluted EPS": 0.04,
        "Total Revenue": 109,
        "Gross Profit": 77,
        "Operating Income": 16,
        "EBIT": NaN,
        "Net Income": 11
    },
    "2012-09-30": {
        "Diluted EPS": 0.01,
        "Total Revenue": 109,
        "Gross Profit": 72,
        "Operating Income": -1,
        "EBIT": NaN,
        "Net Income": 1
    },
    "2012-06-30": {
        "Diluted EPS": 0.0,
        "Total Revenue": 111,
        "Gross Profit": 72,
        "Operating Income": 0,
        "EBIT": NaN,
        "Net Income": 1
    },
    "2012-03-31": {
        "Diluted EPS": 0.0,
        "Total Revenue": 111,
        "Gross Profit": 72,
        "Operating Income": 2,
        "EBIT": NaN,
        "Net Income": 1
    },
    "2011-12-31": {
        "Diluted EPS": 0.03,
        "Total Revenue": 111,
        "Gross Profit": 70,
        "Operating Income": 12,
        "EBIT": NaN,
        "Net Income": 8
    },
    "2011-09-30": {
        "Diluted EPS": 0.02,
        "Total Revenue": 114,
        "Gross Profit": 71,
        "Operating Income": 11,
        "EBIT": NaN,
        "Net Income": 8
    },
    "2011-06-30": {
        "Diluted EPS": 0.02,
        "Total Revenue": 116,
        "Gross Profit": 72,
        "Operating Income": 10,
        "EBIT": NaN,
        "Net Income": 6
    },
    "2011-03-31": {
        "Diluted EPS": 0.01,
        "Total Revenue": 114,
        "Gross Profit": 69,
        "Operating Income": 3,
        "EBIT": NaN,
        "Net Income": 2
    },
    "2010-12-31": {
        "Diluted EPS": -0.02,
        "Total Revenue": 114,
        "Gross Profit": 67,
        "Operating Income": -11,
        "EBIT": NaN,
        "Net Income": -7
    },
    "2010-09-30": {
        "Diluted EPS": -0.03,
        "Total Revenue": 112,
        "Gross Profit": 62,
        "Operating Income": -15,
        "EBIT": NaN,
        "Net Income": -11
    },
    "2010-06-30": {
        "Diluted EPS": 0.03,
        "Total Revenue": 138,
        "Gross Profit": 86,
        "Operating Income": 15,
        "EBIT": NaN,
        "Net Income": 10
    },
    "2010-03-31": {
        "Diluted EPS": 0.01,
        "Total Revenue": 122,
        "Gross Profit": 69,
        "Operating Income": 5,
        "EBIT": NaN,
        "Net Income": 3
    },
    "2009-12-31": {
        "Diluted EPS": 0.03,
        "Total Revenue": 124,
        "Gross Profit": 69,
        "Operating Income": 13,
        "EBIT": NaN,
        "Net Income": 9
    },
    "2009-09-30": {
        "Diluted EPS": -0.04,
        "Total Revenue": 131,
        "Gross Profit": 73,
        "Operating Income": -20,
        "EBIT": NaN,
        "Net Income": -13
    },
    "2009-06-30": {
        "Diluted EPS": 0.03,
        "Total Revenue": 139,
        "Gross Profit": 80,
        "Operating Income": 14,
        "EBIT": NaN,
        "Net Income": 10
    },
    "2009-03-31": {
        "Diluted EPS": 0.02,
        "Total Revenue": 141,
        "Gross Profit": 77,
        "Operating Income": 8,
        "EBIT": NaN,
        "Net Income": 6
    },
    "2023-09-30": {
        "Tax Effect Of Unusual Items": 0.0,
        "Tax Rate For Calcs": 0.167511,
        "Net Income From Continuing Operation Net Minority Interest": 19546000.0,
        "Reconciled Depreciation": 4728000.0,
        "Net Interest Income": 70363000.0,
        "Interest Expense": 98377000.0,
        "Interest Income": 168740000.0,
        "Normalized Income": 19546000.0,
        "Net Income From Continuing And Discontinued Operation": 19546000.0,
        "Diluted NI Availto Com Stockholders": 17977000.0,
        "Net Income Common Stockholders": 17977000.0,
        "Otherunder Preferred Stock Dividend": NaN,
        "Net Income": 19546000.0,
        "Net Income Including Noncontrolling Interests": 19546000.0,
        "Net Income Continuous Operations": 19546000.0,
        "Tax Provision": 3933000.0,
        "Pretax Income": 23479000.0,
        "Selling General And Administration": 36170000.0,
        "Selling And Marketing Expense": 3881000.0,
        "General And Administrative Expense": 32289000.0,
        "Insurance And Claims": 3629000.0,
        "Salaries And Wages": 28660000.0,
        "Total Revenue": 75463000.0,
        "Operating Revenue": 75463000.0
    }
}