{
    "2023-03-31": {
        "Tax Effect Of Unusual Items": NaN,
        "Tax Rate For Calcs": NaN,
        "Normalized EBITDA": NaN,
        "Total Unusual Items": NaN,
        "Total Unusual Items Excluding Goodwill": NaN,
        "Net Income From Continuing Operation Net Minority Interest": NaN,
        "Reconciled Depreciation": NaN,
        "Reconciled Cost Of Revenue": NaN,
        "EBITDA": NaN,
        "EBIT": NaN,
        "Net Interest Income": NaN,
        "Interest Expense": NaN,
        "Interest Income": NaN,
        "Normalized Income": NaN,
        "Net Income From Continuing And Discontinued Operation": NaN,
        "Total Expenses": NaN,
        "Total Operating Income As Reported": NaN,
        "Diluted Average Shares": NaN,
        "Basic Average Shares": NaN,
        "Diluted EPS": NaN,
        "Basic EPS": NaN,
        "Diluted NI Availto Com Stockholders": NaN,
        "Net Income Common Stockholders": NaN,
        "Net Income": NaN,
        "Net Income Including Noncontrolling Interests": NaN,
        "Net Income Discontinuous Operations": NaN,
        "Net Income Continuous Operations": NaN,
        "Tax Provision": NaN,
        "Pretax Income": NaN,
        "Other Income Expense": NaN,
        "Special Income Charges": NaN,
        "Gain On Sale Of Business": -140000.0,
        "Other Special Charges": NaN,
        "Write Off": NaN,
        "Restructuring And Mergern Acquisition": NaN,
        "Net Non Operating Interest Income Expense": NaN,
        "Interest Expense Non Operating": NaN,
        "Interest Income Non Operating": NaN,
        "Operating Income": NaN,
        "Operating Expense": NaN,
        "Research And Development": NaN,
        "Selling General And Administration": NaN,
        "General And Administrative Expense": 232716000.0,
        "Other Gand A": 232716000.0,
        "Salaries And Wages": 0.0,
        "Gross Profit": NaN,
        "Cost Of Revenue": NaN,
        "Total Revenue": NaN,
        "Operating Revenue": NaN
    },
    "2022-12-31": {
        "Tax Effect Of Unusual Items": NaN,
        "Tax Rate For Calcs": NaN,
        "Normalized EBITDA": NaN,
        "Total Unusual Items": NaN,
        "Total Unusual Items Excluding Goodwill": NaN,
        "Net Income From Continuing Operation Net Minority Interest": NaN,
        "Reconciled Depreciation": NaN,
        "Reconciled Cost Of Revenue": NaN,
        "EBITDA": NaN,
        "EBIT": NaN,
        "Net Interest Income": NaN,
        "Interest Expense": NaN,
        "Interest Income": NaN,
        "Normalized Income": NaN,
        "Net Income From Continuing And Discontinued Operation": NaN,
        "Total Expenses": NaN,
        "Total Operating Income As Reported": NaN,
        "Diluted Average Shares": NaN,
        "Basic Average Shares": NaN,
        "Diluted EPS": NaN,
        "Basic EPS": NaN,
        "Diluted NI Availto Com Stockholders": NaN,
        "Net Income Common Stockholders": NaN,
        "Net Income": NaN,
        "Net Income Including Noncontrolling Interests": NaN,
        "Net Income Discontinuous Operations": NaN,
        "Net Income Continuous Operations": NaN,
        "Tax Provision": NaN,
        "Pretax Income": NaN,
        "Other Income Expense": NaN,
        "Special Income Charges": NaN,
        "Gain On Sale Of Business": 0.0,
        "Write Off": NaN,
        "Restructuring And Mergern Acquisition": NaN,
        "Net Non Operating Interest Income Expense": NaN,
        "Interest Expense Non Operating": NaN,
        "Interest Income Non Operating": NaN,
        "Operating Income": NaN,
        "Operating Expense": NaN,
        "Research And Development": NaN,
        "Selling General And Administration": NaN,
        "General And Administrative Expense": NaN,
        "Other Gand A": NaN,
        "Salaries And Wages": NaN,
        "Gross Profit": NaN,
        "Cost Of Revenue": NaN,
        "Total Revenue": NaN,
        "Operating Revenue": NaN
    },
    "2022-09-30": {
        "Tax Effect Of Unusual Items": NaN,
        "Tax Rate For Calcs": NaN,
        "Normalized EBITDA": NaN,
        "Total Unusual Items": NaN,
        "Total Unusual Items Excluding Goodwill": NaN,
        "Net Income From Continuing Operation Net Minority Interest": NaN,
        "Reconciled Depreciation": NaN,
        "Reconciled Cost Of Revenue": NaN,
        "EBITDA": NaN,
        "EBIT": NaN,
        "Net Interest Income": NaN,
        "Interest Expense": NaN,
        "Interest Income": NaN,
        "Normalized Income": NaN,
        "Net Income From Continuing And Discontinued Operation": NaN,
        "Total Expenses": NaN,
        "Total Operating Income As Reported": NaN,
        "Diluted Average Shares": NaN,
        "Basic Average Shares": NaN,
        "Diluted EPS": NaN,
        "Basic EPS": NaN,
        "Diluted NI Availto Com Stockholders": NaN,
        "Net Income Common Stockholders": NaN,
        "Net Income": NaN,
        "Net Income Including Noncontrolling Interests": NaN,
        "Net Income Discontinuous Operations": NaN,
        "Net Income Continuous Operations": NaN,
        "Tax Provision": NaN,
        "Pretax Income": NaN,
        "Other Income Expense": NaN,
        "Special Income Charges": NaN,
        "Gain On Sale Of Business": 6504000.0,
        "Write Off": NaN,
        "Restructuring And Mergern Acquisition": NaN,
        "Net Non Operating Interest Income Expense": NaN,
        "Interest Expense Non Operating": NaN,
        "Interest Income Non Operating": NaN,
        "Operating Income": NaN,
        "Operating Expense": NaN,
        "Research And Development": NaN,
        "Selling General And Administration": NaN,
        "General And Administrative Expense": NaN,
        "Other Gand A": NaN,
        "Salaries And Wages": NaN,
        "Gross Profit": NaN,
        "Cost Of Revenue": NaN,
        "Total Revenue": NaN,
        "Operating Revenue": NaN
    },
    "2022-06-30": {
        "Tax Effect Of Unusual Items": 12367.0,
        "Tax Rate For Calcs": 0.149,
        "Normalized EBITDA": 192025000.0,
        "Total Unusual Items": 83000.0,
        "Total Unusual Items Excluding Goodwill": 83000.0,
        "Net Income From Continuing Operation Net Minority Interest": 105555000.0,
        "Reconciled Depreciation": 56722000.0,
        "Reconciled Cost Of Revenue": 315709000.0,
        "EBITDA": 192108000.0,
        "EBIT": 135386000.0,
        "Net Interest Income": -11190000.0,
        "Interest Expense": 11419000.0,
        "Interest Income": 229000.0,
        "Normalized Income": 105484367.0,
        "Net Income From Continuing And Discontinued Operation": 105514000.0,
        "Total Expenses": 569468000.0,
        "Total Operating Income As Reported": 135157000.0,
        "Diluted Average Shares": 47347000.0,
        "Basic Average Shares": 46901000.0,
        "Diluted EPS": 2.23,
        "Basic EPS": 2.25,
        "Diluted NI Availto Com Stockholders": 105514000.0,
        "Net Income Common Stockholders": 105514000.0,
        "Net Income": 105514000.0,
        "Net Income Including Noncontrolling Interests": 105514000.0,
        "Net Income Discontinuous Operations": -41000.0,
        "Net Income Continuous Operations": 105555000.0,
        "Tax Provision": 18412000.0,
        "Pretax Income": 123967000.0,
        "Other Income Expense": 83000.0,
        "Special Income Charges": 83000.0,
        "Gain On Sale Of Business": NaN,
        "Other Special Charges": NaN,
        "Restructuring And Mergern Acquisition": -83000.0,
        "Net Non Operating Interest Income Expense": -11190000.0,
        "Interest Expense Non Operating": 11419000.0,
        "Interest Income Non Operating": 229000.0,
        "Operating Income": 135074000.0,
        "Operating Expense": 253759000.0,
        "Research And Development": 36934000.0,
        "Selling General And Administration": 216825000.0,
        "Gross Profit": 388833000.0,
        "Cost Of Revenue": 315709000.0,
        "Total Revenue": 704542000.0,
        "Operating Revenue": 704542000.0
    },
    "2023-06-30": {
        "Tax Effect Of Unusual Items": NaN,
        "Tax Rate For Calcs": NaN,
        "Normalized EBITDA": NaN,
        "Total Unusual Items": NaN,
        "Total Unusual Items Excluding Goodwill": NaN,
        "Net Income From Continuing Operation Net Minority Interest": NaN,
        "Reconciled Depreciation": NaN,
        "Reconciled Cost Of Revenue": NaN,
        "EBITDA": NaN,
        "EBIT": NaN,
        "Net Interest Income": NaN,
        "Interest Expense": NaN,
        "Interest Income": NaN,
        "Normalized Income": NaN,
        "Net Income From Continuing And Discontinued Operation": NaN,
        "Total Expenses": NaN,
        "Total Operating Income As Reported": NaN,
        "Diluted Average Shares": NaN,
        "Basic Average Shares": NaN,
        "Diluted EPS": NaN,
        "Basic EPS": NaN,
        "Diluted NI Availto Com Stockholders": NaN,
        "Net Income Common Stockholders": NaN,
        "Net Income": NaN,
        "Net Income Including Noncontrolling Interests": NaN,
        "Net Income Discontinuous Operations": NaN,
        "Net Income Continuous Operations": NaN,
        "Tax Provision": NaN,
        "Pretax Income": NaN,
        "Other Income Expense": NaN,
        "Special Income Charges": NaN,
        "Gain On Sale Of Business": -127000.0,
        "Other Special Charges": NaN,
        "Write Off": NaN,
        "Restructuring And Mergern Acquisition": NaN,
        "Net Non Operating Interest Income Expense": NaN,
        "Interest Expense Non Operating": NaN,
        "Interest Income Non Operating": NaN,
        "Operating Income": NaN,
        "Operating Expense": NaN,
        "Research And Development": NaN,
        "Selling General And Administration": NaN,
        "General And Administrative Expense": NaN,
        "Other Gand A": NaN,
        "Salaries And Wages": NaN,
        "Gross Profit": NaN,
        "Cost Of Revenue": NaN,
        "Total Revenue": NaN,
        "Operating Revenue": NaN
    },
    "2022-03-31": {
        "Diluted EPS": 1.63,
        "Total Revenue": 642,
        "Gross Profit": 346,
        "Operating Income": 104,
        "EBIT": 162,
        "Net Income": 77
    },
    "2021-12-31": {
        "Diluted EPS": 2.69,
        "Total Revenue": 762,
        "Gross Profit": 420,
        "Operating Income": 155,
        "EBIT": 215,
        "Net Income": 128
    },
    "2021-09-30": {
        "Diluted EPS": 4.2,
        "Total Revenue": 700,
        "Gross Profit": 388,
        "Operating Income": 150,
        "EBIT": 210,
        "Net Income": 199
    },
    "2021-06-30": {
        "Diluted EPS": 1.76,
        "Total Revenue": 713,
        "Gross Profit": 398,
        "Operating Income": 129,
        "EBIT": 190,
        "Net Income": 83
    },
    "2021-03-31": {
        "Diluted EPS": 1.58,
        "Total Revenue": 634,
        "Gross Profit": 345,
        "Operating Income": 103,
        "EBIT": 164,
        "Net Income": 75
    },
    "2020-12-31": {
        "Diluted EPS": 1.61,
        "Total Revenue": 711,
        "Gross Profit": 384,
        "Operating Income": 95,
        "EBIT": 154,
        "Net Income": 76
    },
    "2020-09-30": {
        "Diluted EPS": 2.46,
        "Total Revenue": 628,
        "Gross Profit": 329,
        "Operating Income": 132,
        "EBIT": 190,
        "Net Income": 117
    },
    "2020-06-30": {
        "Diluted EPS": 0.24,
        "Total Revenue": 567,
        "Gross Profit": 278,
        "Operating Income": 39,
        "EBIT": 97,
        "Net Income": 11
    },
    "2020-03-31": {
        "Diluted EPS": 2.78,
        "Total Revenue": 631,
        "Gross Profit": 334,
        "Operating Income": 157,
        "EBIT": 214,
        "Net Income": 131
    },
    "2019-12-31": {
        "Diluted EPS": 2.31,
        "Total Revenue": 681,
        "Gross Profit": 378,
        "Operating Income": 121,
        "EBIT": 176,
        "Net Income": 108
    },
    "2019-09-30": {
        "Diluted EPS": 4.85,
        "Total Revenue": 648,
        "Gross Profit": 355,
        "Operating Income": 118,
        "EBIT": 171,
        "Net Income": 229
    },
    "2019-06-30": {
        "Diluted EPS": 1.77,
        "Total Revenue": 653,
        "Gross Profit": 352,
        "Operating Income": 107,
        "EBIT": 162,
        "Net Income": 83
    },
    "2019-03-31": {
        "Diluted EPS": 0.87,
        "Total Revenue": 614,
        "Gross Profit": 324,
        "Operating Income": 75,
        "EBIT": 130,
        "Net Income": 41
    },
    "2018-12-31": {
        "Diluted EPS": 1.93,
        "Total Revenue": 642,
        "Gross Profit": 284,
        "Operating Income": 119,
        "EBIT": 174,
        "Net Income": 91
    },
    "2018-09-30": {
        "Diluted EPS": 1.21,
        "Total Revenue": 610,
        "Gross Profit": 343,
        "Operating Income": 82,
        "EBIT": 135,
        "Net Income": 57
    },
    "2018-06-30": {
        "Diluted EPS": -0.05,
        "Total Revenue": 610,
        "Gross Profit": 345,
        "Operating Income": 33,
        "EBIT": 87,
        "Net Income": -2
    },
    "2018-03-31": {
        "Diluted EPS": 1.2,
        "Total Revenue": 587,
        "Gross Profit": 331,
        "Operating Income": 87,
        "EBIT": 141,
        "Net Income": 56
    },
    "2017-12-31": {
        "Diluted EPS": -0.91,
        "Total Revenue": 595,
        "Gross Profit": 331,
        "Operating Income": 91,
        "EBIT": 141,
        "Net Income": -43
    },
    "2017-09-30": {
        "Diluted EPS": 1.65,
        "Total Revenue": 535,
        "Gross Profit": 295,
        "Operating Income": 110,
        "EBIT": 148,
        "Net Income": 77
    },
    "2017-06-30": {
        "Diluted EPS": 1.67,
        "Total Revenue": 529,
        "Gross Profit": 290,
        "Operating Income": 110,
        "EBIT": 148,
        "Net Income": 78
    },
    "2017-03-31": {
        "Diluted EPS": 0.86,
        "Total Revenue": 488,
        "Gross Profit": 256,
        "Operating Income": 61,
        "EBIT": 95,
        "Net Income": 40
    },
    "2016-12-31": {
        "Diluted EPS": 1.28,
        "Total Revenue": 514,
        "Gross Profit": 273,
        "Operating Income": 67,
        "EBIT": 99,
        "Net Income": 61
    },
    "2016-09-30": {
        "Diluted EPS": 1.4,
        "Total Revenue": 456,
        "Gross Profit": 242,
        "Operating Income": 86,
        "EBIT": 118,
        "Net Income": 66
    },
    "2016-06-30": {
        "Diluted EPS": 1.26,
        "Total Revenue": 474,
        "Gross Profit": 256,
        "Operating Income": 98,
        "EBIT": 131,
        "Net Income": 59
    },
    "2016-03-31": {
        "Diluted EPS": 1.04,
        "Total Revenue": 425,
        "Gross Profit": 225,
        "Operating Income": 67,
        "EBIT": 100,
        "Net Income": 51
    },
    "2015-12-31": {
        "Diluted EPS": 2.11,
        "Total Revenue": 485,
        "Gross Profit": 260,
        "Operating Income": 97,
        "EBIT": 130,
        "Net Income": 101
    },
    "2015-09-30": {
        "Diluted EPS": 1.25,
        "Total Revenue": 444,
        "Gross Profit": 228,
        "Operating Income": 77,
        "EBIT": 108,
        "Net Income": 61
    },
    "2015-06-30": {
        "Diluted EPS": 0.93,
        "Total Revenue": 452,
        "Gross Profit": 233,
        "Operating Income": 77,
        "EBIT": 108,
        "Net Income": 45
    },
    "2015-03-31": {
        "Diluted EPS": 0.81,
        "Total Revenue": 429,
        "Gross Profit": 223,
        "Operating Income": 66,
        "EBIT": 95,
        "Net Income": 38
    },
    "2014-12-31": {
        "Diluted EPS": 1.08,
        "Total Revenue": 476,
        "Gross Profit": 241,
        "Operating Income": 69,
        "EBIT": 100,
        "Net Income": 51
    },
    "2014-09-30": {
        "Diluted EPS": 1.18,
        "Total Revenue": 457,
        "Gross Profit": 236,
        "Operating Income": 82,
        "EBIT": 114,
        "Net Income": 55
    },
    "2014-06-30": {
        "Diluted EPS": 1.02,
        "Total Revenue": 468,
        "Gross Profit": 244,
        "Operating Income": 75,
        "EBIT": 107,
        "Net Income": 47
    },
    "2014-03-31": {
        "Diluted EPS": 0.76,
        "Total Revenue": 439,
        "Gross Profit": 221,
        "Operating Income": 59,
        "EBIT": 90,
        "Net Income": 35
    },
    "2013-12-31": {
        "Diluted EPS": 0.76,
        "Total Revenue": 451,
        "Gross Profit": 225,
        "Operating Income": 54,
        "EBIT": 83,
        "Net Income": 35
    },
    "2013-09-30": {
        "Diluted EPS": 1.08,
        "Total Revenue": 414,
        "Gross Profit": 204,
        "Operating Income": 66,
        "EBIT": 93,
        "Net Income": 47
    },
    "2013-06-30": {
        "Diluted EPS": 0.98,
        "Total Revenue": 420,
        "Gross Profit": 209,
        "Operating Income": 64,
        "EBIT": 89,
        "Net Income": 42
    },
    "2013-03-31": {
        "Diluted EPS": 0.63,
        "Total Revenue": 412,
        "Gross Profit": 201,
        "Operating Income": 49,
        "EBIT": 76,
        "Net Income": 27
    },
    "2012-12-31": {
        "Diluted EPS": 0.75,
        "Total Revenue": 419,
        "Gross Profit": 199,
        "Operating Income": 58,
        "EBIT": 84,
        "Net Income": 29
    },
    "2012-09-30": {
        "Diluted EPS": 0.52,
        "Total Revenue": 368,
        "Gross Profit": 181,
        "Operating Income": 50,
        "EBIT": 74,
        "Net Income": 22
    },
    "2012-06-30": {
        "Diluted EPS": 1.04,
        "Total Revenue": 383,
        "Gross Profit": 184,
        "Operating Income": 64,
        "EBIT": 87,
        "Net Income": 43
    },
    "2012-03-31": {
        "Diluted EPS": -6.96,
        "Total Revenue": 381,
        "Gross Profit": 184,
        "Operating Income": -270,
        "EBIT": 84,
        "Net Income": -284
    },
    "2011-12-31": {
        "Diluted EPS": 4.1,
        "Total Revenue": 395,
        "Gross Profit": 187,
        "Operating Income": 63,
        "EBIT": 87,
        "Net Income": 168
    },
    "2011-09-30": {
        "Diluted EPS": 1.07,
        "Total Revenue": 363,
        "Gross Profit": 176,
        "Operating Income": 62,
        "EBIT": 86,
        "Net Income": 44
    },
    "2011-06-30": {
        "Diluted EPS": 0.83,
        "Total Revenue": 381,
        "Gross Profit": 181,
        "Operating Income": 56,
        "EBIT": 80,
        "Net Income": 34
    },
    "2011-03-31": {
        "Diluted EPS": 1.92,
        "Total Revenue": 354,
        "Gross Profit": 165,
        "Operating Income": 50,
        "EBIT": 74,
        "Net Income": 78
    },
    "2010-12-31": {
        "Diluted EPS": 2.01,
        "Total Revenue": 327,
        "Gross Profit": 161,
        "Operating Income": 46,
        "EBIT": 67,
        "Net Income": 81
    },
    "2010-09-30": {
        "Diluted EPS": 0.55,
        "Total Revenue": 345,
        "Gross Profit": 167,
        "Operating Income": 53,
        "EBIT": 77,
        "Net Income": 22
    },
    "2010-06-30": {
        "Diluted EPS": 1.49,
        "Total Revenue": 358,
        "Gross Profit": 174,
        "Operating Income": 64,
        "EBIT": 86,
        "Net Income": 60
    },
    "2010-03-31": {
        "Diluted EPS": 0.94,
        "Total Revenue": 367,
        "Gross Profit": 177,
        "Operating Income": 67,
        "EBIT": 90,
        "Net Income": 38
    },
    "2009-12-31": {
        "Diluted EPS": 1.07,
        "Total Revenue": 115,
        "Gross Profit": 103,
        "Operating Income": 62,
        "EBIT": 72,
        "Net Income": 43
    },
    "2009-09-30": {
        "Diluted EPS": 0.96,
        "Total Revenue": 441,
        "Gross Profit": 196,
        "Operating Income": 68,
        "EBIT": 94,
        "Net Income": 38
    },
    "2009-06-30": {
        "Diluted EPS": 0.16,
        "Total Revenue": 439,
        "Gross Profit": 198,
        "Operating Income": 59,
        "EBIT": 91,
        "Net Income": 6
    },
    "2009-03-31": {
        "Diluted EPS": 5.4,
        "Total Revenue": 440,
        "Gross Profit": 188,
        "Operating Income": 61,
        "EBIT": 89,
        "Net Income": 216
    },
    "2023-09-30": {
        "Tax Effect Of Unusual Items": -18480.0,
        "Tax Rate For Calcs": 0.08,
        "Normalized EBITDA": 230622000.0,
        "Total Unusual Items": -231000.0,
        "Total Unusual Items Excluding Goodwill": -231000.0,
        "Net Income From Continuing Operation Net Minority Interest": 137670000.0,
        "Reconciled Depreciation": 57594000.0,
        "Reconciled Cost Of Revenue": 330078000.0,
        "EBITDA": 230391000.0,
        "EBIT": 172797000.0,
        "Net Interest Income": -15705000.0,
        "Interest Expense": 23192000.0,
        "Interest Income": 7487000.0,
        "Normalized Income": 137882520.0,
        "Net Income From Continuing And Discontinued Operation": 137140000.0,
        "Total Expenses": 580848000.0,
        "Total Operating Income As Reported": 165310000.0,
        "Diluted Average Shares": 47299000.0,
        "Basic Average Shares": 46992000.0,
        "Diluted EPS": 2.9,
        "Basic EPS": 2.92,
        "Diluted NI Availto Com Stockholders": 137140000.0,
        "Net Income Common Stockholders": 137140000.0,
        "Net Income": 137140000.0,
        "Net Income Including Noncontrolling Interests": 137140000.0,
        "Net Income Discontinuous Operations": -530000.0,
        "Net Income Continuous Operations": 137670000.0,
        "Tax Provision": 11935000.0,
        "Pretax Income": 149605000.0,
        "Other Income Expense": -231000.0,
        "Special Income Charges": -231000.0,
        "Gain On Sale Of Business": 846000.0,
        "Other Special Charges": NaN,
        "Write Off": NaN,
        "Restructuring And Mergern Acquisition": 1077000.0,
        "Net Non Operating Interest Income Expense": -15705000.0,
        "Interest Expense Non Operating": 23192000.0,
        "Interest Income Non Operating": 7487000.0,
        "Operating Income": 165541000.0,
        "Operating Expense": 250770000.0,
        "Research And Development": 37576000.0,
        "Selling General And Administration": 213194000.0,
        "General And Administrative Expense": NaN,
        "Other Gand A": NaN,
        "Salaries And Wages": NaN,
        "Gross Profit": 416311000.0,
        "Cost Of Revenue": 330078000.0,
        "Total Revenue": 746389000.0,
        "Operating Revenue": 746389000.0
    },
    "2023-12-31": {
        "Tax Effect Of Unusual Items": -11012400.0,
        "Tax Rate For Calcs": 0.21,
        "Normalized EBITDA": 202404000.0,
        "Total Unusual Items": -52440000.0,
        "Total Unusual Items Excluding Goodwill": -52440000.0,
        "Net Income From Continuing Operation Net Minority Interest": 31183000.0,
        "Reconciled Depreciation": 64201000.0,
        "Reconciled Cost Of Revenue": 342492000.0,
        "EBITDA": 149964000.0,
        "EBIT": 85763000.0,
        "Net Interest Income": -22496000.0,
        "Interest Expense": 25791000.0,
        "Interest Income": 3295000.0,
        "Normalized Income": 72610600.0,
        "Net Income From Continuing And Discontinued Operation": 31105000.0,
        "Total Expenses": 639001000.0,
        "Total Operating Income As Reported": 82468000.0,
        "Diluted Average Shares": 47301000.0,
        "Basic Average Shares": 47002000.0,
        "Diluted EPS": 0.66,
        "Basic EPS": 0.66,
        "Diluted NI Availto Com Stockholders": 31105000.0,
        "Net Income Common Stockholders": 31105000.0,
        "Net Income": 31105000.0,
        "Net Income Including Noncontrolling Interests": 31105000.0,
        "Net Income Discontinuous Operations": -78000.0,
        "Net Income Continuous Operations": 31183000.0,
        "Tax Provision": 28789000.0,
        "Pretax Income": 59972000.0,
        "Other Income Expense": -52440000.0,
        "Special Income Charges": -52440000.0,
        "Gain On Sale Of Business": 4448000.0,
        "Other Special Charges": NaN,
        "Write Off": NaN,
        "Restructuring And Mergern Acquisition": 11644000.0,
        "Net Non Operating Interest Income Expense": -22496000.0,
        "Interest Expense Non Operating": 25791000.0,
        "Interest Income Non Operating": 3295000.0,
        "Operating Income": 134908000.0,
        "Operating Expense": 296509000.0,
        "Research And Development": 35858000.0,
        "Selling General And Administration": 260651000.0,
        "General And Administrative Expense": NaN,
        "Other Gand A": NaN,
        "Salaries And Wages": NaN,
        "Gross Profit": 431417000.0,
        "Cost Of Revenue": 342492000.0,
        "Total Revenue": 773909000.0,
        "Operating Revenue": 773909000.0
    },
    "2024-03-31": {
        "Tax Effect Of Unusual Items": -558390.0,
        "Tax Rate For Calcs": 0.21,
        "Normalized EBITDA": 65576000.0,
        "Total Unusual Items": -2659000.0,
        "Total Unusual Items Excluding Goodwill": -2659000.0,
        "Net Income From Continuing Operation Net Minority Interest": 15741000.0,
        "Reconciled Depreciation": 66044000.0,
        "Reconciled Cost Of Revenue": 321715000.0,
        "EBITDA": 62917000.0,
        "EBIT": -3127000.0,
        "Net Interest Income": -21017000.0,
        "Interest Expense": 22683000.0,
        "Interest Income": 1666000.0,
        "Normalized Income": 17841610.0,
        "Net Income From Continuing And Discontinued Operation": 15289000.0,
        "Total Expenses": 739983000.0,
        "Total Operating Income As Reported": -4793000.0,
        "Diluted Average Shares": 47394000.0,
        "Basic Average Shares": 47068000.0,
        "Diluted EPS": 0.32,
        "Basic EPS": 0.32,
        "Diluted NI Availto Com Stockholders": 15289000.0,
        "Net Income Common Stockholders": 15289000.0,
        "Net Income": 15289000.0,
        "Net Income Including Noncontrolling Interests": 15289000.0,
        "Net Income Discontinuous Operations": -452000.0,
        "Net Income Continuous Operations": 15741000.0,
        "Tax Provision": -41551000.0,
        "Pretax Income": -25810000.0,
        "Other Income Expense": -2659000.0,
        "Special Income Charges": -2659000.0,
        "Gain On Sale Of Business": NaN,
        "Other Special Charges": NaN,
        "Write Off": 2110000.0,
        "Restructuring And Mergern Acquisition": 549000.0,
        "Net Non Operating Interest Income Expense": -21017000.0,
        "Interest Expense Non Operating": 22683000.0,
        "Interest Income Non Operating": 1666000.0,
        "Operating Income": -2134000.0,
        "Operating Expense": 418268000.0,
        "Research And Development": 37299000.0,
        "Selling General And Administration": 380969000.0,
        "General And Administrative Expense": 380969000.0,
        "Other Gand A": 242830000.0,
        "Salaries And Wages": 138139000.0,
        "Gross Profit": 416134000.0,
        "Cost Of Revenue": 321715000.0,
        "Total Revenue": 737849000.0,
        "Operating Revenue": 737849000.0
    },
    "2024-06-30": {
        "Tax Effect Of Unusual Items": -1398190.0,
        "Tax Rate For Calcs": 0.178,
        "Normalized EBITDA": 194649000.0,
        "Total Unusual Items": -7855000.0,
        "Total Unusual Items Excluding Goodwill": -7855000.0,
        "Net Income From Continuing Operation Net Minority Interest": 80165000.0,
        "Reconciled Depreciation": 68129000.0,
        "Reconciled Cost Of Revenue": 333233000.0,
        "EBITDA": 186794000.0,
        "EBIT": 118665000.0,
        "Net Interest Income": -19381000.0,
        "Interest Expense": 21168000.0,
        "Interest Income": 1787000.0,
        "Normalized Income": 86621810.0,
        "Net Income From Continuing And Discontinued Operation": 80038000.0,
        "Total Expenses": 624958000.0,
        "Total Operating Income As Reported": 116878000.0,
        "Diluted Average Shares": 47361000.0,
        "Basic Average Shares": 47151000.0,
        "Diluted EPS": 1.69,
        "Basic EPS": 1.7,
        "Diluted NI Availto Com Stockholders": 80038000.0,
        "Net Income Common Stockholders": 80038000.0,
        "Net Income": 80038000.0,
        "Net Income Including Noncontrolling Interests": 80038000.0,
        "Net Income Discontinuous Operations": -127000.0,
        "Net Income Continuous Operations": 80165000.0,
        "Tax Provision": 17332000.0,
        "Pretax Income": 97497000.0,
        "Other Income Expense": -7855000.0,
        "Special Income Charges": -7855000.0,
        "Gain On Sale Of Business": NaN,
        "Other Special Charges": NaN,
        "Write Off": NaN,
        "Restructuring And Mergern Acquisition": 7855000.0,
        "Net Non Operating Interest Income Expense": -19381000.0,
        "Interest Expense Non Operating": 21168000.0,
        "Interest Income Non Operating": 1787000.0,
        "Operating Income": 124733000.0,
        "Operating Expense": 291725000.0,
        "Research And Development": 41094000.0,
        "Selling General And Administration": 250631000.0,
        "General And Administrative Expense": NaN,
        "Other Gand A": NaN,
        "Salaries And Wages": NaN,
        "Gross Profit": 416458000.0,
        "Cost Of Revenue": 333233000.0,
        "Total Revenue": 749691000.0,
        "Operating Revenue": 749691000.0
    },
    "2024-09-30": {
        "Tax Effect Of Unusual Items": 768300.0,
        "Tax Rate For Calcs": 0.15,
        "Normalized EBITDA": 215123000.0,
        "Total Unusual Items": 5122000.0,
        "Total Unusual Items Excluding Goodwill": 5122000.0,
        "Net Income From Continuing Operation Net Minority Interest": 110918000.0,
        "Reconciled Depreciation": 68636000.0,
        "Reconciled Cost Of Revenue": 334203000.0,
        "EBITDA": 220245000.0,
        "EBIT": 151609000.0,
        "Net Interest Income": -18760000.0,
        "Interest Expense": 21058000.0,
        "Interest Income": 2298000.0,
        "Normalized Income": 106564300.0,
        "Net Income From Continuing And Discontinued Operation": 111004000.0,
        "Total Expenses": 620186000.0,
        "Total Operating Income As Reported": 149311000.0,
        "Diluted Average Shares": 47012000.0,
        "Basic Average Shares": 46724000.0,
        "Diluted EPS": 2.36,
        "Basic EPS": 2.38,
        "Diluted NI Availto Com Stockholders": 111004000.0,
        "Net Income Common Stockholders": 111004000.0,
        "Net Income": 111004000.0,
        "Net Income Including Noncontrolling Interests": 111004000.0,
        "Net Income Discontinuous Operations": 86000.0,
        "Net Income Continuous Operations": 110918000.0,
        "Tax Provision": 19633000.0,
        "Pretax Income": 130551000.0,
        "Other Income Expense": 5122000.0,
        "Special Income Charges": 5122000.0,
        "Gain On Sale Of Business": NaN,
        "Other Special Charges": -5407000.0,
        "Write Off": NaN,
        "Restructuring And Mergern Acquisition": 285000.0,
        "Net Non Operating Interest Income Expense": -18760000.0,
        "Interest Expense Non Operating": 21058000.0,
        "Interest Income Non Operating": 2298000.0,
        "Operating Income": 144189000.0,
        "Operating Expense": 285983000.0,
        "Research And Development": 38726000.0,
        "Selling General And Administration": 247257000.0,
        "General And Administrative Expense": NaN,
        "Other Gand A": NaN,
        "Salaries And Wages": NaN,
        "Gross Profit": 430172000.0,
        "Cost Of Revenue": 334203000.0,
        "Total Revenue": 764375000.0,
        "Operating Revenue": 764375000.0
    }
}