{
    "2023-03-31": {
        "Tax Effect Of Unusual Items": NaN,
        "Tax Rate For Calcs": NaN,
        "Normalized EBITDA": NaN,
        "Total Unusual Items": NaN,
        "Total Unusual Items Excluding Goodwill": NaN,
        "Net Income From Continuing Operation Net Minority Interest": NaN,
        "Reconciled Depreciation": NaN,
        "Reconciled Cost Of Revenue": NaN,
        "EBITDA": NaN,
        "EBIT": NaN,
        "Net Interest Income": NaN,
        "Interest Expense": NaN,
        "Normalized Income": NaN,
        "Net Income From Continuing And Discontinued Operation": NaN,
        "Total Expenses": NaN,
        "Total Operating Income As Reported": NaN,
        "Diluted Average Shares": NaN,
        "Basic Average Shares": NaN,
        "Diluted EPS": NaN,
        "Basic EPS": NaN,
        "Diluted NI Availto Com Stockholders": NaN,
        "Average Dilution Earnings": NaN,
        "Net Income Common Stockholders": NaN,
        "Net Income": NaN,
        "Net Income Including Noncontrolling Interests": NaN,
        "Net Income Discontinuous Operations": NaN,
        "Net Income Continuous Operations": NaN,
        "Tax Provision": NaN,
        "Pretax Income": NaN,
        "Other Income Expense": NaN,
        "Other Non Operating Income Expenses": NaN,
        "Special Income Charges": NaN,
        "Gain On Sale Of Ppe": NaN,
        "Other Special Charges": NaN,
        "Restructuring And Mergern Acquisition": NaN,
        "Gain On Sale Of Security": 3146000.0,
        "Net Non Operating Interest Income Expense": NaN,
        "Interest Expense Non Operating": NaN,
        "Operating Income": NaN,
        "Operating Expense": NaN,
        "Depreciation Amortization Depletion Income Statement": NaN,
        "Depreciation And Amortization In Income Statement": NaN,
        "Selling General And Administration": NaN,
        "Gross Profit": NaN,
        "Cost Of Revenue": NaN,
        "Total Revenue": NaN,
        "Operating Revenue": NaN
    },
    "2022-12-31": {
        "Tax Effect Of Unusual Items": NaN,
        "Tax Rate For Calcs": NaN,
        "Normalized EBITDA": NaN,
        "Total Unusual Items": NaN,
        "Total Unusual Items Excluding Goodwill": NaN,
        "Net Income From Continuing Operation Net Minority Interest": NaN,
        "Reconciled Depreciation": NaN,
        "Reconciled Cost Of Revenue": NaN,
        "EBITDA": NaN,
        "EBIT": NaN,
        "Net Interest Income": NaN,
        "Interest Expense": NaN,
        "Normalized Income": NaN,
        "Net Income From Continuing And Discontinued Operation": NaN,
        "Total Expenses": NaN,
        "Total Operating Income As Reported": NaN,
        "Diluted Average Shares": NaN,
        "Basic Average Shares": NaN,
        "Diluted EPS": NaN,
        "Basic EPS": NaN,
        "Diluted NI Availto Com Stockholders": NaN,
        "Average Dilution Earnings": -5730000.0,
        "Net Income Common Stockholders": NaN,
        "Net Income": NaN,
        "Net Income Including Noncontrolling Interests": NaN,
        "Net Income Discontinuous Operations": 5440000.0,
        "Net Income Continuous Operations": NaN,
        "Tax Provision": NaN,
        "Pretax Income": NaN,
        "Other Income Expense": NaN,
        "Other Non Operating Income Expenses": NaN,
        "Special Income Charges": NaN,
        "Gain On Sale Of Ppe": NaN,
        "Other Special Charges": NaN,
        "Restructuring And Mergern Acquisition": NaN,
        "Gain On Sale Of Security": 5537000.0,
        "Net Non Operating Interest Income Expense": NaN,
        "Interest Expense Non Operating": NaN,
        "Operating Income": NaN,
        "Operating Expense": NaN,
        "Depreciation Amortization Depletion Income Statement": NaN,
        "Depreciation And Amortization In Income Statement": NaN,
        "Selling General And Administration": NaN,
        "Gross Profit": NaN,
        "Cost Of Revenue": NaN,
        "Total Revenue": NaN,
        "Operating Revenue": NaN
    },
    "2022-09-30": {
        "Tax Effect Of Unusual Items": NaN,
        "Tax Rate For Calcs": NaN,
        "Normalized EBITDA": NaN,
        "Total Unusual Items": NaN,
        "Total Unusual Items Excluding Goodwill": NaN,
        "Net Income From Continuing Operation Net Minority Interest": NaN,
        "Reconciled Depreciation": NaN,
        "Reconciled Cost Of Revenue": NaN,
        "EBITDA": NaN,
        "EBIT": NaN,
        "Net Interest Income": NaN,
        "Interest Expense": NaN,
        "Normalized Income": NaN,
        "Net Income From Continuing And Discontinued Operation": NaN,
        "Total Expenses": NaN,
        "Total Operating Income As Reported": NaN,
        "Diluted Average Shares": NaN,
        "Basic Average Shares": NaN,
        "Diluted EPS": NaN,
        "Basic EPS": NaN,
        "Diluted NI Availto Com Stockholders": NaN,
        "Average Dilution Earnings": NaN,
        "Net Income Common Stockholders": NaN,
        "Net Income": NaN,
        "Net Income Including Noncontrolling Interests": NaN,
        "Net Income Discontinuous Operations": NaN,
        "Net Income Continuous Operations": NaN,
        "Tax Provision": NaN,
        "Pretax Income": NaN,
        "Other Income Expense": NaN,
        "Other Non Operating Income Expenses": NaN,
        "Special Income Charges": NaN,
        "Gain On Sale Of Ppe": NaN,
        "Other Special Charges": NaN,
        "Restructuring And Mergern Acquisition": NaN,
        "Gain On Sale Of Security": NaN,
        "Net Non Operating Interest Income Expense": NaN,
        "Interest Expense Non Operating": NaN,
        "Operating Income": NaN,
        "Operating Expense": NaN,
        "Depreciation Amortization Depletion Income Statement": NaN,
        "Depreciation And Amortization In Income Statement": NaN,
        "Selling General And Administration": NaN,
        "General And Administrative Expense": 60418000.0,
        "Other Gand A": 60418000.0,
        "Gross Profit": NaN,
        "Cost Of Revenue": NaN,
        "Total Revenue": NaN,
        "Operating Revenue": NaN
    },
    "2022-06-30": {
        "Tax Effect Of Unusual Items": -279600.0,
        "Tax Rate For Calcs": 0.4,
        "Normalized EBITDA": 33825000.0,
        "Total Unusual Items": -699000.0,
        "Total Unusual Items Excluding Goodwill": -699000.0,
        "Net Income From Continuing Operation Net Minority Interest": -10342000.0,
        "Reconciled Depreciation": 9806000.0,
        "Reconciled Cost Of Revenue": 272400000.0,
        "EBITDA": 33126000.0,
        "EBIT": 23320000.0,
        "Net Interest Income": -31912000.0,
        "Interest Expense": 31912000.0,
        "Normalized Income": -9922600.0,
        "Net Income From Continuing And Discontinued Operation": -10342000.0,
        "Total Expenses": 333951000.0,
        "Total Operating Income As Reported": 14734000.0,
        "Diluted Average Shares": 64820000.0,
        "Basic Average Shares": 64820000.0,
        "Diluted EPS": -0.16,
        "Basic EPS": -0.16,
        "Diluted NI Availto Com Stockholders": -10342000.0,
        "Average Dilution Earnings": NaN,
        "Net Income Common Stockholders": -10342000.0,
        "Net Income": -10342000.0,
        "Net Income Including Noncontrolling Interests": -10342000.0,
        "Net Income Continuous Operations": -10342000.0,
        "Tax Provision": 1750000.0,
        "Pretax Income": -8592000.0,
        "Other Income Expense": 7887000.0,
        "Other Non Operating Income Expenses": 8586000.0,
        "Special Income Charges": -699000.0,
        "Gain On Sale Of Ppe": 0.0,
        "Other Special Charges": NaN,
        "Impairment Of Capital Assets": NaN,
        "Restructuring And Mergern Acquisition": 699000.0,
        "Gain On Sale Of Security": NaN,
        "Net Non Operating Interest Income Expense": -31912000.0,
        "Interest Expense Non Operating": 31912000.0,
        "Operating Income": 15433000.0,
        "Operating Expense": 61551000.0,
        "Depreciation Amortization Depletion Income Statement": 9806000.0,
        "Depreciation And Amortization In Income Statement": 9806000.0,
        "Selling General And Administration": 51745000.0,
        "General And Administrative Expense": NaN,
        "Other Gand A": NaN,
        "Gross Profit": 76984000.0,
        "Cost Of Revenue": 272400000.0,
        "Total Revenue": 349384000.0,
        "Operating Revenue": 349384000.0
    },
    "2023-06-30": {
        "Tax Effect Of Unusual Items": NaN,
        "Tax Rate For Calcs": NaN,
        "Normalized EBITDA": NaN,
        "Total Unusual Items": NaN,
        "Total Unusual Items Excluding Goodwill": NaN,
        "Net Income From Continuing Operation Net Minority Interest": NaN,
        "Reconciled Depreciation": NaN,
        "Reconciled Cost Of Revenue": NaN,
        "EBITDA": NaN,
        "EBIT": NaN,
        "Net Interest Income": NaN,
        "Interest Expense": NaN,
        "Normalized Income": NaN,
        "Net Income From Continuing And Discontinued Operation": NaN,
        "Total Expenses": NaN,
        "Total Operating Income As Reported": NaN,
        "Diluted Average Shares": NaN,
        "Basic Average Shares": NaN,
        "Diluted EPS": NaN,
        "Basic EPS": NaN,
        "Diluted NI Availto Com Stockholders": NaN,
        "Average Dilution Earnings": NaN,
        "Net Income Common Stockholders": NaN,
        "Net Income": NaN,
        "Net Income Including Noncontrolling Interests": NaN,
        "Net Income Discontinuous Operations": NaN,
        "Net Income Continuous Operations": NaN,
        "Tax Provision": NaN,
        "Pretax Income": NaN,
        "Other Income Expense": NaN,
        "Other Non Operating Income Expenses": NaN,
        "Special Income Charges": NaN,
        "Gain On Sale Of Ppe": NaN,
        "Other Special Charges": -3391000.0,
        "Restructuring And Mergern Acquisition": NaN,
        "Gain On Sale Of Security": 8001000.0,
        "Net Non Operating Interest Income Expense": NaN,
        "Interest Expense Non Operating": NaN,
        "Operating Income": NaN,
        "Operating Expense": NaN,
        "Depreciation Amortization Depletion Income Statement": NaN,
        "Depreciation And Amortization In Income Statement": NaN,
        "Selling General And Administration": NaN,
        "Gross Profit": NaN,
        "Cost Of Revenue": NaN,
        "Total Revenue": NaN,
        "Operating Revenue": NaN
    },
    "2022-03-31": {
        "Diluted EPS": -0.16,
        "Total Revenue": 387,
        "Gross Profit": 102,
        "Operating Income": 39,
        "EBIT": 50,
        "Net Income": -11
    },
    "2021-12-31": {
        "Diluted EPS": 0.11,
        "Total Revenue": 319,
        "Gross Profit": 87,
        "Operating Income": 28,
        "EBIT": 41,
        "Net Income": 7
    },
    "2021-09-30": {
        "Diluted EPS": -0.14,
        "Total Revenue": 357,
        "Gross Profit": 95,
        "Operating Income": 16,
        "EBIT": 30,
        "Net Income": -9
    },
    "2021-06-30": {
        "Diluted EPS": -0.47,
        "Total Revenue": 397,
        "Gross Profit": 103,
        "Operating Income": 21,
        "EBIT": 39,
        "Net Income": -30
    },
    "2021-03-31": {
        "Diluted EPS": -1.29,
        "Total Revenue": 467,
        "Gross Profit": 107,
        "Operating Income": -46,
        "EBIT": -27,
        "Net Income": -74
    },
    "2020-12-31": {
        "Diluted EPS": -1.3,
        "Total Revenue": 426,
        "Gross Profit": 85,
        "Operating Income": -35,
        "EBIT": -18,
        "Net Income": -68
    },
    "2020-09-30": {
        "Diluted EPS": -0.64,
        "Total Revenue": 482,
        "Gross Profit": 100,
        "Operating Income": 7,
        "EBIT": 282,
        "Net Income": -33
    },
    "2020-06-30": {
        "Diluted EPS": -5.32,
        "Total Revenue": 495,
        "Gross Profit": 101,
        "Operating Income": -252,
        "EBIT": -233,
        "Net Income": -276
    },
    "2020-03-31": {
        "Diluted EPS": -1.52,
        "Total Revenue": 693,
        "Gross Profit": 136,
        "Operating Income": -40,
        "EBIT": 43,
        "Net Income": -77
    },
    "2019-12-31": {
        "Diluted EPS": -0.26,
        "Total Revenue": 705,
        "Gross Profit": 158,
        "Operating Income": 2,
        "EBIT": 17,
        "Net Income": -13
    },
    "2019-09-30": {
        "Diluted EPS": 0.84,
        "Total Revenue": 772,
        "Gross Profit": 150,
        "Operating Income": 61,
        "EBIT": 74,
        "Net Income": 42
    },
    "2019-06-30": {
        "Diluted EPS": 0.36,
        "Total Revenue": 730,
        "Gross Profit": 148,
        "Operating Income": 36,
        "EBIT": 65,
        "Net Income": 18
    },
    "2019-03-31": {
        "Diluted EPS": -4.12,
        "Total Revenue": 869,
        "Gross Profit": 152,
        "Operating Income": -189,
        "EBIT": -170,
        "Net Income": -205
    },
    "2018-12-31": {
        "Diluted EPS": -0.62,
        "Total Revenue": 808,
        "Gross Profit": 95,
        "Operating Income": -17,
        "EBIT": 8,
        "Net Income": -31
    },
    "2018-09-30": {
        "Diluted EPS": -0.3,
        "Total Revenue": 855,
        "Gross Profit": 131,
        "Operating Income": -2,
        "EBIT": 22,
        "Net Income": -15
    },
    "2018-06-30": {
        "Diluted EPS": -1.54,
        "Total Revenue": 833,
        "Gross Profit": 63,
        "Operating Income": -67,
        "EBIT": -43,
        "Net Income": -77
    },
    "2018-03-31": {
        "Diluted EPS": -6.16,
        "Total Revenue": 897,
        "Gross Profit": 164,
        "Operating Income": -310,
        "EBIT": 42,
        "Net Income": -305
    },
    "2017-12-31": {
        "Diluted EPS": -2.29,
        "Total Revenue": 775,
        "Gross Profit": 144,
        "Operating Income": -154,
        "EBIT": 43,
        "Net Income": -113
    },
    "2017-09-30": {
        "Diluted EPS": -0.11,
        "Total Revenue": 745,
        "Gross Profit": 147,
        "Operating Income": 0,
        "EBIT": 17,
        "Net Income": -5
    },
    "2017-06-30": {
        "Diluted EPS": -0.04,
        "Total Revenue": 782,
        "Gross Profit": 136,
        "Operating Income": -1,
        "EBIT": 12,
        "Net Income": -2
    },
    "2017-03-31": {
        "Diluted EPS": -2.56,
        "Total Revenue": 920,
        "Gross Profit": 198,
        "Operating Income": -204,
        "EBIT": 74,
        "Net Income": -127
    },
    "2016-12-31": {
        "Diluted EPS": 0.59,
        "Total Revenue": 845,
        "Gross Profit": 192,
        "Operating Income": 55,
        "EBIT": 72,
        "Net Income": 29
    },
    "2016-09-30": {
        "Diluted EPS": 0.7,
        "Total Revenue": 875,
        "Gross Profit": 201,
        "Operating Income": 70,
        "EBIT": 87,
        "Net Income": 35
    },
    "2016-06-30": {
        "Diluted EPS": 0.4,
        "Total Revenue": 893,
        "Gross Profit": 167,
        "Operating Income": 47,
        "EBIT": 64,
        "Net Income": 20
    },
    "2016-03-31": {
        "Diluted EPS": -22.01,
        "Total Revenue": NaN,
        "Gross Profit": -385,
        "Operating Income": NaN,
        "EBIT": -289,
        "Net Income": NaN
    },
    "2015-12-31": {
        "Diluted EPS": -1.8,
        "Total Revenue": 914,
        "Gross Profit": 222,
        "Operating Income": -126,
        "EBIT": -119,
        "Net Income": -89
    },
    "2015-09-30": {
        "Diluted EPS": 1.25,
        "Total Revenue": 955,
        "Gross Profit": 224,
        "Operating Income": 110,
        "EBIT": 123,
        "Net Income": 62
    },
    "2015-06-30": {
        "Diluted EPS": 1.27,
        "Total Revenue": 960,
        "Gross Profit": 228,
        "Operating Income": 108,
        "EBIT": 117,
        "Net Income": 63
    },
    "2015-03-31": {
        "Diluted EPS": 1.69,
        "Total Revenue": NaN,
        "Gross Profit": 263,
        "Operating Income": 141,
        "EBIT": 147,
        "Net Income": 83
    },
    "2014-12-31": {
        "Diluted EPS": -0.79,
        "Total Revenue": 917,
        "Gross Profit": 49,
        "Operating Income": -61,
        "EBIT": -36,
        "Net Income": -40
    },
    "2014-09-30": {
        "Diluted EPS": 1.32,
        "Total Revenue": 994,
        "Gross Profit": 223,
        "Operating Income": 115,
        "EBIT": 140,
        "Net Income": 67
    },
    "2014-06-30": {
        "Diluted EPS": 2.46,
        "Total Revenue": 897,
        "Gross Profit": 212,
        "Operating Income": 241,
        "EBIT": 274,
        "Net Income": 128
    },
    "2014-03-31": {
        "Diluted EPS": 0.8,
        "Total Revenue": 936,
        "Gross Profit": 212,
        "Operating Income": 81,
        "EBIT": 118,
        "Net Income": 42
    },
    "2013-12-31": {
        "Diluted EPS": 0.67,
        "Total Revenue": 916,
        "Gross Profit": 196,
        "Operating Income": 85,
        "EBIT": 118,
        "Net Income": 35
    },
    "2013-09-30": {
        "Diluted EPS": 0.94,
        "Total Revenue": 967,
        "Gross Profit": 196,
        "Operating Income": 93,
        "EBIT": 123,
        "Net Income": 50
    },
    "2013-06-30": {
        "Diluted EPS": 1.5,
        "Total Revenue": 944,
        "Gross Profit": 247,
        "Operating Income": 141,
        "EBIT": 169,
        "Net Income": 79
    },
    "2013-03-31": {
        "Diluted EPS": 1.25,
        "Total Revenue": 986,
        "Gross Profit": 242,
        "Operating Income": 113,
        "EBIT": 141,
        "Net Income": 66
    },
    "2012-12-31": {
        "Diluted EPS": 1.43,
        "Total Revenue": 891,
        "Gross Profit": 227,
        "Operating Income": 134,
        "EBIT": 161,
        "Net Income": 75
    },
    "2012-09-30": {
        "Diluted EPS": 1.53,
        "Total Revenue": 938,
        "Gross Profit": 235,
        "Operating Income": 143,
        "EBIT": 169,
        "Net Income": 80
    },
    "2012-06-30": {
        "Diluted EPS": 1.46,
        "Total Revenue": 888,
        "Gross Profit": 236,
        "Operating Income": 141,
        "EBIT": 167,
        "Net Income": 76
    },
    "2012-03-31": {
        "Diluted EPS": 2.03,
        "Total Revenue": 946,
        "Gross Profit": 240,
        "Operating Income": 183,
        "EBIT": 207,
        "Net Income": 106
    },
    "2011-12-31": {
        "Diluted EPS": 1.27,
        "Total Revenue": 826,
        "Gross Profit": 207,
        "Operating Income": 118,
        "EBIT": 144,
        "Net Income": 66
    },
    "2011-09-30": {
        "Diluted EPS": 1.13,
        "Total Revenue": 791,
        "Gross Profit": 199,
        "Operating Income": 108,
        "EBIT": 133,
        "Net Income": 58
    },
    "2011-06-30": {
        "Diluted EPS": 0.98,
        "Total Revenue": 845,
        "Gross Profit": 196,
        "Operating Income": 105,
        "EBIT": 134,
        "Net Income": 50
    },
    "2011-03-31": {
        "Diluted EPS": 1.15,
        "Total Revenue": 919,
        "Gross Profit": 210,
        "Operating Income": 108,
        "EBIT": 131,
        "Net Income": 52
    },
    "2010-12-31": {
        "Diluted EPS": 0.88,
        "Total Revenue": 811,
        "Gross Profit": 180,
        "Operating Income": 87,
        "EBIT": 104,
        "Net Income": 45
    },
    "2010-09-30": {
        "Diluted EPS": 0.83,
        "Total Revenue": 768,
        "Gross Profit": 174,
        "Operating Income": 86,
        "EBIT": 105,
        "Net Income": 42
    },
    "2010-06-30": {
        "Diluted EPS": 0.3,
        "Total Revenue": 407,
        "Gross Profit": 109,
        "Operating Income": 33,
        "EBIT": 48,
        "Net Income": 11
    },
    "2010-03-31": {
        "Diluted EPS": 0.73,
        "Total Revenue": 352,
        "Gross Profit": 102,
        "Operating Income": 47,
        "EBIT": 62,
        "Net Income": 25
    },
    "2009-12-31": {
        "Diluted EPS": 0.17,
        "Total Revenue": 314,
        "Gross Profit": 85,
        "Operating Income": 33,
        "EBIT": 46,
        "Net Income": 6
    },
    "2009-09-30": {
        "Diluted EPS": 0.59,
        "Total Revenue": 313,
        "Gross Profit": 90,
        "Operating Income": 37,
        "EBIT": 52,
        "Net Income": 19
    },
    "2009-06-30": {
        "Diluted EPS": 0.55,
        "Total Revenue": 316,
        "Gross Profit": 92,
        "Operating Income": 38,
        "EBIT": 52,
        "Net Income": 18
    },
    "2009-03-31": {
        "Diluted EPS": 0.65,
        "Total Revenue": 311,
        "Gross Profit": 90,
        "Operating Income": 35,
        "EBIT": 48,
        "Net Income": 21
    },
    "2023-09-30": {
        "Tax Effect Of Unusual Items": -344190.0,
        "Tax Rate For Calcs": 0.21,
        "Normalized EBITDA": 34224000.0,
        "Total Unusual Items": -1639000.0,
        "Total Unusual Items Excluding Goodwill": -1639000.0,
        "Net Income From Continuing Operation Net Minority Interest": -6309000.0,
        "Reconciled Depreciation": 8042000.0,
        "Reconciled Cost Of Revenue": 209137000.0,
        "EBITDA": 32585000.0,
        "EBIT": 24543000.0,
        "Net Interest Income": -29833000.0,
        "Interest Expense": 29833000.0,
        "Normalized Income": -5014190.0,
        "Net Income From Continuing And Discontinued Operation": -1296000.0,
        "Total Expenses": 259316000.0,
        "Total Operating Income As Reported": 22491000.0,
        "Diluted Average Shares": 76447000.0,
        "Basic Average Shares": 76447000.0,
        "Diluted EPS": -0.02,
        "Basic EPS": -0.02,
        "Diluted NI Availto Com Stockholders": -1296000.0,
        "Average Dilution Earnings": NaN,
        "Net Income Common Stockholders": -1296000.0,
        "Net Income": -1296000.0,
        "Net Income Including Noncontrolling Interests": -1296000.0,
        "Net Income Discontinuous Operations": 5013000.0,
        "Net Income Continuous Operations": -6309000.0,
        "Tax Provision": 1019000.0,
        "Pretax Income": -5290000.0,
        "Other Income Expense": -819000.0,
        "Other Non Operating Income Expenses": 820000.0,
        "Special Income Charges": -2183000.0,
        "Gain On Sale Of Ppe": 409000.0,
        "Other Special Charges": 650000.0,
        "Restructuring And Mergern Acquisition": 1942000.0,
        "Gain On Sale Of Security": 544000.0,
        "Net Non Operating Interest Income Expense": -29833000.0,
        "Interest Expense Non Operating": 29833000.0,
        "Operating Income": 25362000.0,
        "Operating Expense": 49451000.0,
        "Depreciation Amortization Depletion Income Statement": 7314000.0,
        "Depreciation And Amortization In Income Statement": 7314000.0,
        "Selling General And Administration": 42137000.0,
        "Gross Profit": 74813000.0,
        "Cost Of Revenue": 209865000.0,
        "Total Revenue": 284678000.0,
        "Operating Revenue": 284678000.0
    },
    "2023-12-31": {
        "Tax Effect Of Unusual Items": 210630.0,
        "Tax Rate For Calcs": 0.21,
        "Normalized EBITDA": 30102000.0,
        "Total Unusual Items": 1003000.0,
        "Total Unusual Items Excluding Goodwill": 1003000.0,
        "Net Income From Continuing Operation Net Minority Interest": -11911000.0,
        "Reconciled Depreciation": 9528000.0,
        "Reconciled Cost Of Revenue": 212827000.0,
        "EBITDA": 31105000.0,
        "EBIT": 21577000.0,
        "Net Interest Income": -32419000.0,
        "Interest Expense": 32419000.0,
        "Normalized Income": -12703370.0,
        "Net Income From Continuing And Discontinued Operation": -15902000.0,
        "Total Expenses": 265201000.0,
        "Total Operating Income As Reported": 19711000.0,
        "Diluted Average Shares": 76895000.0,
        "Basic Average Shares": 76895000.0,
        "Diluted EPS": -0.2,
        "Basic EPS": -0.2,
        "Diluted NI Availto Com Stockholders": -15902000.0,
        "Average Dilution Earnings": 0.0,
        "Net Income Common Stockholders": -15902000.0,
        "Net Income": -15902000.0,
        "Net Income Including Noncontrolling Interests": -15902000.0,
        "Net Income Discontinuous Operations": -3991000.0,
        "Net Income Continuous Operations": -11911000.0,
        "Tax Provision": 1069000.0,
        "Pretax Income": -10842000.0,
        "Other Income Expense": 1823000.0,
        "Other Non Operating Income Expenses": 820000.0,
        "Special Income Charges": 1003000.0,
        "Gain On Sale Of Ppe": 0.0,
        "Other Special Charges": -1046000.0,
        "Restructuring And Mergern Acquisition": 43000.0,
        "Gain On Sale Of Security": NaN,
        "Net Non Operating Interest Income Expense": -32419000.0,
        "Interest Expense Non Operating": 32419000.0,
        "Operating Income": 19754000.0,
        "Operating Expense": 50229000.0,
        "Depreciation Amortization Depletion Income Statement": 7383000.0,
        "Depreciation And Amortization In Income Statement": 7383000.0,
        "Selling General And Administration": 42846000.0,
        "Gross Profit": 69983000.0,
        "Cost Of Revenue": 214972000.0,
        "Total Revenue": 284955000.0,
        "Operating Revenue": 284955000.0
    },
    "2024-03-31": {
        "Tax Effect Of Unusual Items": -3738840.0,
        "Tax Rate For Calcs": 0.21,
        "Normalized EBITDA": 63272000.0,
        "Total Unusual Items": -17804000.0,
        "Total Unusual Items Excluding Goodwill": -17804000.0,
        "Net Income From Continuing Operation Net Minority Interest": 5463000.0,
        "Reconciled Depreciation": 7562000.0,
        "Reconciled Cost Of Revenue": 250460000.0,
        "EBITDA": 45468000.0,
        "EBIT": 37905000.0,
        "Net Interest Income": -28667000.0,
        "Interest Expense": 28667000.0,
        "Normalized Income": 19528160.0,
        "Net Income From Continuing And Discontinued Operation": 547745000.0,
        "Total Expenses": 302790000.0,
        "Total Operating Income As Reported": 44812000.0,
        "Diluted Average Shares": 77817000.0,
        "Basic Average Shares": 76919000.0,
        "Diluted EPS": 7.04,
        "Basic EPS": 7.12,
        "Diluted NI Availto Com Stockholders": 547745000.0,
        "Average Dilution Earnings": NaN,
        "Net Income Common Stockholders": 547745000.0,
        "Net Income": 547745000.0,
        "Net Income Including Noncontrolling Interests": 547745000.0,
        "Net Income Discontinuous Operations": 542282000.0,
        "Net Income Continuous Operations": 5463000.0,
        "Tax Provision": 3775000.0,
        "Pretax Income": 9238000.0,
        "Other Income Expense": -17892000.0,
        "Other Non Operating Income Expenses": -88000.0,
        "Special Income Charges": -17804000.0,
        "Gain On Sale Of Ppe": 0.0,
        "Other Special Charges": 12819000.0,
        "Restructuring And Mergern Acquisition": 4985000.0,
        "Gain On Sale Of Security": 0.0,
        "Net Non Operating Interest Income Expense": -28667000.0,
        "Interest Expense Non Operating": 28667000.0,
        "Operating Income": 55797000.0,
        "Operating Expense": 52331000.0,
        "Depreciation Amortization Depletion Income Statement": 7563000.0,
        "Depreciation And Amortization In Income Statement": 7563000.0,
        "Selling General And Administration": 44768000.0,
        "Gross Profit": 108128000.0,
        "Cost Of Revenue": 250459000.0,
        "Total Revenue": 358587000.0,
        "Operating Revenue": 358587000.0
    },
    "2024-06-30": {
        "Tax Effect Of Unusual Items": -3034290.0,
        "Tax Rate For Calcs": 0.21,
        "Normalized EBITDA": 23528000.0,
        "Total Unusual Items": -14449000.0,
        "Total Unusual Items Excluding Goodwill": -14449000.0,
        "Net Income From Continuing Operation Net Minority Interest": -18771000.0,
        "Reconciled Depreciation": 7367000.0,
        "Reconciled Cost Of Revenue": 207077000.0,
        "EBITDA": 9079000.0,
        "EBIT": 1712000.0,
        "Net Interest Income": -18984000.0,
        "Interest Expense": 18984000.0,
        "Normalized Income": -7356290.0,
        "Net Income From Continuing And Discontinued Operation": -14091000.0,
        "Total Expenses": 263822000.0,
        "Total Operating Income As Reported": 8114000.0,
        "Diluted Average Shares": 77158000.0,
        "Basic Average Shares": 77158000.0,
        "Diluted EPS": -0.18,
        "Basic EPS": -0.18,
        "Diluted NI Availto Com Stockholders": -14091000.0,
        "Average Dilution Earnings": NaN,
        "Net Income Common Stockholders": -14091000.0,
        "Net Income": -14091000.0,
        "Net Income Including Noncontrolling Interests": -14091000.0,
        "Net Income Discontinuous Operations": 4680000.0,
        "Net Income Continuous Operations": -18771000.0,
        "Tax Provision": 1499000.0,
        "Pretax Income": -17272000.0,
        "Other Income Expense": -15482000.0,
        "Other Non Operating Income Expenses": -1033000.0,
        "Special Income Charges": -14449000.0,
        "Gain On Sale Of Ppe": 0.0,
        "Other Special Charges": 12833000.0,
        "Restructuring And Mergern Acquisition": 1616000.0,
        "Gain On Sale Of Security": NaN,
        "Net Non Operating Interest Income Expense": -18984000.0,
        "Interest Expense Non Operating": 18984000.0,
        "Operating Income": 17194000.0,
        "Operating Expense": 56745000.0,
        "Depreciation Amortization Depletion Income Statement": 7367000.0,
        "Depreciation And Amortization In Income Statement": 7367000.0,
        "Selling General And Administration": 49378000.0,
        "Gross Profit": 73939000.0,
        "Cost Of Revenue": 207077000.0,
        "Total Revenue": 281016000.0,
        "Operating Revenue": 281016000.0
    },
    "2024-09-30": {
        "Tax Effect Of Unusual Items": -748860.0,
        "Tax Rate For Calcs": 0.21,
        "Normalized EBITDA": 42013000.0,
        "Total Unusual Items": -3566000.0,
        "Total Unusual Items Excluding Goodwill": -3566000.0,
        "Net Income From Continuing Operation Net Minority Interest": 11867000.0,
        "Reconciled Depreciation": 7487000.0,
        "Reconciled Cost Of Revenue": 192891000.0,
        "EBITDA": 38447000.0,
        "EBIT": 30960000.0,
        "Net Interest Income": -21869000.0,
        "Interest Expense": 21869000.0,
        "Normalized Income": 14684140.0,
        "Net Income From Continuing And Discontinued Operation": 11867000.0,
        "Total Expenses": 251501000.0,
        "Total Operating Income As Reported": 32428000.0,
        "Diluted Average Shares": 77718000.0,
        "Basic Average Shares": 77343000.0,
        "Diluted EPS": 0.15,
        "Basic EPS": 0.15,
        "Diluted NI Availto Com Stockholders": 11867000.0,
        "Average Dilution Earnings": NaN,
        "Net Income Common Stockholders": 11867000.0,
        "Net Income": 11867000.0,
        "Net Income Including Noncontrolling Interests": 11867000.0,
        "Net Income Discontinuous Operations": 0.0,
        "Net Income Continuous Operations": 11867000.0,
        "Tax Provision": -2776000.0,
        "Pretax Income": 9091000.0,
        "Other Income Expense": -5034000.0,
        "Other Non Operating Income Expenses": -1468000.0,
        "Special Income Charges": -3566000.0,
        "Gain On Sale Of Ppe": 0.0,
        "Other Special Charges": NaN,
        "Restructuring And Mergern Acquisition": 3566000.0,
        "Gain On Sale Of Security": NaN,
        "Net Non Operating Interest Income Expense": -21869000.0,
        "Interest Expense Non Operating": 21869000.0,
        "Operating Income": 35994000.0,
        "Operating Expense": 58610000.0,
        "Depreciation Amortization Depletion Income Statement": 7487000.0,
        "Depreciation And Amortization In Income Statement": 7487000.0,
        "Selling General And Administration": 51123000.0,
        "Gross Profit": 94604000.0,
        "Cost Of Revenue": 192891000.0,
        "Total Revenue": 287495000.0,
        "Operating Revenue": 287495000.0
    }
}