{
    "2023-03-31": {
        "Tax Effect Of Unusual Items": NaN,
        "Tax Rate For Calcs": NaN,
        "Normalized EBITDA": NaN,
        "Total Unusual Items": NaN,
        "Total Unusual Items Excluding Goodwill": NaN,
        "Net Income From Continuing Operation Net Minority Interest": NaN,
        "Reconciled Depreciation": NaN,
        "Reconciled Cost Of Revenue": NaN,
        "EBITDA": NaN,
        "EBIT": NaN,
        "Net Interest Income": NaN,
        "Interest Expense": NaN,
        "Normalized Income": NaN,
        "Net Income From Continuing And Discontinued Operation": NaN,
        "Total Expenses": NaN,
        "Total Operating Income As Reported": NaN,
        "Diluted Average Shares": 47674773.0,
        "Basic Average Shares": 47674773.0,
        "Diluted EPS": 1.01,
        "Basic EPS": 1.01,
        "Diluted NI Availto Com Stockholders": NaN,
        "Net Income Common Stockholders": NaN,
        "Otherunder Preferred Stock Dividend": -137000.0,
        "Net Income": NaN,
        "Minority Interests": NaN,
        "Net Income Including Noncontrolling Interests": NaN,
        "Net Income Continuous Operations": NaN,
        "Tax Provision": NaN,
        "Pretax Income": NaN,
        "Other Income Expense": NaN,
        "Other Non Operating Income Expenses": NaN,
        "Earnings From Equity Interest": NaN,
        "Gain On Sale Of Security": NaN,
        "Net Non Operating Interest Income Expense": NaN,
        "Interest Expense Non Operating": NaN,
        "Operating Income": NaN,
        "Operating Expense": NaN,
        "Selling General And Administration": NaN,
        "Selling And Marketing Expense": NaN,
        "General And Administrative Expense": NaN,
        "Other Gand A": NaN,
        "Gross Profit": NaN,
        "Cost Of Revenue": NaN,
        "Total Revenue": NaN,
        "Operating Revenue": NaN
    },
    "2022-12-31": {
        "Tax Effect Of Unusual Items": NaN,
        "Tax Rate For Calcs": NaN,
        "Normalized EBITDA": NaN,
        "Total Unusual Items": NaN,
        "Total Unusual Items Excluding Goodwill": NaN,
        "Net Income From Continuing Operation Net Minority Interest": NaN,
        "Reconciled Depreciation": NaN,
        "Reconciled Cost Of Revenue": NaN,
        "EBITDA": NaN,
        "EBIT": NaN,
        "Net Interest Income": NaN,
        "Interest Expense": NaN,
        "Normalized Income": NaN,
        "Net Income From Continuing And Discontinued Operation": NaN,
        "Total Expenses": NaN,
        "Total Operating Income As Reported": NaN,
        "Diluted Average Shares": NaN,
        "Basic Average Shares": NaN,
        "Diluted EPS": NaN,
        "Basic EPS": NaN,
        "Diluted NI Availto Com Stockholders": NaN,
        "Net Income Common Stockholders": NaN,
        "Otherunder Preferred Stock Dividend": NaN,
        "Net Income": NaN,
        "Minority Interests": NaN,
        "Net Income Including Noncontrolling Interests": NaN,
        "Net Income Continuous Operations": NaN,
        "Tax Provision": NaN,
        "Pretax Income": NaN,
        "Other Income Expense": NaN,
        "Other Non Operating Income Expenses": NaN,
        "Special Income Charges": -7952000.0,
        "Earnings From Equity Interest": NaN,
        "Gain On Sale Of Security": NaN,
        "Net Non Operating Interest Income Expense": NaN,
        "Interest Expense Non Operating": NaN,
        "Operating Income": NaN,
        "Operating Expense": NaN,
        "Selling General And Administration": NaN,
        "Selling And Marketing Expense": NaN,
        "General And Administrative Expense": NaN,
        "Other Gand A": NaN,
        "Gross Profit": NaN,
        "Cost Of Revenue": NaN,
        "Total Revenue": NaN,
        "Operating Revenue": NaN
    },
    "2022-09-30": {
        "Tax Effect Of Unusual Items": NaN,
        "Tax Rate For Calcs": NaN,
        "Normalized EBITDA": NaN,
        "Total Unusual Items": NaN,
        "Total Unusual Items Excluding Goodwill": NaN,
        "Net Income From Continuing Operation Net Minority Interest": NaN,
        "Reconciled Depreciation": NaN,
        "Reconciled Cost Of Revenue": NaN,
        "EBITDA": NaN,
        "EBIT": NaN,
        "Net Interest Income": NaN,
        "Interest Expense": NaN,
        "Normalized Income": NaN,
        "Net Income From Continuing And Discontinued Operation": NaN,
        "Total Expenses": NaN,
        "Total Operating Income As Reported": NaN,
        "Diluted Average Shares": NaN,
        "Basic Average Shares": NaN,
        "Diluted EPS": NaN,
        "Basic EPS": NaN,
        "Diluted NI Availto Com Stockholders": NaN,
        "Net Income Common Stockholders": NaN,
        "Otherunder Preferred Stock Dividend": NaN,
        "Net Income": NaN,
        "Minority Interests": NaN,
        "Net Income Including Noncontrolling Interests": NaN,
        "Net Income Continuous Operations": NaN,
        "Tax Provision": NaN,
        "Pretax Income": NaN,
        "Other Income Expense": NaN,
        "Other Non Operating Income Expenses": NaN,
        "Special Income Charges": 0.0,
        "Earnings From Equity Interest": NaN,
        "Gain On Sale Of Security": NaN,
        "Net Non Operating Interest Income Expense": NaN,
        "Interest Expense Non Operating": NaN,
        "Operating Income": NaN,
        "Operating Expense": NaN,
        "Selling General And Administration": NaN,
        "Selling And Marketing Expense": NaN,
        "General And Administrative Expense": NaN,
        "Other Gand A": NaN,
        "Gross Profit": NaN,
        "Cost Of Revenue": NaN,
        "Total Revenue": NaN,
        "Operating Revenue": NaN
    },
    "2022-06-30": {
        "Tax Effect Of Unusual Items": 764454.339466,
        "Tax Rate For Calcs": 0.305415,
        "Normalized EBITDA": 52528000.0,
        "Total Unusual Items": 2503000.0,
        "Total Unusual Items Excluding Goodwill": 2503000.0,
        "Net Income From Continuing Operation Net Minority Interest": 33194000.0,
        "Reconciled Depreciation": 5211000.0,
        "Reconciled Cost Of Revenue": 95492000.0,
        "EBITDA": 55031000.0,
        "EBIT": 49820000.0,
        "Net Interest Income": -1715000.0,
        "Interest Expense": 1715000.0,
        "Normalized Income": 31455454.339466,
        "Net Income From Continuing And Discontinued Operation": 33194000.0,
        "Total Expenses": 123637000.0,
        "Total Operating Income As Reported": 45487000.0,
        "Diluted Average Shares": 47674773.0,
        "Basic Average Shares": 47674773.0,
        "Diluted EPS": 0.7,
        "Basic EPS": 0.7,
        "Diluted NI Availto Com Stockholders": 33194000.0,
        "Net Income Common Stockholders": 33194000.0,
        "Otherunder Preferred Stock Dividend": NaN,
        "Net Income": 33194000.0,
        "Minority Interests": -219000.0,
        "Net Income Including Noncontrolling Interests": 33413000.0,
        "Net Income Continuous Operations": 33413000.0,
        "Tax Provision": 14692000.0,
        "Pretax Income": 48105000.0,
        "Other Income Expense": 4333000.0,
        "Other Non Operating Income Expenses": 161000.0,
        "Special Income Charges": 0.0,
        "Earnings From Equity Interest": 1669000.0,
        "Gain On Sale Of Security": 2503000.0,
        "Net Non Operating Interest Income Expense": -1715000.0,
        "Interest Expense Non Operating": 1715000.0,
        "Operating Income": 45487000.0,
        "Operating Expense": 28145000.0,
        "Selling General And Administration": 28145000.0,
        "Selling And Marketing Expense": 16616000.0,
        "General And Administrative Expense": 11529000.0,
        "Other Gand A": 11529000.0,
        "Gross Profit": 73632000.0,
        "Cost Of Revenue": 95492000.0,
        "Total Revenue": 169124000.0,
        "Operating Revenue": 169124000.0
    },
    "2022-03-31": {
        "Diluted EPS": 0.44,
        "Total Revenue": 135,
        "Gross Profit": 60,
        "Operating Income": 34,
        "EBIT": 39,
        "Net Income": 21
    },
    "2021-12-31": {
        "Diluted EPS": 0.43,
        "Total Revenue": 132,
        "Gross Profit": 57,
        "Operating Income": 33,
        "EBIT": 38,
        "Net Income": 20
    },
    "2021-09-30": {
        "Diluted EPS": 0.43,
        "Total Revenue": 132,
        "Gross Profit": 52,
        "Operating Income": 30,
        "EBIT": 35,
        "Net Income": 21
    },
    "2021-06-30": {
        "Diluted EPS": 0.41,
        "Total Revenue": 122,
        "Gross Profit": 49,
        "Operating Income": 29,
        "EBIT": 34,
        "Net Income": 20
    },
    "2021-03-31": {
        "Diluted EPS": 0.17,
        "Total Revenue": 112,
        "Gross Profit": 45,
        "Operating Income": 25,
        "EBIT": 31,
        "Net Income": 8
    },
    "2020-12-31": {
        "Diluted EPS": 0.38,
        "Total Revenue": 104,
        "Gross Profit": 37,
        "Operating Income": 17,
        "EBIT": 22,
        "Net Income": 18
    },
    "2020-09-30": {
        "Diluted EPS": 0.18,
        "Total Revenue": 103,
        "Gross Profit": 40,
        "Operating Income": 20,
        "EBIT": 25,
        "Net Income": 8
    },
    "2020-06-30": {
        "Diluted EPS": 0.35,
        "Total Revenue": 82,
        "Gross Profit": 32,
        "Operating Income": 15,
        "EBIT": 20,
        "Net Income": 16
    },
    "2020-03-31": {
        "Diluted EPS": -0.4,
        "Total Revenue": 87,
        "Gross Profit": 30,
        "Operating Income": 13,
        "EBIT": 18,
        "Net Income": -19
    },
    "2019-12-31": {
        "Diluted EPS": 0.23,
        "Total Revenue": 101,
        "Gross Profit": 29,
        "Operating Income": 11,
        "EBIT": 16,
        "Net Income": 11
    },
    "2019-09-30": {
        "Diluted EPS": -0.03,
        "Total Revenue": 108,
        "Gross Profit": 36,
        "Operating Income": 16,
        "EBIT": 21,
        "Net Income": -1
    },
    "2019-06-30": {
        "Diluted EPS": 0.17,
        "Total Revenue": 114,
        "Gross Profit": 39,
        "Operating Income": 18,
        "EBIT": 24,
        "Net Income": 7
    },
    "2019-03-31": {
        "Diluted EPS": 0.18,
        "Total Revenue": 107,
        "Gross Profit": 32,
        "Operating Income": 14,
        "EBIT": 20,
        "Net Income": 7
    },
    "2018-12-31": {
        "Diluted EPS": -0.12,
        "Total Revenue": 98,
        "Gross Profit": 34,
        "Operating Income": 14,
        "EBIT": 20,
        "Net Income": -4
    },
    "2018-09-30": {
        "Diluted EPS": 0.15,
        "Total Revenue": 97,
        "Gross Profit": 35,
        "Operating Income": 15,
        "EBIT": 21,
        "Net Income": 6
    },
    "2018-06-30": {
        "Diluted EPS": -0.1,
        "Total Revenue": 89,
        "Gross Profit": 25,
        "Operating Income": 8,
        "EBIT": 13,
        "Net Income": -4
    },
    "2018-03-31": {
        "Diluted EPS": 0.28,
        "Total Revenue": 87,
        "Gross Profit": 27,
        "Operating Income": 10,
        "EBIT": 16,
        "Net Income": 11
    },
    "2017-12-31": {
        "Diluted EPS": 0.03,
        "Total Revenue": 84,
        "Gross Profit": 27,
        "Operating Income": 11,
        "EBIT": 16,
        "Net Income": 1
    },
    "2017-09-30": {
        "Diluted EPS": 0.19,
        "Total Revenue": 83,
        "Gross Profit": 27,
        "Operating Income": 11,
        "EBIT": 17,
        "Net Income": 7
    },
    "2017-06-30": {
        "Diluted EPS": -0.1,
        "Total Revenue": 81,
        "Gross Profit": 23,
        "Operating Income": 5,
        "EBIT": 11,
        "Net Income": -4
    },
    "2017-03-31": {
        "Diluted EPS": 0.03,
        "Total Revenue": 66,
        "Gross Profit": 22,
        "Operating Income": 7,
        "EBIT": 12,
        "Net Income": 1
    },
    "2016-12-31": {
        "Diluted EPS": 0.11,
        "Total Revenue": 80,
        "Gross Profit": 29,
        "Operating Income": 9,
        "EBIT": 13,
        "Net Income": 3
    },
    "2016-09-30": {
        "Diluted EPS": -0.29,
        "Total Revenue": 81,
        "Gross Profit": 31,
        "Operating Income": 14,
        "EBIT": 18,
        "Net Income": -9
    },
    "2016-06-30": {
        "Diluted EPS": 0.44,
        "Total Revenue": 80,
        "Gross Profit": 28,
        "Operating Income": 13,
        "EBIT": 16,
        "Net Income": 15
    },
    "2016-03-31": {
        "Diluted EPS": 0.46,
        "Total Revenue": 64,
        "Gross Profit": 25,
        "Operating Income": 12,
        "EBIT": 15,
        "Net Income": 14
    },
    "2015-12-31": {
        "Diluted EPS": 0.08,
        "Total Revenue": 69,
        "Gross Profit": 28,
        "Operating Income": 11,
        "EBIT": 16,
        "Net Income": 0
    },
    "2015-09-30": {
        "Diluted EPS": -0.08,
        "Total Revenue": 63,
        "Gross Profit": 24,
        "Operating Income": 11,
        "EBIT": 14,
        "Net Income": -2
    },
    "2015-06-30": {
        "Diluted EPS": -0.84,
        "Total Revenue": 58,
        "Gross Profit": 21,
        "Operating Income": 9,
        "EBIT": 12,
        "Net Income": -21
    },
    "2015-03-31": {
        "Diluted EPS": 0.42,
        "Total Revenue": 52,
        "Gross Profit": 19,
        "Operating Income": 8,
        "EBIT": 11,
        "Net Income": 12
    },
    "2014-12-31": {
        "Diluted EPS": 0.54,
        "Total Revenue": 44,
        "Gross Profit": 15,
        "Operating Income": 3,
        "EBIT": 4,
        "Net Income": 12
    },
    "2014-09-30": {
        "Diluted EPS": 0.46,
        "Total Revenue": 53,
        "Gross Profit": 18,
        "Operating Income": 8,
        "EBIT": 10,
        "Net Income": 13
    },
    "2014-06-30": {
        "Diluted EPS": -0.25,
        "Total Revenue": 52,
        "Gross Profit": 18,
        "Operating Income": 8,
        "EBIT": 11,
        "Net Income": -6
    },
    "2014-03-31": {
        "Diluted EPS": -0.41,
        "Total Revenue": 48,
        "Gross Profit": 16,
        "Operating Income": 8,
        "EBIT": 10,
        "Net Income": -10
    },
    "2013-12-31": {
        "Diluted EPS": 0.65,
        "Total Revenue": 54,
        "Gross Profit": 16,
        "Operating Income": 10,
        "EBIT": 12,
        "Net Income": 13
    },
    "2013-09-30": {
        "Diluted EPS": 0.16,
        "Total Revenue": 46,
        "Gross Profit": 14,
        "Operating Income": 6,
        "EBIT": 8,
        "Net Income": 3
    },
    "2013-06-30": {
        "Diluted EPS": 0.16,
        "Total Revenue": 44,
        "Gross Profit": 13,
        "Operating Income": 6,
        "EBIT": 8,
        "Net Income": 3
    },
    "2013-03-31": {
        "Diluted EPS": 0.12,
        "Total Revenue": 40,
        "Gross Profit": 12,
        "Operating Income": 5,
        "EBIT": 7,
        "Net Income": 3
    },
    "2012-12-31": {
        "Diluted EPS": 0.0,
        "Total Revenue": NaN,
        "Gross Profit": NaN,
        "Operating Income": NaN,
        "EBIT": NaN,
        "Net Income": NaN
    },
    "2023-06-30": {
        "Tax Effect Of Unusual Items": 272923.0,
        "Tax Rate For Calcs": 0.307,
        "Normalized EBITDA": 82392000.0,
        "Total Unusual Items": 889000.0,
        "Total Unusual Items Excluding Goodwill": 889000.0,
        "Net Income From Continuing Operation Net Minority Interest": 52445000.0,
        "Reconciled Depreciation": 5147000.0,
        "Reconciled Cost Of Revenue": 115610000.0,
        "EBITDA": 83281000.0,
        "EBIT": 78134000.0,
        "Net Interest Income": -2321000.0,
        "Interest Expense": 2321000.0,
        "Normalized Income": 51828923.0,
        "Net Income From Continuing And Discontinued Operation": 52445000.0,
        "Total Expenses": 150779000.0,
        "Total Operating Income As Reported": 74501000.0,
        "Diluted Average Shares": 47647041.0,
        "Basic Average Shares": 47647041.0,
        "Diluted EPS": 1.1,
        "Basic EPS": 1.1,
        "Diluted NI Availto Com Stockholders": 52445000.0,
        "Net Income Common Stockholders": 52445000.0,
        "Otherunder Preferred Stock Dividend": NaN,
        "Net Income": 52445000.0,
        "Minority Interests": -120000.0,
        "Net Income Including Noncontrolling Interests": 52565000.0,
        "Net Income Continuous Operations": 52565000.0,
        "Tax Provision": 23248000.0,
        "Pretax Income": 75813000.0,
        "Other Income Expense": 3633000.0,
        "Other Non Operating Income Expenses": 1625000.0,
        "Earnings From Equity Interest": 1119000.0,
        "Gain On Sale Of Security": 889000.0,
        "Net Non Operating Interest Income Expense": -2321000.0,
        "Interest Expense Non Operating": 2321000.0,
        "Operating Income": 74501000.0,
        "Operating Expense": 35169000.0,
        "Selling General And Administration": 35169000.0,
        "Selling And Marketing Expense": 20487000.0,
        "General And Administrative Expense": 14682000.0,
        "Other Gand A": 14682000.0,
        "Gross Profit": 109670000.0,
        "Cost Of Revenue": 115610000.0,
        "Total Revenue": 225280000.0,
        "Operating Revenue": 225280000.0
    },
    "2023-09-30": {
        "Tax Effect Of Unusual Items": 286642.0,
        "Tax Rate For Calcs": 0.251,
        "Normalized EBITDA": 68652000.0,
        "Total Unusual Items": 1142000.0,
        "Total Unusual Items Excluding Goodwill": 1142000.0,
        "Net Income From Continuing Operation Net Minority Interest": 45863000.0,
        "Reconciled Depreciation": 5927000.0,
        "Reconciled Cost Of Revenue": 120216000.0,
        "EBITDA": 69794000.0,
        "EBIT": 63867000.0,
        "Net Interest Income": -2325000.0,
        "Interest Expense": 2325000.0,
        "Normalized Income": 45007642.0,
        "Net Income From Continuing And Discontinued Operation": 45863000.0,
        "Total Expenses": 149731000.0,
        "Total Operating Income As Reported": 61012000.0,
        "Diluted Average Shares": 47599339.0,
        "Basic Average Shares": 47599339.0,
        "Diluted EPS": 0.963522,
        "Basic EPS": 0.963522,
        "Diluted NI Availto Com Stockholders": 45863000.0,
        "Net Income Common Stockholders": 45863000.0,
        "Otherunder Preferred Stock Dividend": NaN,
        "Net Income": 45863000.0,
        "Minority Interests": -232000.0,
        "Net Income Including Noncontrolling Interests": 46095000.0,
        "Net Income Continuous Operations": 46095000.0,
        "Tax Provision": 15447000.0,
        "Pretax Income": 61542000.0,
        "Other Income Expense": 2855000.0,
        "Other Non Operating Income Expenses": 605000.0,
        "Earnings From Equity Interest": 1108000.0,
        "Gain On Sale Of Security": 1142000.0,
        "Net Non Operating Interest Income Expense": -2325000.0,
        "Interest Expense Non Operating": 2325000.0,
        "Operating Income": 61012000.0,
        "Operating Expense": 29515000.0,
        "Selling General And Administration": 29515000.0,
        "Selling And Marketing Expense": 15724000.0,
        "General And Administrative Expense": 13791000.0,
        "Other Gand A": 13791000.0,
        "Gross Profit": 90527000.0,
        "Cost Of Revenue": 120216000.0,
        "Total Revenue": 210743000.0,
        "Operating Revenue": 210743000.0
    },
    "2023-12-31": {
        "Tax Effect Of Unusual Items": -69817.508233,
        "Tax Rate For Calcs": 0.284969,
        "Normalized EBITDA": 59557000.0,
        "Total Unusual Items": -245000.0,
        "Total Unusual Items Excluding Goodwill": -245000.0,
        "Net Income From Continuing Operation Net Minority Interest": 36339000.0,
        "Reconciled Depreciation": 6037000.0,
        "Reconciled Cost Of Revenue": 111621000.0,
        "EBITDA": 59312000.0,
        "EBIT": 53275000.0,
        "Net Interest Income": -6427000.0,
        "Interest Expense": 2259000.0,
        "Normalized Income": 36514182.491767,
        "Net Income From Continuing And Discontinued Operation": 36339000.0,
        "Total Expenses": 139866000.0,
        "Total Operating Income As Reported": 50569000.0,
        "Diluted Average Shares": NaN,
        "Basic Average Shares": NaN,
        "Diluted EPS": NaN,
        "Basic EPS": NaN,
        "Diluted NI Availto Com Stockholders": 36339000.0,
        "Net Income Common Stockholders": 36339000.0,
        "Otherunder Preferred Stock Dividend": NaN,
        "Net Income": 36339000.0,
        "Minority Interests": -139000.0,
        "Net Income Including Noncontrolling Interests": 36478000.0,
        "Net Income Continuous Operations": 36478000.0,
        "Tax Provision": 14538000.0,
        "Pretax Income": 51016000.0,
        "Other Income Expense": 2706000.0,
        "Other Non Operating Income Expenses": 1614000.0,
        "Earnings From Equity Interest": 1337000.0,
        "Gain On Sale Of Security": -245000.0,
        "Net Non Operating Interest Income Expense": -6427000.0,
        "Interest Expense Non Operating": 2259000.0,
        "Operating Income": 54737000.0,
        "Operating Expense": 28245000.0,
        "Selling General And Administration": 20283000.0,
        "Selling And Marketing Expense": 3421000.0,
        "General And Administrative Expense": 16862000.0,
        "Other Gand A": -11549000.0,
        "Gross Profit": 82982000.0,
        "Cost Of Revenue": 111621000.0,
        "Total Revenue": 194603000.0,
        "Operating Revenue": 194603000.0
    },
    "2024-03-31": {
        "Tax Effect Of Unusual Items": -41769.0,
        "Tax Rate For Calcs": 0.273,
        "Normalized EBITDA": 49461000.0,
        "Total Unusual Items": -153000.0,
        "Total Unusual Items Excluding Goodwill": -153000.0,
        "Net Income From Continuing Operation Net Minority Interest": 29730000.0,
        "Reconciled Depreciation": 6313000.0,
        "Reconciled Cost Of Revenue": 117967000.0,
        "EBITDA": 49308000.0,
        "EBIT": 42995000.0,
        "Net Interest Income": -2106000.0,
        "Interest Expense": 2106000.0,
        "Normalized Income": 29841231.0,
        "Net Income From Continuing And Discontinued Operation": 29730000.0,
        "Total Expenses": 151605000.0,
        "Total Operating Income As Reported": 41022000.0,
        "Diluted Average Shares": 46996708.0,
        "Basic Average Shares": 46996708.0,
        "Diluted EPS": 0.63,
        "Basic EPS": 0.63,
        "Diluted NI Availto Com Stockholders": 29730000.0,
        "Net Income Common Stockholders": 29730000.0,
        "Otherunder Preferred Stock Dividend": 0.0,
        "Net Income": 29730000.0,
        "Minority Interests": 0.0,
        "Net Income Including Noncontrolling Interests": 29730000.0,
        "Net Income Continuous Operations": 29730000.0,
        "Tax Provision": 11159000.0,
        "Pretax Income": 40889000.0,
        "Other Income Expense": 1973000.0,
        "Other Non Operating Income Expenses": 1080000.0,
        "Earnings From Equity Interest": 1046000.0,
        "Gain On Sale Of Security": -153000.0,
        "Net Non Operating Interest Income Expense": -2106000.0,
        "Interest Expense Non Operating": 2106000.0,
        "Operating Income": 41022000.0,
        "Operating Expense": 33638000.0,
        "Selling General And Administration": 33638000.0,
        "Selling And Marketing Expense": 17583000.0,
        "General And Administrative Expense": 16055000.0,
        "Other Gand A": 16055000.0,
        "Gross Profit": 74660000.0,
        "Cost Of Revenue": 117967000.0,
        "Total Revenue": 192627000.0,
        "Operating Revenue": 192627000.0
    },
    "2024-06-30": {
        "Tax Effect Of Unusual Items": -1466225.0,
        "Tax Rate For Calcs": 0.263,
        "Normalized EBITDA": 61577000.0,
        "Total Unusual Items": -5575000.0,
        "Total Unusual Items Excluding Goodwill": -5575000.0,
        "Net Income From Continuing Operation Net Minority Interest": 35028000.0,
        "Reconciled Depreciation": 6475000.0,
        "Reconciled Cost Of Revenue": 130077000.0,
        "EBITDA": 56002000.0,
        "EBIT": 49527000.0,
        "Net Interest Income": -2006000.0,
        "Interest Expense": 2006000.0,
        "Normalized Income": 39136775.0,
        "Net Income From Continuing And Discontinued Operation": 35028000.0,
        "Total Expenses": 168520000.0,
        "Total Operating Income As Reported": 51134000.0,
        "Diluted Average Shares": 46996705.0,
        "Basic Average Shares": 46996705.0,
        "Diluted EPS": 0.75,
        "Basic EPS": 0.75,
        "Diluted NI Availto Com Stockholders": 35028000.0,
        "Net Income Common Stockholders": 35028000.0,
        "Otherunder Preferred Stock Dividend": NaN,
        "Net Income": 35028000.0,
        "Minority Interests": 0.0,
        "Net Income Including Noncontrolling Interests": 35028000.0,
        "Net Income Continuous Operations": 35028000.0,
        "Tax Provision": 12493000.0,
        "Pretax Income": 47521000.0,
        "Other Income Expense": -1607000.0,
        "Other Non Operating Income Expenses": 2731000.0,
        "Earnings From Equity Interest": 1237000.0,
        "Gain On Sale Of Security": -5575000.0,
        "Net Non Operating Interest Income Expense": -2006000.0,
        "Interest Expense Non Operating": 2006000.0,
        "Operating Income": 51134000.0,
        "Operating Expense": 38443000.0,
        "Selling General And Administration": 38443000.0,
        "Selling And Marketing Expense": 20000000.0,
        "General And Administrative Expense": 18443000.0,
        "Other Gand A": 18443000.0,
        "Gross Profit": 89577000.0,
        "Cost Of Revenue": 130077000.0,
        "Total Revenue": 219654000.0,
        "Operating Revenue": 219654000.0
    }
}