{
    "2023-03-31": {
        "Tax Effect Of Unusual Items": 0.0,
        "Tax Rate For Calcs": 0.234,
        "Normalized EBITDA": 207360000.0,
        "Total Unusual Items": 0.0,
        "Total Unusual Items Excluding Goodwill": 0.0,
        "Net Income From Continuing Operation Net Minority Interest": 103668000.0,
        "Reconciled Depreciation": 28631000.0,
        "Reconciled Cost Of Revenue": 426932000.0,
        "EBITDA": 207360000.0,
        "EBIT": 178729000.0,
        "Net Interest Income": -35333000.0,
        "Interest Expense": 42906000.0,
        "Interest Income": 7573000.0,
        "Normalized Income": 103668000.0,
        "Net Income From Continuing And Discontinued Operation": 103668000.0,
        "Total Expenses": 566772000.0,
        "Total Operating Income As Reported": 173555000.0,
        "Diluted Average Shares": 224839000.0,
        "Basic Average Shares": 224544000.0,
        "Diluted EPS": 0.46,
        "Basic EPS": 0.46,
        "Diluted NI Availto Com Stockholders": 103668000.0,
        "Net Income Common Stockholders": 103668000.0,
        "Net Income": 103668000.0,
        "Minority Interests": -336000.0,
        "Net Income Including Noncontrolling Interests": 104004000.0,
        "Net Income Continuous Operations": 104004000.0,
        "Tax Provision": 31819000.0,
        "Pretax Income": 135823000.0,
        "Other Income Expense": -2399000.0,
        "Other Non Operating Income Expenses": -2399000.0,
        "Special Income Charges": 0.0,
        "Other Special Charges": NaN,
        "Write Off": 0.0,
        "Restructuring And Mergern Acquisition": NaN,
        "Earnings From Equity Interest": -237000.0,
        "Net Non Operating Interest Income Expense": -35333000.0,
        "Interest Expense Non Operating": 42906000.0,
        "Interest Income Non Operating": 7573000.0,
        "Operating Income": 173555000.0,
        "Operating Expense": 139840000.0,
        "Depreciation Amortization Depletion Income Statement": 28631000.0,
        "Depreciation And Amortization In Income Statement": 28631000.0,
        "Amortization": 13582000.0,
        "Amortization Of Intangibles Income Statement": 13582000.0,
        "Depreciation Income Statement": 15049000.0,
        "Selling General And Administration": 111209000.0,
        "General And Administrative Expense": 111209000.0,
        "Other Gand A": 111209000.0,
        "Gross Profit": 313395000.0,
        "Cost Of Revenue": 426932000.0,
        "Total Revenue": 740327000.0,
        "Operating Revenue": 727416000.0
    },
    "2022-12-31": {
        "Tax Effect Of Unusual Items": 241.779832,
        "Tax Rate For Calcs": 0.24178,
        "Normalized EBITDA": 362701000.0,
        "Total Unusual Items": 1000.0,
        "Total Unusual Items Excluding Goodwill": 1000.0,
        "Net Income From Continuing Operation Net Minority Interest": 218488000.0,
        "Reconciled Depreciation": 30067000.0,
        "Reconciled Cost Of Revenue": 432645000.0,
        "EBITDA": 362702000.0,
        "EBIT": 332635000.0,
        "Net Interest Income": -44046000.0,
        "Interest Expense": 44046000.0,
        "Normalized Income": 218487241.779832,
        "Net Income From Continuing And Discontinued Operation": 218488000.0,
        "Total Expenses": 588915000.0,
        "Total Operating Income As Reported": 328216000.0,
        "Diluted Average Shares": 224486000.0,
        "Basic Average Shares": 223652000.0,
        "Diluted EPS": 0.97,
        "Basic EPS": 0.97,
        "Diluted NI Availto Com Stockholders": 218488000.0,
        "Net Income Common Stockholders": 218488000.0,
        "Net Income": 218488000.0,
        "Minority Interests": -326000.0,
        "Net Income Including Noncontrolling Interests": 218814000.0,
        "Net Income Continuous Operations": 218814000.0,
        "Tax Provision": 69775000.0,
        "Pretax Income": 288589000.0,
        "Other Income Expense": 4420000.0,
        "Other Non Operating Income Expenses": 4667000.0,
        "Special Income Charges": 1000.0,
        "Other Special Charges": -1000.0,
        "Write Off": NaN,
        "Restructuring And Mergern Acquisition": NaN,
        "Earnings From Equity Interest": -248000.0,
        "Net Non Operating Interest Income Expense": -44046000.0,
        "Interest Expense Non Operating": 44046000.0,
        "Operating Income": 328215000.0,
        "Operating Expense": 156270000.0,
        "Depreciation Amortization Depletion Income Statement": 30067000.0,
        "Depreciation And Amortization In Income Statement": 30067000.0,
        "Amortization": 14930000.0,
        "Amortization Of Intangibles Income Statement": 14930000.0,
        "Depreciation Income Statement": 15137000.0,
        "Selling General And Administration": 126203000.0,
        "General And Administrative Expense": 126203000.0,
        "Other Gand A": 126203000.0,
        "Gross Profit": 484485000.0,
        "Cost Of Revenue": 432645000.0,
        "Total Revenue": 917130000.0,
        "Operating Revenue": 904611000.0
    },
    "2022-09-30": {
        "Tax Effect Of Unusual Items": 36729.0,
        "Tax Rate For Calcs": 0.231,
        "Normalized EBITDA": 263403000.0,
        "Total Unusual Items": 159000.0,
        "Total Unusual Items Excluding Goodwill": 159000.0,
        "Net Income From Continuing Operation Net Minority Interest": 145830000.0,
        "Reconciled Depreciation": 30172000.0,
        "Reconciled Cost Of Revenue": 428891000.0,
        "EBITDA": 263562000.0,
        "EBIT": 233390000.0,
        "Net Interest Income": -43406000.0,
        "Interest Expense": 43406000.0,
        "Normalized Income": 145707729.0,
        "Net Income From Continuing And Discontinued Operation": 145830000.0,
        "Total Expenses": 571012000.0,
        "Total Operating Income As Reported": 232258000.0,
        "Diluted Average Shares": 224921000.0,
        "Basic Average Shares": 223968000.0,
        "Diluted EPS": 0.65,
        "Basic EPS": 0.65,
        "Diluted NI Availto Com Stockholders": 145830000.0,
        "Net Income Common Stockholders": 145830000.0,
        "Net Income": 145830000.0,
        "Minority Interests": -327000.0,
        "Net Income Including Noncontrolling Interests": 146157000.0,
        "Net Income Continuous Operations": 146157000.0,
        "Tax Provision": 43827000.0,
        "Pretax Income": 189984000.0,
        "Other Income Expense": 1291000.0,
        "Other Non Operating Income Expenses": 1310000.0,
        "Special Income Charges": 159000.0,
        "Other Special Charges": -159000.0,
        "Write Off": NaN,
        "Restructuring And Mergern Acquisition": NaN,
        "Earnings From Equity Interest": -178000.0,
        "Net Non Operating Interest Income Expense": -43406000.0,
        "Interest Expense Non Operating": 43406000.0,
        "Operating Income": 232099000.0,
        "Operating Expense": 142121000.0,
        "Depreciation Amortization Depletion Income Statement": 30172000.0,
        "Depreciation And Amortization In Income Statement": 30172000.0,
        "Amortization": 14953000.0,
        "Amortization Of Intangibles Income Statement": 14953000.0,
        "Depreciation Income Statement": 15219000.0,
        "Selling General And Administration": 111949000.0,
        "General And Administrative Expense": 111949000.0,
        "Other Gand A": 111949000.0,
        "Gross Profit": 374220000.0,
        "Cost Of Revenue": 428891000.0,
        "Total Revenue": 803111000.0,
        "Operating Revenue": 791036000.0
    },
    "2022-06-30": {
        "Tax Effect Of Unusual Items": 26355.0,
        "Tax Rate For Calcs": 0.251,
        "Normalized EBITDA": 249348000.0,
        "Total Unusual Items": 105000.0,
        "Total Unusual Items Excluding Goodwill": 105000.0,
        "Net Income From Continuing Operation Net Minority Interest": 131605000.0,
        "Reconciled Depreciation": 30533000.0,
        "Reconciled Cost Of Revenue": 420235000.0,
        "EBITDA": 249453000.0,
        "EBIT": 218920000.0,
        "Net Interest Income": -42950000.0,
        "Interest Expense": 42950000.0,
        "Normalized Income": 131526355.0,
        "Net Income From Continuing And Discontinued Operation": 131605000.0,
        "Total Expenses": 563965000.0,
        "Total Operating Income As Reported": 221021000.0,
        "Diluted Average Shares": 224489000.0,
        "Basic Average Shares": 223675000.0,
        "Diluted EPS": 0.59,
        "Basic EPS": 0.59,
        "Diluted NI Availto Com Stockholders": 131605000.0,
        "Net Income Common Stockholders": 131605000.0,
        "Net Income": 131605000.0,
        "Minority Interests": -335000.0,
        "Net Income Including Noncontrolling Interests": 131940000.0,
        "Net Income Continuous Operations": 131940000.0,
        "Tax Provision": 44030000.0,
        "Pretax Income": 175970000.0,
        "Other Income Expense": -1996000.0,
        "Other Non Operating Income Expenses": -1865000.0,
        "Special Income Charges": 105000.0,
        "Other Special Charges": -105000.0,
        "Write Off": NaN,
        "Restructuring And Mergern Acquisition": NaN,
        "Earnings From Equity Interest": -236000.0,
        "Net Non Operating Interest Income Expense": -42950000.0,
        "Interest Expense Non Operating": 42950000.0,
        "Operating Income": 220916000.0,
        "Operating Expense": 143730000.0,
        "Depreciation Amortization Depletion Income Statement": 30533000.0,
        "Depreciation And Amortization In Income Statement": 30533000.0,
        "Amortization": 14999000.0,
        "Amortization Of Intangibles Income Statement": 14999000.0,
        "Depreciation Income Statement": 15534000.0,
        "Selling General And Administration": 113197000.0,
        "General And Administrative Expense": 113197000.0,
        "Other Gand A": 113197000.0,
        "Gross Profit": 364646000.0,
        "Cost Of Revenue": 420235000.0,
        "Total Revenue": 784881000.0,
        "Operating Revenue": 775196000.0
    },
    "2023-06-30": {
        "Tax Effect Of Unusual Items": 24008021.0,
        "Tax Rate For Calcs": 0.181,
        "Normalized EBITDA": 182739000.0,
        "Total Unusual Items": 132641000.0,
        "Total Unusual Items Excluding Goodwill": 132641000.0,
        "Net Income From Continuing Operation Net Minority Interest": 199741000.0,
        "Reconciled Depreciation": 28283000.0,
        "Reconciled Cost Of Revenue": 430528000.0,
        "EBITDA": 315380000.0,
        "EBIT": 287097000.0,
        "Net Interest Income": -42797000.0,
        "Interest Expense": 42797000.0,
        "Interest Income": NaN,
        "Normalized Income": 91108021.0,
        "Net Income From Continuing And Discontinued Operation": 199741000.0,
        "Total Expenses": 582548000.0,
        "Total Operating Income As Reported": 281599000.0,
        "Diluted Average Shares": 217979000.0,
        "Basic Average Shares": 217830000.0,
        "Diluted EPS": 0.92,
        "Basic EPS": 0.92,
        "Diluted NI Availto Com Stockholders": 199741000.0,
        "Net Income Common Stockholders": 199741000.0,
        "Net Income": 199741000.0,
        "Minority Interests": -352000.0,
        "Net Income Including Noncontrolling Interests": 200093000.0,
        "Net Income Continuous Operations": 200093000.0,
        "Tax Provision": 44207000.0,
        "Pretax Income": 244300000.0,
        "Other Income Expense": 138139000.0,
        "Other Non Operating Income Expenses": 5781000.0,
        "Special Income Charges": 132641000.0,
        "Other Special Charges": 3359000.0,
        "Write Off": NaN,
        "Restructuring And Mergern Acquisition": -136000000.0,
        "Earnings From Equity Interest": -283000.0,
        "Net Non Operating Interest Income Expense": -42797000.0,
        "Interest Expense Non Operating": 42797000.0,
        "Interest Income Non Operating": NaN,
        "Operating Income": 148958000.0,
        "Operating Expense": 152020000.0,
        "Depreciation Amortization Depletion Income Statement": 28283000.0,
        "Depreciation And Amortization In Income Statement": 28283000.0,
        "Amortization": 13296000.0,
        "Amortization Of Intangibles Income Statement": 13296000.0,
        "Depreciation Income Statement": 14987000.0,
        "Selling General And Administration": 123737000.0,
        "General And Administrative Expense": 123737000.0,
        "Other Gand A": 123737000.0,
        "Gross Profit": 300978000.0,
        "Cost Of Revenue": 430528000.0,
        "Total Revenue": 731506000.0,
        "Operating Revenue": 719843000.0
    },
    "2022-03-31": {
        "Diluted EPS": 0.6,
        "Total Revenue": 774,
        "Gross Profit": 363,
        "Operating Income": 209,
        "EBIT": 239,
        "Net Income": 134
    },
    "2021-12-31": {
        "Diluted EPS": 0.57,
        "Total Revenue": 775,
        "Gross Profit": 367,
        "Operating Income": 209,
        "EBIT": 250,
        "Net Income": 129
    },
    "2021-09-30": {
        "Diluted EPS": 0.58,
        "Total Revenue": 756,
        "Gross Profit": 357,
        "Operating Income": 211,
        "EBIT": 244,
        "Net Income": 128
    },
    "2021-06-30": {
        "Diluted EPS": 0.48,
        "Total Revenue": 733,
        "Gross Profit": 336,
        "Operating Income": 186,
        "EBIT": 217,
        "Net Income": 107
    },
    "2021-03-31": {
        "Diluted EPS": 0.51,
        "Total Revenue": 727,
        "Gross Profit": 332,
        "Operating Income": 196,
        "EBIT": 228,
        "Net Income": 113
    },
    "2020-12-31": {
        "Diluted EPS": 1.11,
        "Total Revenue": 938,
        "Gross Profit": 538,
        "Operating Income": 394,
        "EBIT": 448,
        "Net Income": 244
    },
    "2020-09-30": {
        "Diluted EPS": 0.6,
        "Total Revenue": 738,
        "Gross Profit": 359,
        "Operating Income": 228,
        "EBIT": 261,
        "Net Income": 132
    },
    "2020-06-30": {
        "Diluted EPS": 0.09,
        "Total Revenue": 578,
        "Gross Profit": 222,
        "Operating Income": 75,
        "EBIT": 109,
        "Net Income": 20
    },
    "2020-03-31": {
        "Diluted EPS": 0.39,
        "Total Revenue": 684,
        "Gross Profit": 315,
        "Operating Income": 175,
        "EBIT": 208,
        "Net Income": 86
    },
    "2019-12-31": {
        "Diluted EPS": 0.38,
        "Total Revenue": 694,
        "Gross Profit": 339,
        "Operating Income": 177,
        "EBIT": 222,
        "Net Income": 84
    },
    "2019-09-30": {
        "Diluted EPS": 0.22,
        "Total Revenue": 552,
        "Gross Profit": 245,
        "Operating Income": 107,
        "EBIT": 137,
        "Net Income": 48
    },
    "2019-06-30": {
        "Diluted EPS": 0.37,
        "Total Revenue": 537,
        "Gross Profit": 252,
        "Operating Income": 143,
        "EBIT": 166,
        "Net Income": 80
    },
    "2019-03-31": {
        "Diluted EPS": 0.34,
        "Total Revenue": 517,
        "Gross Profit": 235,
        "Operating Income": 133,
        "EBIT": 156,
        "Net Income": 74
    },
    "2018-12-31": {
        "Diluted EPS": 0.74,
        "Total Revenue": 642,
        "Gross Profit": 370,
        "Operating Income": 253,
        "EBIT": 287,
        "Net Income": 161
    },
    "2018-09-30": {
        "Diluted EPS": 0.45,
        "Total Revenue": 539,
        "Gross Profit": 268,
        "Operating Income": 154,
        "EBIT": 177,
        "Net Income": 97
    },
    "2018-06-30": {
        "Diluted EPS": 0.43,
        "Total Revenue": 524,
        "Gross Profit": 260,
        "Operating Income": 154,
        "EBIT": 176,
        "Net Income": 93
    },
    "2018-03-31": {
        "Diluted EPS": 0.25,
        "Total Revenue": 502,
        "Gross Profit": 244,
        "Operating Income": 137,
        "EBIT": 157,
        "Net Income": 55
    },
    "2017-12-31": {
        "Diluted EPS": 1.4,
        "Total Revenue": 490,
        "Gross Profit": 253,
        "Operating Income": 156,
        "EBIT": 175,
        "Net Income": 304
    },
    "2017-09-30": {
        "Diluted EPS": 0.19,
        "Total Revenue": 464,
        "Gross Profit": 229,
        "Operating Income": 117,
        "EBIT": 137,
        "Net Income": 43
    },
    "2017-06-30": {
        "Diluted EPS": -0.6,
        "Total Revenue": 489,
        "Gross Profit": 260,
        "Operating Income": 150,
        "EBIT": 195,
        "Net Income": -130
    },
    "2017-03-31": {
        "Diluted EPS": 0.27,
        "Total Revenue": 459,
        "Gross Profit": 228,
        "Operating Income": 123,
        "EBIT": 175,
        "Net Income": 58
    },
    "2016-12-31": {
        "Diluted EPS": 0.62,
        "Total Revenue": 226,
        "Gross Profit": 75,
        "Operating Income": 159,
        "EBIT": 210,
        "Net Income": 133
    },
    "2016-09-30": {
        "Diluted EPS": 0.54,
        "Total Revenue": 520,
        "Gross Profit": 319,
        "Operating Income": 186,
        "EBIT": 238,
        "Net Income": 119
    },
    "2016-06-30": {
        "Diluted EPS": 0.45,
        "Total Revenue": 477,
        "Gross Profit": 280,
        "Operating Income": 160,
        "EBIT": 211,
        "Net Income": 99
    },
    "2016-03-31": {
        "Diluted EPS": 0.38,
        "Total Revenue": 782,
        "Gross Profit": 534,
        "Operating Income": 203,
        "EBIT": 254,
        "Net Income": 85
    },
    "2015-12-31": {
        "Diluted EPS": 0.69,
        "Total Revenue": 805,
        "Gross Profit": 573,
        "Operating Income": 327,
        "EBIT": 375,
        "Net Income": 156
    },
    "2015-09-30": {
        "Diluted EPS": 0.38,
        "Total Revenue": 758,
        "Gross Profit": 533,
        "Operating Income": 218,
        "EBIT": 268,
        "Net Income": 88
    },
    "2015-06-30": {
        "Diluted EPS": 0.5,
        "Total Revenue": 757,
        "Gross Profit": 517,
        "Operating Income": 186,
        "EBIT": 268,
        "Net Income": 116
    },
    "2015-03-31": {
        "Diluted EPS": 0.49,
        "Total Revenue": 731,
        "Gross Profit": 505,
        "Operating Income": 182,
        "EBIT": 264,
        "Net Income": 113
    },
    "2014-12-31": {
        "Diluted EPS": 2.09,
        "Total Revenue": 842,
        "Gross Profit": 587,
        "Operating Income": 227,
        "EBIT": 310,
        "Net Income": 483
    },
    "2014-09-30": {
        "Diluted EPS": 0.51,
        "Total Revenue": 681,
        "Gross Profit": 404,
        "Operating Income": 184,
        "EBIT": 246,
        "Net Income": 119
    },
    "2014-06-30": {
        "Diluted EPS": 0.9,
        "Total Revenue": NaN,
        "Gross Profit": 684,
        "Operating Income": 243,
        "EBIT": 302,
        "Net Income": 208
    },
    "2014-03-31": {
        "Diluted EPS": 0.25,
        "Total Revenue": NaN,
        "Gross Profit": 637,
        "Operating Income": 204,
        "EBIT": 267,
        "Net Income": 59
    },
    "2013-12-31": {
        "Diluted EPS": 0.39,
        "Total Revenue": NaN,
        "Gross Profit": 646,
        "Operating Income": 214,
        "EBIT": 261,
        "Net Income": 91
    },
    "2013-09-30": {
        "Diluted EPS": 0.34,
        "Total Revenue": NaN,
        "Gross Profit": 540,
        "Operating Income": 172,
        "EBIT": 218,
        "Net Income": 80
    },
    "2013-06-30": {
        "Diluted EPS": 0.48,
        "Total Revenue": NaN,
        "Gross Profit": 576,
        "Operating Income": 203,
        "EBIT": 251,
        "Net Income": 114
    },
    "2013-03-31": {
        "Diluted EPS": 0.44,
        "Total Revenue": NaN,
        "Gross Profit": 518,
        "Operating Income": 151,
        "EBIT": 199,
        "Net Income": 105
    },
    "2012-12-31": {
        "Diluted EPS": 0.35,
        "Total Revenue": NaN,
        "Gross Profit": 739,
        "Operating Income": 220,
        "EBIT": 270,
        "Net Income": 103
    },
    "2012-09-30": {
        "Diluted EPS": 0.56,
        "Total Revenue": NaN,
        "Gross Profit": 588,
        "Operating Income": 217,
        "EBIT": 266,
        "Net Income": 133
    },
    "2012-06-30": {
        "Diluted EPS": 0.51,
        "Total Revenue": NaN,
        "Gross Profit": 586,
        "Operating Income": 217,
        "EBIT": 265,
        "Net Income": 120
    },
    "2012-03-31": {
        "Diluted EPS": 0.28,
        "Total Revenue": NaN,
        "Gross Profit": 496,
        "Operating Income": 136,
        "EBIT": 183,
        "Net Income": 68
    },
    "2011-12-31": {
        "Diluted EPS": 0.49,
        "Total Revenue": NaN,
        "Gross Profit": 606,
        "Operating Income": 212,
        "EBIT": 261,
        "Net Income": 117
    },
    "2011-09-30": {
        "Diluted EPS": 0.41,
        "Total Revenue": NaN,
        "Gross Profit": 544,
        "Operating Income": 198,
        "EBIT": 247,
        "Net Income": 100
    },
    "2011-06-30": {
        "Diluted EPS": 0.62,
        "Total Revenue": NaN,
        "Gross Profit": 595,
        "Operating Income": 242,
        "EBIT": 292,
        "Net Income": 152
    },
    "2011-03-31": {
        "Diluted EPS": 0.37,
        "Total Revenue": NaN,
        "Gross Profit": 534,
        "Operating Income": 179,
        "EBIT": 229,
        "Net Income": 90
    },
    "2010-12-31": {
        "Diluted EPS": 0.71,
        "Total Revenue": NaN,
        "Gross Profit": 706,
        "Operating Income": 310,
        "EBIT": 339,
        "Net Income": 174
    },
    "2010-09-30": {
        "Diluted EPS": 0.42,
        "Total Revenue": NaN,
        "Gross Profit": 565,
        "Operating Income": 200,
        "EBIT": 275,
        "Net Income": 101
    },
    "2010-06-30": {
        "Diluted EPS": 0.81,
        "Total Revenue": NaN,
        "Gross Profit": 620,
        "Operating Income": 273,
        "EBIT": 327,
        "Net Income": 195
    },
    "2010-03-31": {
        "Diluted EPS": 0.49,
        "Total Revenue": NaN,
        "Gross Profit": 567,
        "Operating Income": 217,
        "EBIT": 273,
        "Net Income": 117
    },
    "2009-12-31": {
        "Diluted EPS": 0.56,
        "Total Revenue": NaN,
        "Gross Profit": 668,
        "Operating Income": 255,
        "EBIT": 198,
        "Net Income": 134
    },
    "2009-09-30": {
        "Diluted EPS": 0.31,
        "Total Revenue": NaN,
        "Gross Profit": 533,
        "Operating Income": 156,
        "EBIT": 254,
        "Net Income": 74
    },
    "2009-06-30": {
        "Diluted EPS": 0.3,
        "Total Revenue": NaN,
        "Gross Profit": 539,
        "Operating Income": 142,
        "EBIT": 280,
        "Net Income": 70
    },
    "2009-03-31": {
        "Diluted EPS": 0.34,
        "Total Revenue": NaN,
        "Gross Profit": 539,
        "Operating Income": 166,
        "EBIT": 230,
        "Net Income": 77
    },
    "2023-09-30": {
        "Tax Effect Of Unusual Items": 0.0,
        "Tax Rate For Calcs": 0.224,
        "Normalized EBITDA": 195853000.0,
        "Total Unusual Items": 0.0,
        "Total Unusual Items Excluding Goodwill": 0.0,
        "Net Income From Continuing Operation Net Minority Interest": 95901000.0,
        "Reconciled Depreciation": 28380000.0,
        "Reconciled Cost Of Revenue": 438260000.0,
        "EBITDA": 195853000.0,
        "EBIT": 167473000.0,
        "Net Interest Income": -43418000.0,
        "Interest Expense": 43418000.0,
        "Interest Income": NaN,
        "Normalized Income": 95901000.0,
        "Net Income From Continuing And Discontinued Operation": 95901000.0,
        "Total Expenses": 578586000.0,
        "Total Operating Income As Reported": 134657000.0,
        "Diluted Average Shares": 201218000.0,
        "Basic Average Shares": 200779000.0,
        "Diluted EPS": 0.48,
        "Basic EPS": 0.48,
        "Diluted NI Availto Com Stockholders": 95901000.0,
        "Net Income Common Stockholders": 95901000.0,
        "Net Income": 95901000.0,
        "Minority Interests": -353000.0,
        "Net Income Including Noncontrolling Interests": 96254000.0,
        "Net Income Continuous Operations": 96254000.0,
        "Tax Provision": 27801000.0,
        "Pretax Income": 124055000.0,
        "Other Income Expense": 32816000.0,
        "Other Non Operating Income Expenses": 33072000.0,
        "Special Income Charges": 0.0,
        "Other Special Charges": NaN,
        "Write Off": 0.0,
        "Restructuring And Mergern Acquisition": 0.0,
        "Earnings From Equity Interest": -256000.0,
        "Net Non Operating Interest Income Expense": -43418000.0,
        "Interest Expense Non Operating": 43418000.0,
        "Interest Income Non Operating": NaN,
        "Operating Income": 134657000.0,
        "Operating Expense": 140326000.0,
        "Depreciation Amortization Depletion Income Statement": 28380000.0,
        "Depreciation And Amortization In Income Statement": 28380000.0,
        "Amortization": 13297000.0,
        "Amortization Of Intangibles Income Statement": 13297000.0,
        "Depreciation Income Statement": 15083000.0,
        "Selling General And Administration": 111946000.0,
        "General And Administrative Expense": 111946000.0,
        "Other Gand A": 111946000.0,
        "Gross Profit": 274983000.0,
        "Cost Of Revenue": 438260000.0,
        "Total Revenue": 713243000.0,
        "Operating Revenue": 701947000.0
    },
    "2023-12-31": {
        "Tax Effect Of Unusual Items": 0.0,
        "Tax Rate For Calcs": 0.25762,
        "Normalized EBITDA": 174093000.0,
        "Total Unusual Items": 0.0,
        "Total Unusual Items Excluding Goodwill": 0.0,
        "Net Income From Continuing Operation Net Minority Interest": 75643000.0,
        "Reconciled Depreciation": 27942000.0,
        "Reconciled Cost Of Revenue": 423137000.0,
        "EBITDA": 174093000.0,
        "EBIT": 146151000.0,
        "Net Interest Income": -14491000.0,
        "Interest Expense": 43783000.0,
        "Interest Income": NaN,
        "Normalized Income": 75643000.0,
        "Net Income From Continuing And Discontinued Operation": 75643000.0,
        "Total Expenses": 582120000.0,
        "Total Operating Income As Reported": 143734000.0,
        "Diluted Average Shares": NaN,
        "Basic Average Shares": NaN,
        "Diluted EPS": NaN,
        "Basic EPS": NaN,
        "Diluted NI Availto Com Stockholders": 75643000.0,
        "Net Income Common Stockholders": 75643000.0,
        "Net Income": 75643000.0,
        "Minority Interests": -353000.0,
        "Net Income Including Noncontrolling Interests": 75996000.0,
        "Net Income Continuous Operations": 75996000.0,
        "Tax Provision": 26372000.0,
        "Pretax Income": 102368000.0,
        "Other Income Expense": -26875000.0,
        "Other Non Operating Income Expenses": -26774000.0,
        "Special Income Charges": 0.0,
        "Other Special Charges": NaN,
        "Write Off": 0.0,
        "Restructuring And Mergern Acquisition": 0.0,
        "Earnings From Equity Interest": -101000.0,
        "Net Non Operating Interest Income Expense": -14491000.0,
        "Interest Expense Non Operating": 43783000.0,
        "Interest Income Non Operating": NaN,
        "Operating Income": 143734000.0,
        "Operating Expense": 158983000.0,
        "Depreciation Amortization Depletion Income Statement": 27942000.0,
        "Depreciation And Amortization In Income Statement": 27942000.0,
        "Amortization": 13292000.0,
        "Amortization Of Intangibles Income Statement": 13292000.0,
        "Depreciation Income Statement": 14650000.0,
        "Selling General And Administration": 131041000.0,
        "General And Administrative Expense": 131041000.0,
        "Other Gand A": 131041000.0,
        "Gross Profit": 302717000.0,
        "Cost Of Revenue": 423137000.0,
        "Total Revenue": 725854000.0,
        "Operating Revenue": 714060000.0
    },
    "2024-03-31": {
        "Tax Effect Of Unusual Items": -268765.0,
        "Tax Rate For Calcs": 0.245,
        "Normalized EBITDA": 321958000.0,
        "Total Unusual Items": -1097000.0,
        "Total Unusual Items Excluding Goodwill": -1097000.0,
        "Net Income From Continuing Operation Net Minority Interest": 188900000.0,
        "Reconciled Depreciation": 27970000.0,
        "Reconciled Cost Of Revenue": 430567000.0,
        "EBITDA": 320861000.0,
        "EBIT": 292891000.0,
        "Net Interest Income": -36795000.0,
        "Interest Expense": 42368000.0,
        "Interest Income": 5573000.0,
        "Normalized Income": 189728235.0,
        "Net Income From Continuing And Discontinued Operation": 188900000.0,
        "Total Expenses": 575595000.0,
        "Total Operating Income As Reported": 137560000.0,
        "Diluted Average Shares": 178437000.0,
        "Basic Average Shares": 177823000.0,
        "Diluted EPS": 1.06,
        "Basic EPS": 1.06,
        "Diluted NI Availto Com Stockholders": 188900000.0,
        "Net Income Common Stockholders": 188900000.0,
        "Net Income": 188900000.0,
        "Minority Interests": -362000.0,
        "Net Income Including Noncontrolling Interests": 189262000.0,
        "Net Income Continuous Operations": 189262000.0,
        "Tax Provision": 61261000.0,
        "Pretax Income": 250523000.0,
        "Other Income Expense": 148661000.0,
        "Other Non Operating Income Expenses": 149758000.0,
        "Special Income Charges": -1097000.0,
        "Other Special Charges": NaN,
        "Write Off": 1097000.0,
        "Restructuring And Mergern Acquisition": NaN,
        "Earnings From Equity Interest": NaN,
        "Net Non Operating Interest Income Expense": -36795000.0,
        "Interest Expense Non Operating": 42368000.0,
        "Interest Income Non Operating": 5573000.0,
        "Operating Income": 138657000.0,
        "Operating Expense": 145028000.0,
        "Depreciation Amortization Depletion Income Statement": 27970000.0,
        "Depreciation And Amortization In Income Statement": 27970000.0,
        "Amortization": 13660000.0,
        "Amortization Of Intangibles Income Statement": 13660000.0,
        "Depreciation Income Statement": 14310000.0,
        "Selling General And Administration": 117058000.0,
        "General And Administrative Expense": 117058000.0,
        "Other Gand A": 117058000.0,
        "Gross Profit": 283685000.0,
        "Cost Of Revenue": 430567000.0,
        "Total Revenue": 714252000.0,
        "Operating Revenue": 701844000.0
    }
}