{
    "2023-03-31": {
        "Tax Effect Of Unusual Items": NaN,
        "Tax Rate For Calcs": NaN,
        "Normalized EBITDA": NaN,
        "Total Unusual Items": NaN,
        "Total Unusual Items Excluding Goodwill": NaN,
        "Net Income From Continuing Operation Net Minority Interest": NaN,
        "Reconciled Depreciation": NaN,
        "Reconciled Cost Of Revenue": NaN,
        "EBITDA": NaN,
        "EBIT": NaN,
        "Net Interest Income": NaN,
        "Interest Expense": NaN,
        "Interest Income": NaN,
        "Normalized Income": NaN,
        "Net Income From Continuing And Discontinued Operation": NaN,
        "Total Expenses": NaN,
        "Rent Expense Supplemental": 3021000.0,
        "Total Operating Income As Reported": NaN,
        "Diluted Average Shares": NaN,
        "Basic Average Shares": NaN,
        "Diluted EPS": NaN,
        "Basic EPS": NaN,
        "Diluted NI Availto Com Stockholders": NaN,
        "Net Income Common Stockholders": NaN,
        "Net Income": NaN,
        "Minority Interests": NaN,
        "Net Income Including Noncontrolling Interests": NaN,
        "Net Income Continuous Operations": NaN,
        "Tax Provision": NaN,
        "Pretax Income": NaN,
        "Other Income Expense": NaN,
        "Other Non Operating Income Expenses": NaN,
        "Special Income Charges": NaN,
        "Gain On Sale Of Ppe": NaN,
        "Other Special Charges": NaN,
        "Earnings From Equity Interest": NaN,
        "Gain On Sale Of Security": NaN,
        "Net Non Operating Interest Income Expense": NaN,
        "Total Other Finance Cost": NaN,
        "Interest Expense Non Operating": NaN,
        "Interest Income Non Operating": NaN,
        "Operating Income": NaN,
        "Operating Expense": NaN,
        "Other Operating Expenses": NaN,
        "Other Taxes": 0.0,
        "Depreciation Amortization Depletion Income Statement": 337077000.0,
        "Depreciation And Amortization In Income Statement": 337077000.0,
        "Depreciation Income Statement": 337077000.0,
        "Selling General And Administration": NaN,
        "Selling And Marketing Expense": NaN,
        "General And Administrative Expense": NaN,
        "Other Gand A": NaN,
        "Insurance And Claims": 19043000.0,
        "Rent And Landing Fees": 3021000.0,
        "Salaries And Wages": 1238711000.0,
        "Gross Profit": NaN,
        "Cost Of Revenue": NaN,
        "Total Revenue": NaN,
        "Operating Revenue": NaN
    },
    "2022-12-31": {
        "Tax Effect Of Unusual Items": NaN,
        "Tax Rate For Calcs": NaN,
        "Normalized EBITDA": NaN,
        "Total Unusual Items": NaN,
        "Total Unusual Items Excluding Goodwill": NaN,
        "Net Income From Continuing Operation Net Minority Interest": NaN,
        "Reconciled Depreciation": NaN,
        "Reconciled Cost Of Revenue": NaN,
        "EBITDA": NaN,
        "EBIT": NaN,
        "Net Interest Income": NaN,
        "Interest Expense": NaN,
        "Interest Income": NaN,
        "Normalized Income": NaN,
        "Net Income From Continuing And Discontinued Operation": NaN,
        "Total Expenses": NaN,
        "Rent Expense Supplemental": 4170000.0,
        "Total Operating Income As Reported": NaN,
        "Diluted Average Shares": NaN,
        "Basic Average Shares": NaN,
        "Diluted EPS": NaN,
        "Basic EPS": NaN,
        "Diluted NI Availto Com Stockholders": NaN,
        "Net Income Common Stockholders": NaN,
        "Net Income": NaN,
        "Minority Interests": NaN,
        "Net Income Including Noncontrolling Interests": NaN,
        "Net Income Continuous Operations": NaN,
        "Tax Provision": NaN,
        "Pretax Income": NaN,
        "Other Income Expense": NaN,
        "Special Income Charges": -20290000.0,
        "Gain On Sale Of Ppe": NaN,
        "Other Special Charges": NaN,
        "Earnings From Equity Interest": NaN,
        "Gain On Sale Of Security": NaN,
        "Net Non Operating Interest Income Expense": NaN,
        "Total Other Finance Cost": NaN,
        "Interest Expense Non Operating": NaN,
        "Interest Income Non Operating": NaN,
        "Operating Income": NaN,
        "Operating Expense": NaN,
        "Other Operating Expenses": NaN,
        "Other Taxes": NaN,
        "Depreciation Amortization Depletion Income Statement": 431033000.0,
        "Depreciation And Amortization In Income Statement": 431033000.0,
        "Depreciation Income Statement": 431033000.0,
        "Selling General And Administration": NaN,
        "Selling And Marketing Expense": NaN,
        "General And Administrative Expense": NaN,
        "Other Gand A": NaN,
        "Insurance And Claims": 16780000.0,
        "Rent And Landing Fees": 4170000.0,
        "Salaries And Wages": 1240215000.0,
        "Gross Profit": NaN,
        "Cost Of Revenue": NaN,
        "Total Revenue": NaN,
        "Operating Revenue": NaN
    },
    "2022-09-30": {
        "Tax Effect Of Unusual Items": NaN,
        "Tax Rate For Calcs": NaN,
        "Normalized EBITDA": NaN,
        "Total Unusual Items": NaN,
        "Total Unusual Items Excluding Goodwill": NaN,
        "Net Income From Continuing Operation Net Minority Interest": NaN,
        "Reconciled Depreciation": NaN,
        "Reconciled Cost Of Revenue": NaN,
        "EBITDA": NaN,
        "EBIT": NaN,
        "Net Interest Income": NaN,
        "Interest Expense": NaN,
        "Interest Income": NaN,
        "Normalized Income": NaN,
        "Net Income From Continuing And Discontinued Operation": NaN,
        "Total Expenses": NaN,
        "Rent Expense Supplemental": NaN,
        "Total Operating Income As Reported": NaN,
        "Diluted Average Shares": 150552212.0,
        "Basic Average Shares": 150552212.0,
        "Diluted EPS": 75.65,
        "Basic EPS": 75.65,
        "Diluted NI Availto Com Stockholders": NaN,
        "Net Income Common Stockholders": NaN,
        "Net Income": NaN,
        "Minority Interests": NaN,
        "Net Income Including Noncontrolling Interests": NaN,
        "Net Income Continuous Operations": NaN,
        "Tax Provision": NaN,
        "Pretax Income": NaN,
        "Other Income Expense": NaN,
        "Special Income Charges": 20290000.0,
        "Other Special Charges": -20290000.0,
        "Earnings From Equity Interest": NaN,
        "Gain On Sale Of Security": NaN,
        "Net Non Operating Interest Income Expense": NaN,
        "Total Other Finance Cost": NaN,
        "Interest Expense Non Operating": NaN,
        "Interest Income Non Operating": NaN,
        "Operating Income": NaN,
        "Operating Expense": NaN,
        "Other Operating Expenses": NaN,
        "Other Taxes": NaN,
        "Depreciation Amortization Depletion Income Statement": NaN,
        "Depreciation And Amortization In Income Statement": NaN,
        "Depreciation Income Statement": NaN,
        "Selling General And Administration": NaN,
        "Selling And Marketing Expense": NaN,
        "General And Administrative Expense": NaN,
        "Other Gand A": NaN,
        "Insurance And Claims": NaN,
        "Rent And Landing Fees": NaN,
        "Salaries And Wages": NaN,
        "Gross Profit": NaN,
        "Cost Of Revenue": NaN,
        "Total Revenue": NaN,
        "Operating Revenue": NaN
    },
    "2022-06-30": {
        "Tax Effect Of Unusual Items": -207095694.099266,
        "Tax Rate For Calcs": 0.387498,
        "Normalized EBITDA": 14363294000.0,
        "Total Unusual Items": -534443000.0,
        "Total Unusual Items Excluding Goodwill": -534443000.0,
        "Net Income From Continuing Operation Net Minority Interest": 5311387000.0,
        "Reconciled Depreciation": 3886578000.0,
        "Reconciled Cost Of Revenue": 16021380000.0,
        "EBITDA": 13828851000.0,
        "EBIT": 9942273000.0,
        "Net Interest Income": -140907000.0,
        "Interest Expense": 1270826000.0,
        "Interest Income": 280136000.0,
        "Normalized Income": 5638734305.900734,
        "Net Income From Continuing And Discontinued Operation": 5311387000.0,
        "Total Expenses": 17225210000.0,
        "Rent Expense Supplemental": NaN,
        "Total Operating Income As Reported": 9327036000.0,
        "Diluted Average Shares": 150552212.0,
        "Basic Average Shares": 150552212.0,
        "Diluted EPS": 76.0,
        "Basic EPS": 76.0,
        "Diluted NI Availto Com Stockholders": 5311387000.0,
        "Net Income Common Stockholders": 5311387000.0,
        "Net Income": 5311387000.0,
        "Minority Interests": 110000.0,
        "Net Income Including Noncontrolling Interests": 5311277000.0,
        "Net Income Continuous Operations": 5311277000.0,
        "Tax Provision": 3360170000.0,
        "Pretax Income": 8671447000.0,
        "Other Income Expense": -514682000.0,
        "Special Income Charges": NaN,
        "Other Special Charges": NaN,
        "Earnings From Equity Interest": 19761000.0,
        "Gain On Sale Of Security": -534443000.0,
        "Net Non Operating Interest Income Expense": -140907000.0,
        "Total Other Finance Cost": -849783000.0,
        "Interest Expense Non Operating": 1270826000.0,
        "Interest Income Non Operating": 280136000.0,
        "Operating Income": 9327036000.0,
        "Operating Expense": 1203830000.0,
        "Other Operating Expenses": -1448824000.0,
        "Other Taxes": NaN,
        "Depreciation Amortization Depletion Income Statement": NaN,
        "Depreciation And Amortization In Income Statement": NaN,
        "Depreciation Income Statement": NaN,
        "Selling General And Administration": 2652654000.0,
        "Selling And Marketing Expense": 1597977000.0,
        "General And Administrative Expense": 1054677000.0,
        "Other Gand A": 1054677000.0,
        "Insurance And Claims": NaN,
        "Rent And Landing Fees": NaN,
        "Salaries And Wages": NaN,
        "Gross Profit": 10530866000.0,
        "Cost Of Revenue": 16021380000.0,
        "Total Revenue": 26552246000.0,
        "Operating Revenue": 26552246000.0
    },
    "2022-03-31": {
        "Diluted EPS": 0.51,
        "Total Revenue": 269,
        "Gross Profit": 165,
        "Operating Income": 115,
        "EBIT": 143,
        "Net Income": 77
    },
    "2021-12-31": {
        "Diluted EPS": 0.63,
        "Total Revenue": 371,
        "Gross Profit": 114,
        "Operating Income": 142,
        "EBIT": 176,
        "Net Income": 94
    },
    "2021-09-30": {
        "Diluted EPS": 0.3,
        "Total Revenue": 185,
        "Gross Profit": 90,
        "Operating Income": 53,
        "EBIT": 78,
        "Net Income": 45
    },
    "2021-06-30": {
        "Diluted EPS": 0.24,
        "Total Revenue": 189,
        "Gross Profit": 101,
        "Operating Income": 66,
        "EBIT": 88,
        "Net Income": 36
    },
    "2021-03-31": {
        "Diluted EPS": 0.29,
        "Total Revenue": 188,
        "Gross Profit": 128,
        "Operating Income": 97,
        "EBIT": 117,
        "Net Income": 44
    },
    "2020-12-31": {
        "Diluted EPS": -0.26,
        "Total Revenue": 260,
        "Gross Profit": 78,
        "Operating Income": 69,
        "EBIT": 100,
        "Net Income": -40
    },
    "2020-09-30": {
        "Diluted EPS": 0.04,
        "Total Revenue": 177,
        "Gross Profit": 106,
        "Operating Income": 75,
        "EBIT": 94,
        "Net Income": 5
    },
    "2020-06-30": {
        "Diluted EPS": 0.17,
        "Total Revenue": 159,
        "Gross Profit": 99,
        "Operating Income": 67,
        "EBIT": 85,
        "Net Income": 26
    },
    "2020-03-31": {
        "Diluted EPS": 0.36,
        "Total Revenue": 198,
        "Gross Profit": 120,
        "Operating Income": 82,
        "EBIT": 101,
        "Net Income": 55
    },
    "2019-12-31": {
        "Diluted EPS": 0.76,
        "Total Revenue": 353,
        "Gross Profit": 150,
        "Operating Income": 136,
        "EBIT": 163,
        "Net Income": 111
    },
    "2019-09-30": {
        "Diluted EPS": 0.01,
        "Total Revenue": 186,
        "Gross Profit": 100,
        "Operating Income": 66,
        "EBIT": 83,
        "Net Income": 1
    },
    "2019-06-30": {
        "Diluted EPS": 0.57,
        "Total Revenue": 231,
        "Gross Profit": 128,
        "Operating Income": 108,
        "EBIT": 124,
        "Net Income": 92
    },
    "2019-03-31": {
        "Diluted EPS": 0.37,
        "Total Revenue": 236,
        "Gross Profit": 122,
        "Operating Income": 100,
        "EBIT": 116,
        "Net Income": 61
    },
    "2018-12-31": {
        "Diluted EPS": 1.51,
        "Total Revenue": 418,
        "Gross Profit": 170,
        "Operating Income": 115,
        "EBIT": 183,
        "Net Income": 244
    },
    "2018-09-30": {
        "Diluted EPS": 0.14,
        "Total Revenue": 245,
        "Gross Profit": 140,
        "Operating Income": 123,
        "EBIT": 125,
        "Net Income": 25
    },
    "2018-06-30": {
        "Diluted EPS": 0.29,
        "Total Revenue": 294,
        "Gross Profit": 176,
        "Operating Income": 135,
        "EBIT": 139,
        "Net Income": 48
    },
    "2018-03-31": {
        "Diluted EPS": 0.54,
        "Total Revenue": 252,
        "Gross Profit": 149,
        "Operating Income": 132,
        "EBIT": 137,
        "Net Income": 88
    },
    "2017-12-31": {
        "Diluted EPS": 0.34,
        "Total Revenue": 238,
        "Gross Profit": 109,
        "Operating Income": 84,
        "EBIT": 91,
        "Net Income": 56
    },
    "2017-09-30": {
        "Diluted EPS": 0.18,
        "Total Revenue": 152,
        "Gross Profit": 71,
        "Operating Income": 56,
        "EBIT": 61,
        "Net Income": 30
    },
    "2017-06-30": {
        "Diluted EPS": 0.24,
        "Total Revenue": 186,
        "Gross Profit": 93,
        "Operating Income": 76,
        "EBIT": 82,
        "Net Income": 41
    },
    "2017-03-31": {
        "Diluted EPS": 0.26,
        "Total Revenue": 163,
        "Gross Profit": 73,
        "Operating Income": 68,
        "EBIT": 73,
        "Net Income": 42
    },
    "2016-12-31": {
        "Diluted EPS": 0.18,
        "Total Revenue": 165,
        "Gross Profit": 71,
        "Operating Income": 55,
        "EBIT": 62,
        "Net Income": 30
    },
    "2016-09-30": {
        "Diluted EPS": 0.06,
        "Total Revenue": 104,
        "Gross Profit": 35,
        "Operating Income": 23,
        "EBIT": 27,
        "Net Income": 10
    },
    "2016-06-30": {
        "Diluted EPS": 0.16,
        "Total Revenue": 133,
        "Gross Profit": 63,
        "Operating Income": 51,
        "EBIT": 55,
        "Net Income": 26
    },
    "2016-03-31": {
        "Diluted EPS": -0.02,
        "Total Revenue": 99,
        "Gross Profit": 32,
        "Operating Income": 22,
        "EBIT": 26,
        "Net Income": -4
    },
    "2015-12-31": {
        "Diluted EPS": -0.14,
        "Total Revenue": 193,
        "Gross Profit": 103,
        "Operating Income": 91,
        "EBIT": 99,
        "Net Income": -22
    },
    "2015-09-30": {
        "Diluted EPS": -0.12,
        "Total Revenue": 96,
        "Gross Profit": 32,
        "Operating Income": -13,
        "EBIT": -7,
        "Net Income": -19
    },
    "2015-06-30": {
        "Diluted EPS": 0.08,
        "Total Revenue": 110,
        "Gross Profit": 38,
        "Operating Income": 26,
        "EBIT": 33,
        "Net Income": 13
    },
    "2015-03-31": {
        "Diluted EPS": 0.03,
        "Total Revenue": 108,
        "Gross Profit": 34,
        "Operating Income": 18,
        "EBIT": 25,
        "Net Income": 5
    },
    "2014-12-31": {
        "Diluted EPS": 0.02,
        "Total Revenue": 133,
        "Gross Profit": 45,
        "Operating Income": 17,
        "EBIT": 25,
        "Net Income": 3
    },
    "2014-09-30": {
        "Diluted EPS": 0.03,
        "Total Revenue": 116,
        "Gross Profit": 44,
        "Operating Income": 24,
        "EBIT": 31,
        "Net Income": 5
    },
    "2014-06-30": {
        "Diluted EPS": 0.09,
        "Total Revenue": 120,
        "Gross Profit": 47,
        "Operating Income": 30,
        "EBIT": 37,
        "Net Income": 14
    },
    "2014-03-31": {
        "Diluted EPS": -0.07,
        "Total Revenue": 165,
        "Gross Profit": 81,
        "Operating Income": 46,
        "EBIT": 55,
        "Net Income": -10
    },
    "2013-12-31": {
        "Diluted EPS": 0.07,
        "Total Revenue": 187,
        "Gross Profit": 96,
        "Operating Income": 129,
        "EBIT": 141,
        "Net Income": 11
    },
    "2013-09-30": {
        "Diluted EPS": -0.05,
        "Total Revenue": 99,
        "Gross Profit": 31,
        "Operating Income": 15,
        "EBIT": 25,
        "Net Income": -8
    },
    "2013-06-30": {
        "Diluted EPS": -0.02,
        "Total Revenue": 87,
        "Gross Profit": 30,
        "Operating Income": 14,
        "EBIT": 26,
        "Net Income": -4
    },
    "2013-03-31": {
        "Diluted EPS": 0.14,
        "Total Revenue": 165,
        "Gross Profit": 87,
        "Operating Income": -18,
        "EBIT": -6,
        "Net Income": 23
    },
    "2012-12-31": {
        "Diluted EPS": 0.13,
        "Total Revenue": 176,
        "Gross Profit": 97,
        "Operating Income": 52,
        "EBIT": 66,
        "Net Income": 21
    },
    "2012-09-30": {
        "Diluted EPS": 0.05,
        "Total Revenue": 113,
        "Gross Profit": 51,
        "Operating Income": 30,
        "EBIT": 42,
        "Net Income": 8
    },
    "2012-06-30": {
        "Diluted EPS": 0.03,
        "Total Revenue": 118,
        "Gross Profit": 38,
        "Operating Income": 20,
        "EBIT": 33,
        "Net Income": 5
    },
    "2012-03-31": {
        "Diluted EPS": 0.12,
        "Total Revenue": 149,
        "Gross Profit": 71,
        "Operating Income": 41,
        "EBIT": 54,
        "Net Income": 18
    },
    "2011-12-31": {
        "Diluted EPS": 0.12,
        "Total Revenue": NaN,
        "Gross Profit": NaN,
        "Operating Income": NaN,
        "EBIT": NaN,
        "Net Income": 19
    },
    "2011-09-30": {
        "Diluted EPS": 0.02,
        "Total Revenue": 84,
        "Gross Profit": 50,
        "Operating Income": 24,
        "EBIT": 37,
        "Net Income": 2
    },
    "2011-06-30": {
        "Diluted EPS": 0.06,
        "Total Revenue": 90,
        "Gross Profit": 38,
        "Operating Income": 21,
        "EBIT": 35,
        "Net Income": 9
    },
    "2011-03-31": {
        "Diluted EPS": 0.13,
        "Total Revenue": 133,
        "Gross Profit": 73,
        "Operating Income": 47,
        "EBIT": 60,
        "Net Income": 20
    },
    "2010-12-31": {
        "Diluted EPS": 0.02,
        "Total Revenue": 110,
        "Gross Profit": 40,
        "Operating Income": -2,
        "EBIT": 12,
        "Net Income": 3
    },
    "2010-09-30": {
        "Diluted EPS": 0.06,
        "Total Revenue": 90,
        "Gross Profit": 42,
        "Operating Income": 29,
        "EBIT": 43,
        "Net Income": 10
    },
    "2010-06-30": {
        "Diluted EPS": -0.04,
        "Total Revenue": 99,
        "Gross Profit": 58,
        "Operating Income": 20,
        "EBIT": 34,
        "Net Income": -6
    },
    "2010-03-31": {
        "Diluted EPS": 0.12,
        "Total Revenue": 125,
        "Gross Profit": 64,
        "Operating Income": 46,
        "EBIT": 59,
        "Net Income": 19
    },
    "2009-12-31": {
        "Diluted EPS": 0.22,
        "Total Revenue": 156,
        "Gross Profit": 94,
        "Operating Income": 71,
        "EBIT": 86,
        "Net Income": 36
    },
    "2009-09-30": {
        "Diluted EPS": 0.0,
        "Total Revenue": 88,
        "Gross Profit": 38,
        "Operating Income": 27,
        "EBIT": 40,
        "Net Income": 7
    },
    "2009-06-30": {
        "Diluted EPS": 0.0,
        "Total Revenue": 91,
        "Gross Profit": 39,
        "Operating Income": 28,
        "EBIT": 42,
        "Net Income": 7
    },
    "2009-03-31": {
        "Diluted EPS": 0.0,
        "Total Revenue": 93,
        "Gross Profit": 38,
        "Operating Income": 23,
        "EBIT": 37,
        "Net Income": -3
    },
    "2023-06-30": {
        "Tax Effect Of Unusual Items": NaN,
        "Tax Rate For Calcs": NaN,
        "Normalized EBITDA": NaN,
        "Total Unusual Items": NaN,
        "Total Unusual Items Excluding Goodwill": NaN,
        "Net Income From Continuing Operation Net Minority Interest": NaN,
        "Reconciled Depreciation": NaN,
        "Reconciled Cost Of Revenue": NaN,
        "EBITDA": NaN,
        "EBIT": NaN,
        "Net Interest Income": NaN,
        "Interest Expense": NaN,
        "Interest Income": NaN,
        "Normalized Income": NaN,
        "Net Income From Continuing And Discontinued Operation": NaN,
        "Total Expenses": NaN,
        "Rent Expense Supplemental": NaN,
        "Total Operating Income As Reported": NaN,
        "Diluted Average Shares": 150552212.0,
        "Basic Average Shares": 150552212.0,
        "Diluted EPS": 298.7,
        "Basic EPS": 298.7,
        "Diluted NI Availto Com Stockholders": NaN,
        "Net Income Common Stockholders": NaN,
        "Net Income": NaN,
        "Minority Interests": -367000.0,
        "Net Income Including Noncontrolling Interests": NaN,
        "Net Income Continuous Operations": NaN,
        "Tax Provision": NaN,
        "Pretax Income": NaN,
        "Other Income Expense": NaN,
        "Other Non Operating Income Expenses": NaN,
        "Special Income Charges": 0.0,
        "Gain On Sale Of Ppe": 0.0,
        "Other Special Charges": NaN,
        "Earnings From Equity Interest": NaN,
        "Gain On Sale Of Security": NaN,
        "Net Non Operating Interest Income Expense": NaN,
        "Total Other Finance Cost": NaN,
        "Interest Expense Non Operating": NaN,
        "Interest Income Non Operating": NaN,
        "Operating Income": NaN,
        "Operating Expense": NaN,
        "Other Operating Expenses": NaN,
        "Other Taxes": 0.0,
        "Depreciation Amortization Depletion Income Statement": NaN,
        "Depreciation And Amortization In Income Statement": NaN,
        "Depreciation Income Statement": NaN,
        "Selling General And Administration": NaN,
        "Selling And Marketing Expense": 13262194000.0,
        "General And Administrative Expense": NaN,
        "Other Gand A": NaN,
        "Insurance And Claims": NaN,
        "Rent And Landing Fees": NaN,
        "Salaries And Wages": NaN,
        "Gross Profit": NaN,
        "Cost Of Revenue": NaN,
        "Total Revenue": NaN,
        "Operating Revenue": NaN
    },
    "2023-09-30": {
        "Tax Effect Of Unusual Items": 893572400.0,
        "Tax Rate For Calcs": 0.35,
        "Normalized EBITDA": 13712441000.0,
        "Total Unusual Items": 2553064000.0,
        "Total Unusual Items Excluding Goodwill": 2553064000.0,
        "Net Income From Continuing Operation Net Minority Interest": 4882711000.0,
        "Reconciled Depreciation": -23606358000.0,
        "Reconciled Cost Of Revenue": 49177879000.0,
        "EBITDA": 16265505000.0,
        "EBIT": 16265505000.0,
        "Net Interest Income": -7670521000.0,
        "Interest Expense": 4047602000.0,
        "Interest Income": 2466542000.0,
        "Normalized Income": 3223219400.0,
        "Net Income From Continuing And Discontinued Operation": 4882711000.0,
        "Total Expenses": 55117350000.0,
        "Rent Expense Supplemental": NaN,
        "Total Operating Income As Reported": 17285248000.0,
        "Diluted Average Shares": 150544184.0,
        "Basic Average Shares": 150544184.0,
        "Diluted EPS": 100.15,
        "Basic EPS": 100.15,
        "Diluted NI Availto Com Stockholders": 4882711000.0,
        "Net Income Common Stockholders": 4882711000.0,
        "Net Income": 4882711000.0,
        "Minority Interests": 79000.0,
        "Net Income Including Noncontrolling Interests": 4882632000.0,
        "Net Income Continuous Operations": 4882632000.0,
        "Tax Provision": 7335271000.0,
        "Pretax Income": 12217903000.0,
        "Other Income Expense": 2603176000.0,
        "Other Non Operating Income Expenses": -5651935000.0,
        "Special Income Charges": NaN,
        "Gain On Sale Of Ppe": NaN,
        "Other Special Charges": NaN,
        "Earnings From Equity Interest": 50112000.0,
        "Gain On Sale Of Security": 2553064000.0,
        "Net Non Operating Interest Income Expense": -7670521000.0,
        "Total Other Finance Cost": 6089461000.0,
        "Interest Expense Non Operating": 4047602000.0,
        "Interest Income Non Operating": 2466542000.0,
        "Operating Income": 17285248000.0,
        "Operating Expense": 5939471000.0,
        "Other Operating Expenses": -1976650000.0,
        "Other Taxes": NaN,
        "Depreciation Amortization Depletion Income Statement": NaN,
        "Depreciation And Amortization In Income Statement": NaN,
        "Depreciation Income Statement": NaN,
        "Selling General And Administration": 7916121000.0,
        "Selling And Marketing Expense": 4834654000.0,
        "General And Administrative Expense": 3081467000.0,
        "Other Gand A": 3081467000.0,
        "Insurance And Claims": NaN,
        "Rent And Landing Fees": NaN,
        "Salaries And Wages": NaN,
        "Gross Profit": 23224719000.0,
        "Cost Of Revenue": 49177879000.0,
        "Total Revenue": 72402598000.0,
        "Operating Revenue": 72402598000.0
    },
    "2023-12-31": {
        "Tax Effect Of Unusual Items": -8266917750.0,
        "Tax Rate For Calcs": 0.35,
        "Normalized EBITDA": 54865330000.0,
        "Total Unusual Items": -23619765000.0,
        "Total Unusual Items Excluding Goodwill": -23619765000.0,
        "Net Income From Continuing Operation Net Minority Interest": -7129996000.0,
        "Reconciled Depreciation": 31802932000.0,
        "Reconciled Cost Of Revenue": 111695972000.0,
        "EBITDA": 31245565000.0,
        "EBIT": -557367000.0,
        "Net Interest Income": 3932621000.0,
        "Interest Expense": 13948508000.0,
        "Interest Income": 19417017000.0,
        "Normalized Income": 8222851250.0,
        "Net Income From Continuing And Discontinued Operation": -7129996000.0,
        "Total Expenses": 165082046000.0,
        "Rent Expense Supplemental": 1297166000.0,
        "Total Operating Income As Reported": 55251689000.0,
        "Diluted Average Shares": NaN,
        "Basic Average Shares": NaN,
        "Diluted EPS": NaN,
        "Basic EPS": NaN,
        "Diluted NI Availto Com Stockholders": -7129996000.0,
        "Net Income Common Stockholders": -7129996000.0,
        "Net Income": -7129996000.0,
        "Minority Interests": -524000.0,
        "Net Income Including Noncontrolling Interests": -7129472000.0,
        "Net Income Continuous Operations": -7129472000.0,
        "Tax Provision": -7376403000.0,
        "Pretax Income": -14505875000.0,
        "Other Income Expense": -73762507000.0,
        "Other Non Operating Income Expenses": -50048095000.0,
        "Special Income Charges": NaN,
        "Gain On Sale Of Ppe": NaN,
        "Other Special Charges": NaN,
        "Earnings From Equity Interest": -94647000.0,
        "Gain On Sale Of Security": -23641836000.0,
        "Net Non Operating Interest Income Expense": 3932621000.0,
        "Total Other Finance Cost": 1535888000.0,
        "Interest Expense Non Operating": 13948508000.0,
        "Interest Income Non Operating": 19417017000.0,
        "Operating Income": 55324011000.0,
        "Operating Expense": 23030403000.0,
        "Other Operating Expenses": -3392272000.0,
        "Other Taxes": 13436248000.0,
        "Depreciation Amortization Depletion Income Statement": 1447261000.0,
        "Depreciation And Amortization In Income Statement": 1447261000.0,
        "Depreciation Income Statement": 1447261000.0,
        "Selling General And Administration": 11131324000.0,
        "Selling And Marketing Expense": 565835000.0,
        "General And Administrative Expense": 10565489000.0,
        "Other Gand A": 3901668000.0,
        "Insurance And Claims": 75382000.0,
        "Rent And Landing Fees": 19396000.0,
        "Salaries And Wages": 6569043000.0,
        "Gross Profit": 78354414000.0,
        "Cost Of Revenue": 142051643000.0,
        "Total Revenue": 220406057000.0,
        "Operating Revenue": 220406057000.0
    },
    "2024-03-31": {
        "Tax Effect Of Unusual Items": 9241740681.494213,
        "Tax Rate For Calcs": 0.355998,
        "Normalized EBITDA": 94624491000.0,
        "Total Unusual Items": 25960068000.0,
        "Total Unusual Items Excluding Goodwill": 25960068000.0,
        "Net Income From Continuing Operation Net Minority Interest": 55932166000.0,
        "Reconciled Depreciation": 22724517000.0,
        "Reconciled Cost Of Revenue": 79219464000.0,
        "EBITDA": 120584559000.0,
        "EBIT": 97860042000.0,
        "Net Interest Income": -4297768000.0,
        "Interest Expense": 11009397000.0,
        "Interest Income": 16833468000.0,
        "Normalized Income": 39213838681.49421,
        "Net Income From Continuing And Discontinued Operation": 55932166000.0,
        "Total Expenses": 124001352000.0,
        "Rent Expense Supplemental": 20126000.0,
        "Total Operating Income As Reported": 65293199000.0,
        "Diluted Average Shares": 150552212.0,
        "Basic Average Shares": 150552212.0,
        "Diluted EPS": 371.5,
        "Basic EPS": 371.5,
        "Diluted NI Availto Com Stockholders": 55932166000.0,
        "Net Income Common Stockholders": 55932166000.0,
        "Net Income": 55932166000.0,
        "Minority Interests": 205000.0,
        "Net Income Including Noncontrolling Interests": 55931961000.0,
        "Net Income Continuous Operations": 55931961000.0,
        "Tax Provision": 30918684000.0,
        "Pretax Income": 86850645000.0,
        "Other Income Expense": 25600046000.0,
        "Other Non Operating Income Expenses": -7930507000.0,
        "Special Income Charges": NaN,
        "Gain On Sale Of Ppe": NaN,
        "Other Special Charges": NaN,
        "Earnings From Equity Interest": -360022000.0,
        "Gain On Sale Of Security": 25960068000.0,
        "Net Non Operating Interest Income Expense": -4297768000.0,
        "Total Other Finance Cost": 10121839000.0,
        "Interest Expense Non Operating": 11009397000.0,
        "Interest Income Non Operating": 16833468000.0,
        "Operating Income": 65548367000.0,
        "Operating Expense": 22891500000.0,
        "Other Operating Expenses": -1435730000.0,
        "Other Taxes": 13744369000.0,
        "Depreciation Amortization Depletion Income Statement": 834129000.0,
        "Depreciation And Amortization In Income Statement": 834129000.0,
        "Depreciation Income Statement": 834129000.0,
        "Selling General And Administration": 9542123000.0,
        "Selling And Marketing Expense": 551708000.0,
        "General And Administrative Expense": 8990415000.0,
        "Other Gand A": 4610667000.0,
        "Insurance And Claims": 54319000.0,
        "Rent And Landing Fees": 20126000.0,
        "Salaries And Wages": 4305303000.0,
        "Gross Profit": 88439867000.0,
        "Cost Of Revenue": 101109852000.0,
        "Total Revenue": 189549719000.0,
        "Operating Revenue": 189549719000.0
    },
    "2024-06-30": {
        "Tax Effect Of Unusual Items": 11372662376.81831,
        "Tax Rate For Calcs": 0.38493,
        "Normalized EBITDA": 149432535000.0,
        "Total Unusual Items": 29544758000.0,
        "Total Unusual Items Excluding Goodwill": 29544758000.0,
        "Net Income From Continuing Operation Net Minority Interest": 85707739000.0,
        "Reconciled Depreciation": 29591541000.0,
        "Reconciled Cost Of Revenue": 112253397000.0,
        "EBITDA": 178977293000.0,
        "EBIT": 149385752000.0,
        "Net Interest Income": -18201918000.0,
        "Interest Expense": 10039556000.0,
        "Interest Income": 7814894000.0,
        "Normalized Income": 67535643376.818306,
        "Net Income From Continuing And Discontinued Operation": 85707739000.0,
        "Total Expenses": 132474736000.0,
        "Rent Expense Supplemental": NaN,
        "Total Operating Income As Reported": 126647737000.0,
        "Diluted Average Shares": 150552212.0,
        "Basic Average Shares": 150552212.0,
        "Diluted EPS": 569.3,
        "Basic EPS": 569.3,
        "Diluted NI Availto Com Stockholders": 85707739000.0,
        "Net Income Common Stockholders": 85707739000.0,
        "Net Income": 85707739000.0,
        "Minority Interests": 68000.0,
        "Net Income Including Noncontrolling Interests": 85707671000.0,
        "Net Income Continuous Operations": 85707671000.0,
        "Tax Provision": 53638525000.0,
        "Pretax Income": 139346196000.0,
        "Other Income Expense": 29889022000.0,
        "Other Non Operating Income Expenses": -11588455000.0,
        "Special Income Charges": -1011355000.0,
        "Gain On Sale Of Ppe": -1015059000.0,
        "Other Special Charges": -3704000.0,
        "Earnings From Equity Interest": 344264000.0,
        "Gain On Sale Of Security": 30556113000.0,
        "Net Non Operating Interest Income Expense": -18201918000.0,
        "Total Other Finance Cost": 15977256000.0,
        "Interest Expense Non Operating": 10039556000.0,
        "Interest Income Non Operating": 7814894000.0,
        "Operating Income": 127659092000.0,
        "Operating Expense": 20221339000.0,
        "Other Operating Expenses": -4020407000.0,
        "Other Taxes": 757151000.0,
        "Depreciation Amortization Depletion Income Statement": NaN,
        "Depreciation And Amortization In Income Statement": NaN,
        "Depreciation Income Statement": NaN,
        "Selling General And Administration": 23484595000.0,
        "Selling And Marketing Expense": 14926346000.0,
        "General And Administrative Expense": 8558249000.0,
        "Other Gand A": 8558249000.0,
        "Insurance And Claims": NaN,
        "Rent And Landing Fees": NaN,
        "Salaries And Wages": NaN,
        "Gross Profit": 147880431000.0,
        "Cost Of Revenue": 112253397000.0,
        "Total Revenue": 260133828000.0,
        "Operating Revenue": 260133828000.0
    },
    "2024-09-30": {
        "Tax Effect Of Unusual Items": -6084613891.097489,
        "Tax Rate For Calcs": 0.330721,
        "Normalized EBITDA": 145963942000.0,
        "Total Unusual Items": -18398000000.0,
        "Total Unusual Items Excluding Goodwill": -18398000000.0,
        "Net Income From Continuing Operation Net Minority Interest": 52188000000.0,
        "Reconciled Depreciation": 36127942000.0,
        "Reconciled Cost Of Revenue": 126036000000.0,
        "EBITDA": 127565942000.0,
        "EBIT": 91438000000.0,
        "Net Interest Income": 4650000000.0,
        "Interest Expense": 13460000000.0,
        "Interest Income": 20952000000.0,
        "Normalized Income": 64501386108.90251,
        "Net Income From Continuing And Discontinued Operation": 52188000000.0,
        "Total Expenses": 151303000000.0,
        "Rent Expense Supplemental": NaN,
        "Total Operating Income As Reported": 105026000000.0,
        "Diluted Average Shares": 150549546.0,
        "Basic Average Shares": 150549546.0,
        "Diluted EPS": 346.65,
        "Basic EPS": 346.65,
        "Diluted NI Availto Com Stockholders": 52188000000.0,
        "Net Income Common Stockholders": 52188000000.0,
        "Net Income": 52188000000.0,
        "Minority Interests": NaN,
        "Net Income Including Noncontrolling Interests": 52188000000.0,
        "Net Income Continuous Operations": 52188000000.0,
        "Tax Provision": 25789000000.0,
        "Pretax Income": 77978000000.0,
        "Other Income Expense": -31699000000.0,
        "Other Non Operating Income Expenses": -13523000000.0,
        "Special Income Charges": NaN,
        "Gain On Sale Of Ppe": NaN,
        "Other Special Charges": NaN,
        "Earnings From Equity Interest": 222000000.0,
        "Gain On Sale Of Security": -18398000000.0,
        "Net Non Operating Interest Income Expense": 4650000000.0,
        "Total Other Finance Cost": 2842000000.0,
        "Interest Expense Non Operating": 13460000000.0,
        "Interest Income Non Operating": 20952000000.0,
        "Operating Income": 105026000000.0,
        "Operating Expense": 25267000000.0,
        "Other Operating Expenses": -442000000.0,
        "Other Taxes": NaN,
        "Depreciation Amortization Depletion Income Statement": NaN,
        "Depreciation And Amortization In Income Statement": NaN,
        "Depreciation Income Statement": NaN,
        "Selling General And Administration": 25709000000.0,
        "Selling And Marketing Expense": NaN,
        "General And Administrative Expense": 25709000000.0,
        "Other Gand A": 25709000000.0,
        "Insurance And Claims": NaN,
        "Rent And Landing Fees": NaN,
        "Salaries And Wages": NaN,
        "Gross Profit": 130293000000.0,
        "Cost Of Revenue": 126036000000.0,
        "Total Revenue": 256329000000.0,
        "Operating Revenue": 256329000000.0
    }
}