{
    "2023-06-30": {
        "Tax Effect Of Unusual Items": 0.0,
        "Tax Rate For Calcs": 0.179902,
        "Net Income From Continuing Operation Net Minority Interest": 15987000.0,
        "Reconciled Depreciation": 1669000.0,
        "Net Interest Income": 42187000.0,
        "Interest Expense": 14042000.0,
        "Interest Income": 56229000.0,
        "Normalized Income": 15987000.0,
        "Net Income From Continuing And Discontinued Operation": 15987000.0,
        "Diluted Average Shares": 12022000.0,
        "Basic Average Shares": 12022000.0,
        "Diluted EPS": 1.33,
        "Basic EPS": 1.33,
        "Diluted NI Availto Com Stockholders": 15987000.0,
        "Net Income Common Stockholders": 15987000.0,
        "Net Income": 15987000.0,
        "Net Income Including Noncontrolling Interests": 15987000.0,
        "Net Income Continuous Operations": 15987000.0,
        "Tax Provision": 3507000.0,
        "Pretax Income": 19494000.0,
        "Gain On Sale Of Security": 0.0,
        "Selling General And Administration": 17523000.0,
        "General And Administrative Expense": 17523000.0,
        "Insurance And Claims": 577000.0,
        "Salaries And Wages": 16946000.0,
        "Total Revenue": 52640000.0,
        "Operating Revenue": 52640000.0,
        "Occupancy And Equipment": 5657000.0,
        "Other Non Interest Expense": 8166000.0
    },
    "2023-03-31": {
        "Tax Effect Of Unusual Items": 0.0,
        "Tax Rate For Calcs": 0.1842,
        "Net Income From Continuing Operation Net Minority Interest": 15980000.0,
        "Reconciled Depreciation": 1581000.0,
        "Net Interest Income": 44335000.0,
        "Interest Expense": 10365000.0,
        "Interest Income": 54700000.0,
        "Normalized Income": 15980000.0,
        "Net Income From Continuing And Discontinued Operation": 15980000.0,
        "Diluted Average Shares": 12058000.0,
        "Basic Average Shares": 12058000.0,
        "Diluted EPS": 1.33,
        "Basic EPS": 1.33,
        "Diluted NI Availto Com Stockholders": 15980000.0,
        "Net Income Common Stockholders": 15980000.0,
        "Net Income": 15980000.0,
        "Net Income Including Noncontrolling Interests": 15980000.0,
        "Net Income Continuous Operations": 15980000.0,
        "Tax Provision": 3609000.0,
        "Pretax Income": 19589000.0,
        "Gain On Sale Of Security": 0.0,
        "Selling General And Administration": 17945000.0,
        "General And Administrative Expense": 17945000.0,
        "Insurance And Claims": 787000.0,
        "Salaries And Wages": 17158000.0,
        "Total Revenue": 53710000.0,
        "Operating Revenue": 53710000.0,
        "Occupancy And Equipment": 5898000.0,
        "Other Non Interest Expense": 8478000.0
    },
    "2022-12-31": {
        "Tax Effect Of Unusual Items": NaN,
        "Tax Rate For Calcs": NaN,
        "Net Income From Continuing Operation Net Minority Interest": NaN,
        "Reconciled Depreciation": NaN,
        "Net Interest Income": NaN,
        "Interest Expense": NaN,
        "Interest Income": NaN,
        "Normalized Income": NaN,
        "Net Income From Continuing And Discontinued Operation": NaN,
        "Diluted Average Shares": NaN,
        "Basic Average Shares": NaN,
        "Diluted EPS": NaN,
        "Basic EPS": NaN,
        "Diluted NI Availto Com Stockholders": NaN,
        "Net Income Common Stockholders": NaN,
        "Net Income": NaN,
        "Net Income Including Noncontrolling Interests": NaN,
        "Net Income Continuous Operations": NaN,
        "Tax Provision": NaN,
        "Pretax Income": NaN,
        "Gain On Sale Of Security": -2000.0,
        "Selling General And Administration": NaN,
        "General And Administrative Expense": NaN,
        "Insurance And Claims": NaN,
        "Salaries And Wages": NaN,
        "Total Revenue": NaN,
        "Operating Revenue": NaN,
        "Occupancy And Equipment": NaN,
        "Other Non Interest Expense": NaN
    },
    "2022-09-30": {
        "Tax Effect Of Unusual Items": NaN,
        "Tax Rate For Calcs": NaN,
        "Net Income From Continuing Operation Net Minority Interest": NaN,
        "Reconciled Depreciation": NaN,
        "Net Interest Income": NaN,
        "Interest Expense": NaN,
        "Interest Income": NaN,
        "Normalized Income": NaN,
        "Net Income From Continuing And Discontinued Operation": NaN,
        "Diluted Average Shares": 12029000.0,
        "Basic Average Shares": 12029000.0,
        "Diluted EPS": 1.5,
        "Basic EPS": 1.5,
        "Diluted NI Availto Com Stockholders": NaN,
        "Net Income Common Stockholders": NaN,
        "Net Income": NaN,
        "Net Income Including Noncontrolling Interests": NaN,
        "Net Income Continuous Operations": NaN,
        "Tax Provision": NaN,
        "Pretax Income": NaN,
        "Gain On Sale Of Security": NaN,
        "Selling General And Administration": NaN,
        "General And Administrative Expense": NaN,
        "Insurance And Claims": NaN,
        "Salaries And Wages": NaN,
        "Total Revenue": NaN,
        "Operating Revenue": NaN
    },
    "2022-06-30": {
        "Tax Effect Of Unusual Items": 0.0,
        "Tax Rate For Calcs": 0.1917,
        "Net Income From Continuing Operation Net Minority Interest": 15613000.0,
        "Reconciled Depreciation": 1571000.0,
        "Net Interest Income": 40469000.0,
        "Interest Expense": 2734000.0,
        "Interest Income": 43203000.0,
        "Normalized Income": 15613000.0,
        "Net Income From Continuing And Discontinued Operation": 15613000.0,
        "Diluted Average Shares": 12248000.0,
        "Basic Average Shares": 12248000.0,
        "Diluted EPS": 1.27,
        "Basic EPS": 1.27,
        "Diluted NI Availto Com Stockholders": 15613000.0,
        "Net Income Common Stockholders": 15613000.0,
        "Net Income": 15613000.0,
        "Net Income Including Noncontrolling Interests": 15613000.0,
        "Net Income Continuous Operations": 15613000.0,
        "Tax Provision": 3702000.0,
        "Pretax Income": 19315000.0,
        "Gain On Sale Of Security": 0.0,
        "Selling General And Administration": 16210000.0,
        "General And Administrative Expense": 16210000.0,
        "Insurance And Claims": 542000.0,
        "Salaries And Wages": 15668000.0,
        "Total Revenue": 50739000.0,
        "Operating Revenue": 50739000.0
    },
    "2022-03-31": {
        "Diluted EPS": 1.67,
        "Total Revenue": 53,
        "Gross Profit": 52,
        "Operating Income": 27,
        "EBIT": NaN,
        "Net Income": 21
    },
    "2021-12-31": {
        "Diluted EPS": 0.59,
        "Total Revenue": 50,
        "Gross Profit": 48,
        "Operating Income": 9,
        "EBIT": NaN,
        "Net Income": 7
    },
    "2021-09-30": {
        "Diluted EPS": 1.24,
        "Total Revenue": 49,
        "Gross Profit": 47,
        "Operating Income": 20,
        "EBIT": NaN,
        "Net Income": 16
    },
    "2021-06-30": {
        "Diluted EPS": 1.24,
        "Total Revenue": 49,
        "Gross Profit": 47,
        "Operating Income": 21,
        "EBIT": NaN,
        "Net Income": 17
    },
    "2021-03-31": {
        "Diluted EPS": 0.95,
        "Total Revenue": 47,
        "Gross Profit": 44,
        "Operating Income": 16,
        "EBIT": NaN,
        "Net Income": 13
    },
    "2020-12-31": {
        "Diluted EPS": 1.15,
        "Total Revenue": 53,
        "Gross Profit": 50,
        "Operating Income": 19,
        "EBIT": NaN,
        "Net Income": 16
    },
    "2020-09-30": {
        "Diluted EPS": 1.02,
        "Total Revenue": 51,
        "Gross Profit": 48,
        "Operating Income": 17,
        "EBIT": NaN,
        "Net Income": 14
    },
    "2020-06-30": {
        "Diluted EPS": 0.87,
        "Total Revenue": 48,
        "Gross Profit": 45,
        "Operating Income": 15,
        "EBIT": NaN,
        "Net Income": 12
    },
    "2020-03-31": {
        "Diluted EPS": 0.89,
        "Total Revenue": 50,
        "Gross Profit": 45,
        "Operating Income": 15,
        "EBIT": NaN,
        "Net Income": 12
    },
    "2019-12-31": {
        "Diluted EPS": 1.06,
        "Total Revenue": 55,
        "Gross Profit": 50,
        "Operating Income": 18,
        "EBIT": NaN,
        "Net Income": 14
    },
    "2019-09-30": {
        "Diluted EPS": 0.93,
        "Total Revenue": 49,
        "Gross Profit": 44,
        "Operating Income": 15,
        "EBIT": NaN,
        "Net Income": 12
    },
    "2019-06-30": {
        "Diluted EPS": 1.02,
        "Total Revenue": 43,
        "Gross Profit": 39,
        "Operating Income": 16,
        "EBIT": NaN,
        "Net Income": 13
    },
    "2019-03-31": {
        "Diluted EPS": 0.79,
        "Total Revenue": 40,
        "Gross Profit": 37,
        "Operating Income": 12,
        "EBIT": NaN,
        "Net Income": 10
    },
    "2018-12-31": {
        "Diluted EPS": 0.9,
        "Total Revenue": 41,
        "Gross Profit": 38,
        "Operating Income": 13,
        "EBIT": NaN,
        "Net Income": 11
    },
    "2018-09-30": {
        "Diluted EPS": 0.92,
        "Total Revenue": 40,
        "Gross Profit": 38,
        "Operating Income": 14,
        "EBIT": NaN,
        "Net Income": 11
    },
    "2018-06-30": {
        "Diluted EPS": 1.25,
        "Total Revenue": 46,
        "Gross Profit": 44,
        "Operating Income": 20,
        "EBIT": NaN,
        "Net Income": 15
    },
    "2018-03-31": {
        "Diluted EPS": 0.73,
        "Total Revenue": 37,
        "Gross Profit": 36,
        "Operating Income": 11,
        "EBIT": NaN,
        "Net Income": 9
    },
    "2017-12-31": {
        "Diluted EPS": 0.21,
        "Total Revenue": 38,
        "Gross Profit": 36,
        "Operating Income": 13,
        "EBIT": NaN,
        "Net Income": 3
    },
    "2017-09-30": {
        "Diluted EPS": 0.72,
        "Total Revenue": 37,
        "Gross Profit": 36,
        "Operating Income": 12,
        "EBIT": NaN,
        "Net Income": 9
    },
    "2017-06-30": {
        "Diluted EPS": 0.68,
        "Total Revenue": 36,
        "Gross Profit": 35,
        "Operating Income": 12,
        "EBIT": NaN,
        "Net Income": 8
    },
    "2017-03-31": {
        "Diluted EPS": 0.77,
        "Total Revenue": 39,
        "Gross Profit": 38,
        "Operating Income": 13,
        "EBIT": NaN,
        "Net Income": 9
    },
    "2016-12-31": {
        "Diluted EPS": 0.69,
        "Total Revenue": 36,
        "Gross Profit": 35,
        "Operating Income": 12,
        "EBIT": NaN,
        "Net Income": 8
    },
    "2016-09-30": {
        "Diluted EPS": 0.67,
        "Total Revenue": 35,
        "Gross Profit": 34,
        "Operating Income": 11,
        "EBIT": NaN,
        "Net Income": 8
    },
    "2016-06-30": {
        "Diluted EPS": 0.68,
        "Total Revenue": 35,
        "Gross Profit": 34,
        "Operating Income": 11,
        "EBIT": NaN,
        "Net Income": 8
    },
    "2016-03-31": {
        "Diluted EPS": 1.08,
        "Total Revenue": 50,
        "Gross Profit": 49,
        "Operating Income": 24,
        "EBIT": NaN,
        "Net Income": 14
    },
    "2015-12-31": {
        "Diluted EPS": 0.56,
        "Total Revenue": 36,
        "Gross Profit": 35,
        "Operating Income": 9,
        "EBIT": NaN,
        "Net Income": 7
    },
    "2015-09-30": {
        "Diluted EPS": 0.65,
        "Total Revenue": 38,
        "Gross Profit": 37,
        "Operating Income": 11,
        "EBIT": NaN,
        "Net Income": 8
    },
    "2015-06-30": {
        "Diluted EPS": 0.54,
        "Total Revenue": 37,
        "Gross Profit": 36,
        "Operating Income": 9,
        "EBIT": NaN,
        "Net Income": 7
    },
    "2015-03-31": {
        "Diluted EPS": 0.6,
        "Total Revenue": 37,
        "Gross Profit": 36,
        "Operating Income": 11,
        "EBIT": NaN,
        "Net Income": 8
    },
    "2014-12-31": {
        "Diluted EPS": 0.71,
        "Total Revenue": 39,
        "Gross Profit": 38,
        "Operating Income": 12,
        "EBIT": NaN,
        "Net Income": 9
    },
    "2014-09-30": {
        "Diluted EPS": 0.62,
        "Total Revenue": 39,
        "Gross Profit": 38,
        "Operating Income": 11,
        "EBIT": NaN,
        "Net Income": 8
    },
    "2014-06-30": {
        "Diluted EPS": 0.63,
        "Total Revenue": 38,
        "Gross Profit": 36,
        "Operating Income": 12,
        "EBIT": NaN,
        "Net Income": 8
    },
    "2014-03-31": {
        "Diluted EPS": 0.59,
        "Total Revenue": 39,
        "Gross Profit": 37,
        "Operating Income": 12,
        "EBIT": NaN,
        "Net Income": 8
    },
    "2013-12-31": {
        "Diluted EPS": 0.67,
        "Total Revenue": 41,
        "Gross Profit": 39,
        "Operating Income": 13,
        "EBIT": NaN,
        "Net Income": 9
    },
    "2013-09-30": {
        "Diluted EPS": 0.64,
        "Total Revenue": 39,
        "Gross Profit": 37,
        "Operating Income": 12,
        "EBIT": NaN,
        "Net Income": 8
    },
    "2013-06-30": {
        "Diluted EPS": 0.48,
        "Total Revenue": 38,
        "Gross Profit": 35,
        "Operating Income": 9,
        "EBIT": NaN,
        "Net Income": 6
    },
    "2013-03-31": {
        "Diluted EPS": 0.58,
        "Total Revenue": 39,
        "Gross Profit": 36,
        "Operating Income": 11,
        "EBIT": NaN,
        "Net Income": 8
    },
    "2012-12-31": {
        "Diluted EPS": 0.65,
        "Total Revenue": 40,
        "Gross Profit": 37,
        "Operating Income": 12,
        "EBIT": NaN,
        "Net Income": 9
    },
    "2012-09-30": {
        "Diluted EPS": 0.61,
        "Total Revenue": 40,
        "Gross Profit": 37,
        "Operating Income": 12,
        "EBIT": NaN,
        "Net Income": 8
    },
    "2012-06-30": {
        "Diluted EPS": 0.66,
        "Total Revenue": 41,
        "Gross Profit": 37,
        "Operating Income": 13,
        "EBIT": NaN,
        "Net Income": 9
    },
    "2012-03-31": {
        "Diluted EPS": 0.56,
        "Total Revenue": 41,
        "Gross Profit": 37,
        "Operating Income": 10,
        "EBIT": NaN,
        "Net Income": 7
    },
    "2011-12-31": {
        "Diluted EPS": 0.77,
        "Total Revenue": 37,
        "Gross Profit": 33,
        "Operating Income": 12,
        "EBIT": NaN,
        "Net Income": 10
    },
    "2011-09-30": {
        "Diluted EPS": 0.75,
        "Total Revenue": 38,
        "Gross Profit": 34,
        "Operating Income": 14,
        "EBIT": NaN,
        "Net Income": 10
    },
    "2011-06-30": {
        "Diluted EPS": 0.64,
        "Total Revenue": 37,
        "Gross Profit": 33,
        "Operating Income": 12,
        "EBIT": NaN,
        "Net Income": 8
    },
    "2011-03-31": {
        "Diluted EPS": 0.67,
        "Total Revenue": 38,
        "Gross Profit": 33,
        "Operating Income": 13,
        "EBIT": NaN,
        "Net Income": 9
    },
    "2010-12-31": {
        "Diluted EPS": 0.66,
        "Total Revenue": 40,
        "Gross Profit": 34,
        "Operating Income": 12,
        "EBIT": NaN,
        "Net Income": 8
    },
    "2010-09-30": {
        "Diluted EPS": 0.46,
        "Total Revenue": 38,
        "Gross Profit": 32,
        "Operating Income": 9,
        "EBIT": NaN,
        "Net Income": 6
    },
    "2010-06-30": {
        "Diluted EPS": 0.59,
        "Total Revenue": 39,
        "Gross Profit": 32,
        "Operating Income": 11,
        "EBIT": NaN,
        "Net Income": 8
    },
    "2010-03-31": {
        "Diluted EPS": 0.43,
        "Total Revenue": 36,
        "Gross Profit": 28,
        "Operating Income": 8,
        "EBIT": NaN,
        "Net Income": 6
    },
    "2009-12-31": {
        "Diluted EPS": 0.44,
        "Total Revenue": 40,
        "Gross Profit": 30,
        "Operating Income": 8,
        "EBIT": NaN,
        "Net Income": 6
    },
    "2009-09-30": {
        "Diluted EPS": 0.59,
        "Total Revenue": 43,
        "Gross Profit": 33,
        "Operating Income": 11,
        "EBIT": NaN,
        "Net Income": 8
    },
    "2009-06-30": {
        "Diluted EPS": 0.35,
        "Total Revenue": 37,
        "Gross Profit": 27,
        "Operating Income": 6,
        "EBIT": NaN,
        "Net Income": 5
    },
    "2009-03-31": {
        "Diluted EPS": 0.35,
        "Total Revenue": 36,
        "Gross Profit": 25,
        "Operating Income": 6,
        "EBIT": NaN,
        "Net Income": 5
    },
    "2023-09-30": {
        "Tax Effect Of Unusual Items": 0.0,
        "Tax Rate For Calcs": 0.156742,
        "Net Income From Continuing Operation Net Minority Interest": 16285000.0,
        "Reconciled Depreciation": 1653000.0,
        "Net Interest Income": 41150000.0,
        "Interest Expense": 17573000.0,
        "Interest Income": 58723000.0,
        "Normalized Income": 16285000.0,
        "Net Income From Continuing And Discontinued Operation": 16285000.0,
        "Diluted Average Shares": 11901000.0,
        "Basic Average Shares": 11901000.0,
        "Diluted EPS": 1.37,
        "Basic EPS": 1.37,
        "Diluted NI Availto Com Stockholders": 16285000.0,
        "Net Income Common Stockholders": 16285000.0,
        "Net Income": 16285000.0,
        "Net Income Including Noncontrolling Interests": 16285000.0,
        "Net Income Continuous Operations": 16285000.0,
        "Tax Provision": 3027000.0,
        "Pretax Income": 19312000.0,
        "Gain On Sale Of Security": 0.0,
        "Selling General And Administration": 17772000.0,
        "General And Administrative Expense": 17772000.0,
        "Insurance And Claims": 613000.0,
        "Salaries And Wages": 17159000.0,
        "Total Revenue": 52777000.0,
        "Operating Revenue": 52777000.0,
        "Occupancy And Equipment": 5969000.0,
        "Other Non Interest Expense": 8524000.0
    },
    "2023-12-31": {
        "Tax Effect Of Unusual Items": 0.0,
        "Tax Rate For Calcs": 0.119024,
        "Net Income From Continuing Operation Net Minority Interest": 12420000.0,
        "Reconciled Depreciation": 1627000.0,
        "Net Interest Income": 39590000.0,
        "Interest Expense": 19155000.0,
        "Interest Income": 58745000.0,
        "Normalized Income": 12420000.0,
        "Net Income From Continuing And Discontinued Operation": 12420000.0,
        "Diluted Average Shares": NaN,
        "Basic Average Shares": NaN,
        "Diluted EPS": NaN,
        "Basic EPS": NaN,
        "Diluted NI Availto Com Stockholders": 12420000.0,
        "Net Income Common Stockholders": 12420000.0,
        "Net Income": 12420000.0,
        "Net Income Including Noncontrolling Interests": 12420000.0,
        "Net Income Continuous Operations": 12420000.0,
        "Tax Provision": 1678000.0,
        "Pretax Income": 14098000.0,
        "Gain On Sale Of Security": -1000.0,
        "Selling General And Administration": 18192000.0,
        "General And Administrative Expense": 18192000.0,
        "Insurance And Claims": 930000.0,
        "Salaries And Wages": 17262000.0,
        "Total Revenue": 50837000.0,
        "Operating Revenue": 50837000.0,
        "Occupancy And Equipment": 5847000.0,
        "Other Non Interest Expense": 10205000.0
    },
    "2024-03-31": {
        "Tax Effect Of Unusual Items": 0.0,
        "Tax Rate For Calcs": 0.1679,
        "Net Income From Continuing Operation Net Minority Interest": 10924000.0,
        "Reconciled Depreciation": 1655000.0,
        "Net Interest Income": 38920000.0,
        "Interest Expense": 20483000.0,
        "Interest Income": 59403000.0,
        "Normalized Income": 10924000.0,
        "Net Income From Continuing And Discontinued Operation": 10924000.0,
        "Diluted Average Shares": 11803000.0,
        "Basic Average Shares": 11803000.0,
        "Diluted EPS": 0.93,
        "Basic EPS": 0.93,
        "Diluted NI Availto Com Stockholders": 10924000.0,
        "Net Income Common Stockholders": 10924000.0,
        "Net Income": 10924000.0,
        "Net Income Including Noncontrolling Interests": 10924000.0,
        "Net Income Continuous Operations": 10924000.0,
        "Tax Provision": 2205000.0,
        "Pretax Income": 13129000.0,
        "Gain On Sale Of Security": NaN,
        "Selling General And Administration": 17992000.0,
        "General And Administrative Expense": 17992000.0,
        "Insurance And Claims": 662000.0,
        "Salaries And Wages": 17330000.0,
        "Total Revenue": 48351000.0,
        "Operating Revenue": 48351000.0,
        "Occupancy And Equipment": 6503000.0,
        "Other Non Interest Expense": 8927000.0
    }
}