{
    "2023-03-31": {
        "Tax Effect Of Unusual Items": -400067.294751,
        "Tax Rate For Calcs": 0.39031,
        "Normalized EBITDA": 20081000.0,
        "Total Unusual Items": -1025000.0,
        "Total Unusual Items Excluding Goodwill": -1025000.0,
        "Net Income From Continuing Operation Net Minority Interest": 7701000.0,
        "Reconciled Depreciation": 4674000.0,
        "Reconciled Cost Of Revenue": 68658000.0,
        "EBITDA": 19056000.0,
        "EBIT": 14382000.0,
        "Net Interest Income": -1751000.0,
        "Interest Expense": 1751000.0,
        "Normalized Income": 8325932.705249,
        "Net Income From Continuing And Discontinued Operation": 7701000.0,
        "Total Expenses": 107580000.0,
        "Total Operating Income As Reported": 13876000.0,
        "Diluted Average Shares": 33980000.0,
        "Basic Average Shares": 33505000.0,
        "Diluted EPS": 0.23,
        "Basic EPS": 0.23,
        "Diluted NI Availto Com Stockholders": 7701000.0,
        "Net Income Common Stockholders": 7701000.0,
        "Net Income": 7701000.0,
        "Net Income Including Noncontrolling Interests": 7701000.0,
        "Net Income Continuous Operations": 7701000.0,
        "Tax Provision": 4930000.0,
        "Pretax Income": 12631000.0,
        "Other Income Expense": -519000.0,
        "Other Non Operating Income Expenses": 506000.0,
        "Special Income Charges": -1025000.0,
        "Restructuring And Mergern Acquisition": 1025000.0,
        "Net Non Operating Interest Income Expense": -1751000.0,
        "Interest Expense Non Operating": 1751000.0,
        "Operating Income": 14901000.0,
        "Operating Expense": 36623000.0,
        "Depreciation Amortization Depletion Income Statement": 2375000.0,
        "Depreciation And Amortization In Income Statement": 2375000.0,
        "Amortization": 2375000.0,
        "Amortization Of Intangibles Income Statement": 2375000.0,
        "Selling General And Administration": 34248000.0,
        "Selling And Marketing Expense": 33957000.0,
        "General And Administrative Expense": 291000.0,
        "Other Gand A": 33957000.0,
        "Salaries And Wages": 291000.0,
        "Gross Profit": 51524000.0,
        "Cost Of Revenue": 70957000.0,
        "Total Revenue": 122481000.0,
        "Operating Revenue": 122481000.0
    },
    "2022-12-31": {
        "Tax Effect Of Unusual Items": -917929.928371,
        "Tax Rate For Calcs": 0.344052,
        "Normalized EBITDA": 19756000.0,
        "Total Unusual Items": -2668000.0,
        "Total Unusual Items Excluding Goodwill": -2668000.0,
        "Net Income From Continuing Operation Net Minority Interest": 8425000.0,
        "Reconciled Depreciation": 2367000.0,
        "Reconciled Cost Of Revenue": 71660000.0,
        "EBITDA": 17088000.0,
        "EBIT": 14721000.0,
        "Net Interest Income": -1877000.0,
        "Interest Expense": 1877000.0,
        "Normalized Income": 10175070.071629,
        "Net Income From Continuing And Discontinued Operation": 8425000.0,
        "Total Expenses": 105380000.0,
        "Total Operating Income As Reported": 14062000.0,
        "Diluted Average Shares": 33879733.0,
        "Basic Average Shares": 33493540.0,
        "Diluted EPS": 0.25,
        "Basic EPS": 0.25,
        "Diluted NI Availto Com Stockholders": 8425000.0,
        "Net Income Common Stockholders": 8425000.0,
        "Net Income": 8425000.0,
        "Net Income Including Noncontrolling Interests": 8425000.0,
        "Net Income Continuous Operations": 8425000.0,
        "Tax Provision": 4419000.0,
        "Pretax Income": 12844000.0,
        "Other Income Expense": -2009000.0,
        "Other Non Operating Income Expenses": 659000.0,
        "Special Income Charges": -2668000.0,
        "Restructuring And Mergern Acquisition": 2668000.0,
        "Net Non Operating Interest Income Expense": -1877000.0,
        "Interest Expense Non Operating": 1877000.0,
        "Operating Income": 16730000.0,
        "Operating Expense": 33720000.0,
        "Depreciation Amortization Depletion Income Statement": 2367000.0,
        "Depreciation And Amortization In Income Statement": 2367000.0,
        "Amortization": 2367000.0,
        "Amortization Of Intangibles Income Statement": 2367000.0,
        "Selling General And Administration": 31353000.0,
        "Selling And Marketing Expense": 30889000.0,
        "General And Administrative Expense": 31353000.0,
        "Other Gand A": 30889000.0,
        "Salaries And Wages": 464000.0,
        "Gross Profit": 50450000.0,
        "Cost Of Revenue": 71660000.0,
        "Total Revenue": 122110000.0,
        "Operating Revenue": 122110000.0
    },
    "2022-09-30": {
        "Tax Effect Of Unusual Items": 0.0,
        "Tax Rate For Calcs": 0.232,
        "Normalized EBITDA": 20660000.0,
        "Total Unusual Items": 0.0,
        "Total Unusual Items Excluding Goodwill": 0.0,
        "Net Income From Continuing Operation Net Minority Interest": 10984000.0,
        "Reconciled Depreciation": 4957000.0,
        "Reconciled Cost Of Revenue": 52111000.0,
        "EBITDA": 20660000.0,
        "EBIT": 15703000.0,
        "Net Interest Income": -1408000.0,
        "Interest Expense": 1408000.0,
        "Normalized Income": 10984000.0,
        "Net Income From Continuing And Discontinued Operation": 10984000.0,
        "Total Expenses": 84519000.0,
        "Total Operating Income As Reported": 16038000.0,
        "Diluted Average Shares": 33773475.0,
        "Basic Average Shares": 33476695.0,
        "Diluted EPS": 0.33,
        "Basic EPS": 0.33,
        "Diluted NI Availto Com Stockholders": 10984000.0,
        "Net Income Common Stockholders": 10984000.0,
        "Net Income": 10984000.0,
        "Net Income Including Noncontrolling Interests": 10984000.0,
        "Net Income Continuous Operations": 10984000.0,
        "Tax Provision": 3311000.0,
        "Pretax Income": 14295000.0,
        "Other Income Expense": -335000.0,
        "Other Non Operating Income Expenses": -335000.0,
        "Special Income Charges": 0.0,
        "Restructuring And Mergern Acquisition": 0.0,
        "Net Non Operating Interest Income Expense": -1408000.0,
        "Interest Expense Non Operating": 1408000.0,
        "Operating Income": 16038000.0,
        "Operating Expense": 29888000.0,
        "Depreciation Amortization Depletion Income Statement": 2437000.0,
        "Depreciation And Amortization In Income Statement": 2437000.0,
        "Amortization": 2437000.0,
        "Amortization Of Intangibles Income Statement": 2437000.0,
        "Selling General And Administration": 27451000.0,
        "Selling And Marketing Expense": 27754000.0,
        "General And Administrative Expense": 27451000.0,
        "Other Gand A": 27754000.0,
        "Salaries And Wages": -303000.0,
        "Gross Profit": 45926000.0,
        "Cost Of Revenue": 54631000.0,
        "Total Revenue": 100557000.0,
        "Operating Revenue": 100557000.0
    },
    "2022-06-30": {
        "Tax Effect Of Unusual Items": 0.0,
        "Tax Rate For Calcs": 0.307196,
        "Normalized EBITDA": 15193000.0,
        "Total Unusual Items": 0.0,
        "Total Unusual Items Excluding Goodwill": 0.0,
        "Net Income From Continuing Operation Net Minority Interest": 6556000.0,
        "Reconciled Depreciation": 4895000.0,
        "Reconciled Cost Of Revenue": 55590000.0,
        "EBITDA": 15193000.0,
        "EBIT": 10298000.0,
        "Net Interest Income": -835000.0,
        "Interest Expense": 835000.0,
        "Normalized Income": 6556000.0,
        "Net Income From Continuing And Discontinued Operation": 6556000.0,
        "Total Expenses": 84228000.0,
        "Total Operating Income As Reported": 11214000.0,
        "Diluted Average Shares": 33567284.0,
        "Basic Average Shares": 33399868.0,
        "Diluted EPS": 0.2,
        "Basic EPS": 0.2,
        "Diluted NI Availto Com Stockholders": 6556000.0,
        "Net Income Common Stockholders": 6556000.0,
        "Net Income": 6556000.0,
        "Net Income Including Noncontrolling Interests": 6556000.0,
        "Net Income Continuous Operations": 6556000.0,
        "Tax Provision": 2907000.0,
        "Pretax Income": 9463000.0,
        "Other Income Expense": -916000.0,
        "Other Non Operating Income Expenses": -916000.0,
        "Special Income Charges": 0.0,
        "Restructuring And Mergern Acquisition": 0.0,
        "Net Non Operating Interest Income Expense": -835000.0,
        "Interest Expense Non Operating": 835000.0,
        "Operating Income": 11214000.0,
        "Operating Expense": 26011000.0,
        "Depreciation Amortization Depletion Income Statement": 2268000.0,
        "Depreciation And Amortization In Income Statement": 2268000.0,
        "Amortization": 2268000.0,
        "Amortization Of Intangibles Income Statement": 2268000.0,
        "Selling General And Administration": 23743000.0,
        "Selling And Marketing Expense": 24403000.0,
        "General And Administrative Expense": 23743000.0,
        "Other Gand A": 24403000.0,
        "Salaries And Wages": -660000.0,
        "Gross Profit": 37225000.0,
        "Cost Of Revenue": 58217000.0,
        "Total Revenue": 95442000.0,
        "Operating Revenue": 95442000.0
    },
    "2023-06-30": {
        "Tax Effect Of Unusual Items": -132550.490438,
        "Tax Rate For Calcs": 0.228142,
        "Normalized EBITDA": 20775000.0,
        "Total Unusual Items": -581000.0,
        "Total Unusual Items Excluding Goodwill": -581000.0,
        "Net Income From Continuing Operation Net Minority Interest": 10938000.0,
        "Reconciled Depreciation": 4439000.0,
        "Reconciled Cost Of Revenue": 57528000.0,
        "EBITDA": 20194000.0,
        "EBIT": 15755000.0,
        "Net Interest Income": -1584000.0,
        "Interest Expense": 1584000.0,
        "Normalized Income": 11386449.509562,
        "Net Income From Continuing And Discontinued Operation": 10938000.0,
        "Total Expenses": 90894000.0,
        "Total Operating Income As Reported": 15414000.0,
        "Diluted Average Shares": 33863000.0,
        "Basic Average Shares": 33567000.0,
        "Diluted EPS": 0.32,
        "Basic EPS": 0.33,
        "Diluted NI Availto Com Stockholders": 10938000.0,
        "Net Income Common Stockholders": 10938000.0,
        "Net Income": 10938000.0,
        "Net Income Including Noncontrolling Interests": 10938000.0,
        "Net Income Continuous Operations": 10938000.0,
        "Tax Provision": 3233000.0,
        "Pretax Income": 14171000.0,
        "Other Income Expense": -240000.0,
        "Other Non Operating Income Expenses": 341000.0,
        "Special Income Charges": -581000.0,
        "Restructuring And Mergern Acquisition": 581000.0,
        "Net Non Operating Interest Income Expense": -1584000.0,
        "Interest Expense Non Operating": 1584000.0,
        "Operating Income": 15995000.0,
        "Operating Expense": 31314000.0,
        "Depreciation Amortization Depletion Income Statement": 2387000.0,
        "Depreciation And Amortization In Income Statement": 2387000.0,
        "Amortization": 2387000.0,
        "Amortization Of Intangibles Income Statement": 2387000.0,
        "Selling General And Administration": 28927000.0,
        "Selling And Marketing Expense": 28654000.0,
        "General And Administrative Expense": 273000.0,
        "Other Gand A": NaN,
        "Salaries And Wages": 273000.0,
        "Gross Profit": 47309000.0,
        "Cost Of Revenue": 59580000.0,
        "Total Revenue": 106889000.0,
        "Operating Revenue": 106889000.0
    },
    "2022-03-31": {
        "Diluted EPS": 0.27,
        "Total Revenue": 103,
        "Gross Profit": 41,
        "Operating Income": 13,
        "EBIT": 18,
        "Net Income": 9
    },
    "2021-12-31": {
        "Diluted EPS": 0.33,
        "Total Revenue": 101,
        "Gross Profit": 41,
        "Operating Income": 16,
        "EBIT": 21,
        "Net Income": 11
    },
    "2021-09-30": {
        "Diluted EPS": 0.01,
        "Total Revenue": 81,
        "Gross Profit": 32,
        "Operating Income": 6,
        "EBIT": 12,
        "Net Income": 0
    },
    "2021-06-30": {
        "Diluted EPS": -0.01,
        "Total Revenue": 71,
        "Gross Profit": 27,
        "Operating Income": 3,
        "EBIT": 8,
        "Net Income": 0
    },
    "2021-03-31": {
        "Diluted EPS": -0.03,
        "Total Revenue": 73,
        "Gross Profit": 27,
        "Operating Income": 1,
        "EBIT": 7,
        "Net Income": -1
    },
    "2020-12-31": {
        "Diluted EPS": 0.18,
        "Total Revenue": 80,
        "Gross Profit": 37,
        "Operating Income": 10,
        "EBIT": 15,
        "Net Income": 6
    },
    "2020-09-30": {
        "Diluted EPS": 0.06,
        "Total Revenue": 66,
        "Gross Profit": 29,
        "Operating Income": 3,
        "EBIT": 8,
        "Net Income": 2
    },
    "2020-06-30": {
        "Diluted EPS": -0.18,
        "Total Revenue": 57,
        "Gross Profit": 24,
        "Operating Income": -7,
        "EBIT": -1,
        "Net Income": -6
    },
    "2020-03-31": {
        "Diluted EPS": -0.09,
        "Total Revenue": 88,
        "Gross Profit": 36,
        "Operating Income": 2,
        "EBIT": 10,
        "Net Income": -3
    },
    "2019-12-31": {
        "Diluted EPS": 0.2,
        "Total Revenue": 100,
        "Gross Profit": 43,
        "Operating Income": 12,
        "EBIT": 20,
        "Net Income": 7
    },
    "2019-09-30": {
        "Diluted EPS": 0.21,
        "Total Revenue": 103,
        "Gross Profit": 45,
        "Operating Income": 13,
        "EBIT": 20,
        "Net Income": 7
    },
    "2019-06-30": {
        "Diluted EPS": 0.04,
        "Total Revenue": 92,
        "Gross Profit": 37,
        "Operating Income": 5,
        "EBIT": 12,
        "Net Income": 1
    },
    "2019-03-31": {
        "Diluted EPS": 0.21,
        "Total Revenue": 114,
        "Gross Profit": 45,
        "Operating Income": 14,
        "EBIT": 21,
        "Net Income": 7
    },
    "2018-12-31": {
        "Diluted EPS": 0.29,
        "Total Revenue": 119,
        "Gross Profit": 51,
        "Operating Income": 18,
        "EBIT": 25,
        "Net Income": 10
    },
    "2018-09-30": {
        "Diluted EPS": 0.1,
        "Total Revenue": 90,
        "Gross Profit": 40,
        "Operating Income": 9,
        "EBIT": 17,
        "Net Income": 3
    },
    "2018-06-30": {
        "Diluted EPS": 0.09,
        "Total Revenue": 89,
        "Gross Profit": 40,
        "Operating Income": 8,
        "EBIT": 17,
        "Net Income": 3
    },
    "2018-03-31": {
        "Diluted EPS": 0.18,
        "Total Revenue": 103,
        "Gross Profit": 47,
        "Operating Income": 14,
        "EBIT": 23,
        "Net Income": 6
    },
    "2017-12-31": {
        "Diluted EPS": 0.02,
        "Total Revenue": 93,
        "Gross Profit": 42,
        "Operating Income": 10,
        "EBIT": 18,
        "Net Income": 1
    },
    "2017-09-30": {
        "Diluted EPS": 0.15,
        "Total Revenue": 62,
        "Gross Profit": 31,
        "Operating Income": 7,
        "EBIT": 12,
        "Net Income": 5
    },
    "2017-06-30": {
        "Diluted EPS": 0.01,
        "Total Revenue": 52,
        "Gross Profit": 24,
        "Operating Income": 2,
        "EBIT": 6,
        "Net Income": 0
    },
    "2017-03-31": {
        "Diluted EPS": 0.1,
        "Total Revenue": 68,
        "Gross Profit": 28,
        "Operating Income": 5,
        "EBIT": 10,
        "Net Income": 3
    },
    "2016-12-31": {
        "Diluted EPS": 0.16,
        "Total Revenue": 64,
        "Gross Profit": 29,
        "Operating Income": 7,
        "EBIT": 12,
        "Net Income": 5
    },
    "2016-09-30": {
        "Diluted EPS": 0.11,
        "Total Revenue": 69,
        "Gross Profit": 29,
        "Operating Income": 6,
        "EBIT": 10,
        "Net Income": 4
    },
    "2016-06-30": {
        "Diluted EPS": 0.08,
        "Total Revenue": 63,
        "Gross Profit": 26,
        "Operating Income": 4,
        "EBIT": 9,
        "Net Income": 3
    },
    "2016-03-31": {
        "Diluted EPS": 0.1,
        "Total Revenue": 72,
        "Gross Profit": 32,
        "Operating Income": 6,
        "EBIT": 10,
        "Net Income": 3
    },
    "2015-12-31": {
        "Diluted EPS": 0.26,
        "Total Revenue": 74,
        "Gross Profit": 35,
        "Operating Income": 12,
        "EBIT": 17,
        "Net Income": 8
    },
    "2015-09-30": {
        "Diluted EPS": 0.21,
        "Total Revenue": 70,
        "Gross Profit": 33,
        "Operating Income": 11,
        "EBIT": 16,
        "Net Income": 7
    },
    "2015-06-30": {
        "Diluted EPS": 0.14,
        "Total Revenue": 65,
        "Gross Profit": 31,
        "Operating Income": 8,
        "EBIT": 12,
        "Net Income": 4
    },
    "2015-03-31": {
        "Diluted EPS": 0.32,
        "Total Revenue": 74,
        "Gross Profit": 34,
        "Operating Income": 13,
        "EBIT": 16,
        "Net Income": 11
    },
    "2014-12-31": {
        "Diluted EPS": 0.48,
        "Total Revenue": 88,
        "Gross Profit": 46,
        "Operating Income": 23,
        "EBIT": 27,
        "Net Income": 16
    },
    "2014-09-30": {
        "Diluted EPS": 0.36,
        "Total Revenue": 79,
        "Gross Profit": 41,
        "Operating Income": 18,
        "EBIT": 22,
        "Net Income": 12
    },
    "2014-06-30": {
        "Diluted EPS": 0.36,
        "Total Revenue": 68,
        "Gross Profit": 34,
        "Operating Income": 13,
        "EBIT": 16,
        "Net Income": 12
    },
    "2014-03-31": {
        "Diluted EPS": 0.3,
        "Total Revenue": 67,
        "Gross Profit": 33,
        "Operating Income": 14,
        "EBIT": 18,
        "Net Income": 10
    },
    "2013-12-31": {
        "Diluted EPS": 0.39,
        "Total Revenue": 71,
        "Gross Profit": 36,
        "Operating Income": 18,
        "EBIT": 21,
        "Net Income": 13
    },
    "2013-09-30": {
        "Diluted EPS": 0.33,
        "Total Revenue": 73,
        "Gross Profit": 35,
        "Operating Income": 14,
        "EBIT": 18,
        "Net Income": 11
    },
    "2013-06-30": {
        "Diluted EPS": -0.22,
        "Total Revenue": 66,
        "Gross Profit": 31,
        "Operating Income": 12,
        "EBIT": 20,
        "Net Income": -7
    },
    "2013-03-31": {
        "Diluted EPS": 0.18,
        "Total Revenue": 72,
        "Gross Profit": 32,
        "Operating Income": 12,
        "EBIT": 16,
        "Net Income": 6
    },
    "2012-12-31": {
        "Diluted EPS": 0.24,
        "Total Revenue": 77,
        "Gross Profit": 35,
        "Operating Income": 15,
        "EBIT": 19,
        "Net Income": 8
    },
    "2012-09-30": {
        "Diluted EPS": 0.22,
        "Total Revenue": 68,
        "Gross Profit": 33,
        "Operating Income": 15,
        "EBIT": 21,
        "Net Income": 7
    },
    "2012-06-30": {
        "Diluted EPS": 0.21,
        "Total Revenue": 68,
        "Gross Profit": 33,
        "Operating Income": 15,
        "EBIT": 19,
        "Net Income": 7
    },
    "2012-03-31": {
        "Diluted EPS": 0.24,
        "Total Revenue": 70,
        "Gross Profit": 34,
        "Operating Income": 15,
        "EBIT": 18,
        "Net Income": 6
    },
    "2011-12-31": {
        "Diluted EPS": 0.22,
        "Total Revenue": 69,
        "Gross Profit": 34,
        "Operating Income": 16,
        "EBIT": 19,
        "Net Income": 7
    },
    "2011-09-30": {
        "Diluted EPS": 0.12,
        "Total Revenue": 68,
        "Gross Profit": 32,
        "Operating Income": 14,
        "EBIT": 19,
        "Net Income": 4
    },
    "2011-06-30": {
        "Diluted EPS": -0.18,
        "Total Revenue": 65,
        "Gross Profit": 32,
        "Operating Income": -1,
        "EBIT": 6,
        "Net Income": -5
    },
    "2011-03-31": {
        "Diluted EPS": -0.16,
        "Total Revenue": 60,
        "Gross Profit": 26,
        "Operating Income": 6,
        "EBIT": 10,
        "Net Income": -4
    },
    "2010-12-31": {
        "Diluted EPS": 0.11,
        "Total Revenue": 65,
        "Gross Profit": 30,
        "Operating Income": 11,
        "EBIT": 13,
        "Net Income": 3
    },
    "2010-09-30": {
        "Diluted EPS": -0.07,
        "Total Revenue": 63,
        "Gross Profit": 25,
        "Operating Income": 5,
        "EBIT": 15,
        "Net Income": -2
    },
    "2010-06-30": {
        "Diluted EPS": -0.5,
        "Total Revenue": 51,
        "Gross Profit": 19,
        "Operating Income": 1,
        "EBIT": 16,
        "Net Income": -12
    },
    "2010-03-31": {
        "Diluted EPS": 0.0,
        "Total Revenue": NaN,
        "Gross Profit": NaN,
        "Operating Income": NaN,
        "EBIT": NaN,
        "Net Income": NaN
    },
    "2023-09-30": {
        "Tax Effect Of Unusual Items": -74268.828237,
        "Tax Rate For Calcs": 0.244305,
        "Normalized EBITDA": 26084000.0,
        "Total Unusual Items": -304000.0,
        "Total Unusual Items Excluding Goodwill": -304000.0,
        "Net Income From Continuing Operation Net Minority Interest": 14730000.0,
        "Reconciled Depreciation": 4363000.0,
        "Reconciled Cost Of Revenue": 67065000.0,
        "EBITDA": 25780000.0,
        "EBIT": 21417000.0,
        "Net Interest Income": -1925000.0,
        "Interest Expense": 1925000.0,
        "Normalized Income": 14959731.171763,
        "Net Income From Continuing And Discontinued Operation": 14730000.0,
        "Total Expenses": 101671000.0,
        "Total Operating Income As Reported": 21684000.0,
        "Diluted Average Shares": 34127000.0,
        "Basic Average Shares": 33689000.0,
        "Diluted EPS": 0.43,
        "Basic EPS": 0.44,
        "Diluted NI Availto Com Stockholders": 14730000.0,
        "Net Income Common Stockholders": 14730000.0,
        "Net Income": 14730000.0,
        "Net Income Including Noncontrolling Interests": 14730000.0,
        "Net Income Continuous Operations": 14730000.0,
        "Tax Provision": 4762000.0,
        "Pretax Income": 19492000.0,
        "Other Income Expense": -571000.0,
        "Other Non Operating Income Expenses": -267000.0,
        "Special Income Charges": -304000.0,
        "Restructuring And Mergern Acquisition": 304000.0,
        "Net Non Operating Interest Income Expense": -1925000.0,
        "Interest Expense Non Operating": 1925000.0,
        "Operating Income": 21988000.0,
        "Operating Expense": 32470000.0,
        "Depreciation Amortization Depletion Income Statement": 2227000.0,
        "Depreciation And Amortization In Income Statement": 2227000.0,
        "Amortization": 2227000.0,
        "Amortization Of Intangibles Income Statement": 2227000.0,
        "Selling General And Administration": 30243000.0,
        "Selling And Marketing Expense": NaN,
        "General And Administrative Expense": 30243000.0,
        "Other Gand A": 30490000.0,
        "Salaries And Wages": -247000.0,
        "Gross Profit": 54458000.0,
        "Cost Of Revenue": 69201000.0,
        "Total Revenue": 123659000.0,
        "Operating Revenue": 123659000.0
    }
}