{
    "2023-03-31": {
        "Tax Effect Of Unusual Items": NaN,
        "Tax Rate For Calcs": NaN,
        "Normalized EBITDA": NaN,
        "Net Income From Continuing Operation Net Minority Interest": NaN,
        "Reconciled Depreciation": NaN,
        "EBITDA": NaN,
        "EBIT": NaN,
        "Net Interest Income": NaN,
        "Interest Income": NaN,
        "Normalized Income": NaN,
        "Net Income From Continuing And Discontinued Operation": NaN,
        "Total Expenses": NaN,
        "Total Operating Income As Reported": NaN,
        "Diluted Average Shares": 39438572.0,
        "Basic Average Shares": 39438572.0,
        "Diluted EPS": -0.23,
        "Basic EPS": -0.23,
        "Diluted NI Availto Com Stockholders": NaN,
        "Net Income Common Stockholders": NaN,
        "Net Income": NaN,
        "Net Income Including Noncontrolling Interests": NaN,
        "Net Income Continuous Operations": NaN,
        "Pretax Income": NaN,
        "Other Income Expense": NaN,
        "Other Non Operating Income Expenses": NaN,
        "Net Non Operating Interest Income Expense": NaN,
        "Interest Income Non Operating": NaN,
        "Operating Income": NaN,
        "Operating Expense": NaN,
        "Research And Development": NaN,
        "Selling General And Administration": NaN,
        "General And Administrative Expense": NaN,
        "Other Gand A": NaN,
        "Total Revenue": NaN,
        "Operating Revenue": NaN
    },
    "2022-12-31": {
        "Tax Effect Of Unusual Items": 0.0,
        "Tax Rate For Calcs": 0.0,
        "Normalized EBITDA": -13550000.0,
        "Net Income From Continuing Operation Net Minority Interest": -11490000.0,
        "Reconciled Depreciation": NaN,
        "EBITDA": -13550000.0,
        "EBIT": -13550000.0,
        "Net Interest Income": NaN,
        "Interest Income": NaN,
        "Normalized Income": -11490000.0,
        "Net Income From Continuing And Discontinued Operation": -11490000.0,
        "Total Expenses": 13550000.0,
        "Total Operating Income As Reported": -13550000.0,
        "Diluted Average Shares": NaN,
        "Basic Average Shares": NaN,
        "Diluted EPS": NaN,
        "Basic EPS": NaN,
        "Diluted NI Availto Com Stockholders": -11490000.0,
        "Net Income Common Stockholders": -11490000.0,
        "Net Income": -11490000.0,
        "Net Income Including Noncontrolling Interests": -11490000.0,
        "Net Income Continuous Operations": -11490000.0,
        "Pretax Income": -11490000.0,
        "Other Income Expense": 2060000.0,
        "Other Non Operating Income Expenses": 2060000.0,
        "Net Non Operating Interest Income Expense": NaN,
        "Interest Income Non Operating": NaN,
        "Operating Income": -13550000.0,
        "Operating Expense": 13550000.0,
        "Research And Development": 9257000.0,
        "Selling General And Administration": 4293000.0,
        "General And Administrative Expense": 4293000.0,
        "Other Gand A": 4293000.0,
        "Total Revenue": 0.0,
        "Operating Revenue": 0.0
    },
    "2022-09-30": {
        "Tax Effect Of Unusual Items": NaN,
        "Tax Rate For Calcs": NaN,
        "Normalized EBITDA": NaN,
        "Net Income From Continuing Operation Net Minority Interest": NaN,
        "Reconciled Depreciation": NaN,
        "EBITDA": NaN,
        "EBIT": NaN,
        "Net Interest Income": NaN,
        "Interest Income": NaN,
        "Normalized Income": NaN,
        "Net Income From Continuing And Discontinued Operation": NaN,
        "Total Expenses": NaN,
        "Total Operating Income As Reported": NaN,
        "Diluted Average Shares": 9118937.0,
        "Basic Average Shares": 9118937.0,
        "Diluted EPS": -0.9,
        "Basic EPS": -0.9,
        "Diluted NI Availto Com Stockholders": NaN,
        "Net Income Common Stockholders": NaN,
        "Net Income": NaN,
        "Net Income Including Noncontrolling Interests": NaN,
        "Net Income Continuous Operations": NaN,
        "Pretax Income": NaN,
        "Other Income Expense": NaN,
        "Other Non Operating Income Expenses": NaN,
        "Net Non Operating Interest Income Expense": NaN,
        "Interest Income Non Operating": NaN,
        "Operating Income": NaN,
        "Operating Expense": NaN,
        "Research And Development": NaN,
        "Selling General And Administration": NaN,
        "General And Administrative Expense": NaN,
        "Other Gand A": NaN,
        "Total Revenue": NaN,
        "Operating Revenue": NaN
    },
    "2022-06-30": {
        "Tax Effect Of Unusual Items": 0.0,
        "Tax Rate For Calcs": 0.0,
        "Normalized EBITDA": -7783000.0,
        "Net Income From Continuing Operation Net Minority Interest": -7676000.0,
        "Reconciled Depreciation": NaN,
        "EBITDA": -7783000.0,
        "EBIT": -7783000.0,
        "Net Interest Income": 107000.0,
        "Interest Income": 107000.0,
        "Normalized Income": -7676000.0,
        "Net Income From Continuing And Discontinued Operation": -7676000.0,
        "Total Expenses": 7783000.0,
        "Total Operating Income As Reported": -7783000.0,
        "Diluted Average Shares": 38693935.0,
        "Basic Average Shares": 38693935.0,
        "Diluted EPS": -0.208621,
        "Basic EPS": -0.208621,
        "Diluted NI Availto Com Stockholders": -7676000.0,
        "Net Income Common Stockholders": -7676000.0,
        "Net Income": -7676000.0,
        "Net Income Including Noncontrolling Interests": -7676000.0,
        "Net Income Continuous Operations": -7676000.0,
        "Pretax Income": -7676000.0,
        "Other Income Expense": 107000.0,
        "Other Non Operating Income Expenses": 107000.0,
        "Net Non Operating Interest Income Expense": 107000.0,
        "Interest Income Non Operating": 107000.0,
        "Operating Income": -7783000.0,
        "Operating Expense": 7783000.0,
        "Research And Development": 4181000.0,
        "Selling General And Administration": 3602000.0,
        "General And Administrative Expense": 3602000.0,
        "Other Gand A": 751000.0,
        "Total Revenue": 0.0,
        "Operating Revenue": 0.0
    },
    "2022-03-31": {
        "Diluted EPS": -0.81,
        "Total Revenue": NaN,
        "Gross Profit": NaN,
        "Operating Income": -8,
        "EBIT": -8,
        "Net Income": -8
    },
    "2021-12-31": {
        "Diluted EPS": 0.0,
        "Total Revenue": NaN,
        "Gross Profit": NaN,
        "Operating Income": NaN,
        "EBIT": NaN,
        "Net Income": NaN
    },
    "2021-09-30": {
        "Diluted EPS": -0.9,
        "Total Revenue": NaN,
        "Gross Profit": NaN,
        "Operating Income": -6,
        "EBIT": -6,
        "Net Income": -7
    },
    "2021-06-30": {
        "Diluted EPS": 0.0,
        "Total Revenue": NaN,
        "Gross Profit": NaN,
        "Operating Income": NaN,
        "EBIT": NaN,
        "Net Income": NaN
    },
    "2020-12-31": {
        "Diluted EPS": 0.0,
        "Total Revenue": NaN,
        "Gross Profit": NaN,
        "Operating Income": NaN,
        "EBIT": NaN,
        "Net Income": NaN
    },
    "2023-06-30": {
        "Tax Effect Of Unusual Items": NaN,
        "Tax Rate For Calcs": NaN,
        "Normalized EBITDA": NaN,
        "Net Income From Continuing Operation Net Minority Interest": NaN,
        "Reconciled Depreciation": NaN,
        "EBITDA": NaN,
        "EBIT": NaN,
        "Net Interest Income": NaN,
        "Interest Income": NaN,
        "Normalized Income": NaN,
        "Net Income From Continuing And Discontinued Operation": NaN,
        "Total Expenses": NaN,
        "Total Operating Income As Reported": NaN,
        "Diluted Average Shares": 39570464.0,
        "Basic Average Shares": 39570464.0,
        "Diluted EPS": -0.19,
        "Basic EPS": -0.19,
        "Diluted NI Availto Com Stockholders": NaN,
        "Net Income Common Stockholders": NaN,
        "Net Income": NaN,
        "Net Income Including Noncontrolling Interests": NaN,
        "Net Income Continuous Operations": NaN,
        "Pretax Income": NaN,
        "Other Income Expense": NaN,
        "Other Non Operating Income Expenses": NaN,
        "Net Non Operating Interest Income Expense": NaN,
        "Interest Income Non Operating": NaN,
        "Operating Income": NaN,
        "Operating Expense": NaN,
        "Research And Development": NaN,
        "Selling General And Administration": NaN,
        "General And Administrative Expense": NaN,
        "Other Gand A": NaN,
        "Total Revenue": NaN,
        "Operating Revenue": NaN
    },
    "2023-09-30": {
        "Tax Effect Of Unusual Items": 0.0,
        "Tax Rate For Calcs": 0.0,
        "Normalized EBITDA": -10835000.0,
        "Net Income From Continuing Operation Net Minority Interest": -7343000.0,
        "Reconciled Depreciation": 12000.0,
        "EBITDA": -10835000.0,
        "EBIT": -10847000.0,
        "Net Interest Income": 3470000.0,
        "Interest Income": 3470000.0,
        "Normalized Income": -7343000.0,
        "Net Income From Continuing And Discontinued Operation": -7343000.0,
        "Total Expenses": 10847000.0,
        "Total Operating Income As Reported": -10847000.0,
        "Diluted Average Shares": 39689819.0,
        "Basic Average Shares": 39689819.0,
        "Diluted EPS": -0.19,
        "Basic EPS": -0.19,
        "Diluted NI Availto Com Stockholders": -7343000.0,
        "Net Income Common Stockholders": -7343000.0,
        "Net Income": -7343000.0,
        "Net Income Including Noncontrolling Interests": -7343000.0,
        "Net Income Continuous Operations": -7343000.0,
        "Pretax Income": -7343000.0,
        "Other Income Expense": 34000.0,
        "Other Non Operating Income Expenses": 34000.0,
        "Net Non Operating Interest Income Expense": 3470000.0,
        "Interest Income Non Operating": 3470000.0,
        "Operating Income": -10847000.0,
        "Operating Expense": 10847000.0,
        "Research And Development": 5969000.0,
        "Selling General And Administration": 4878000.0,
        "General And Administrative Expense": 4878000.0,
        "Other Gand A": 4878000.0,
        "Total Revenue": 0.0,
        "Operating Revenue": 0.0
    },
    "2023-12-31": {
        "Tax Effect Of Unusual Items": 0.0,
        "Tax Rate For Calcs": 0.0,
        "Normalized EBITDA": -10392000.0,
        "Net Income From Continuing Operation Net Minority Interest": -6836000.0,
        "Reconciled Depreciation": 13000.0,
        "EBITDA": -10392000.0,
        "EBIT": -10405000.0,
        "Net Interest Income": 3575000.0,
        "Interest Income": 3575000.0,
        "Normalized Income": -6836000.0,
        "Net Income From Continuing And Discontinued Operation": -6836000.0,
        "Total Expenses": 10405000.0,
        "Total Operating Income As Reported": -10405000.0,
        "Diluted Average Shares": NaN,
        "Basic Average Shares": NaN,
        "Diluted EPS": NaN,
        "Basic EPS": NaN,
        "Diluted NI Availto Com Stockholders": -6836000.0,
        "Net Income Common Stockholders": -6836000.0,
        "Net Income": -6836000.0,
        "Net Income Including Noncontrolling Interests": -6836000.0,
        "Net Income Continuous Operations": -6836000.0,
        "Pretax Income": -6836000.0,
        "Other Income Expense": -6000.0,
        "Other Non Operating Income Expenses": -6000.0,
        "Net Non Operating Interest Income Expense": 3575000.0,
        "Interest Income Non Operating": 3575000.0,
        "Operating Income": -10405000.0,
        "Operating Expense": 10405000.0,
        "Research And Development": 5918000.0,
        "Selling General And Administration": 4487000.0,
        "General And Administrative Expense": 4487000.0,
        "Other Gand A": 4487000.0,
        "Total Revenue": 0.0,
        "Operating Revenue": 0.0
    },
    "2024-03-31": {
        "Tax Effect Of Unusual Items": 0.0,
        "Tax Rate For Calcs": 0.0,
        "Normalized EBITDA": -11278000.0,
        "Net Income From Continuing Operation Net Minority Interest": -7856000.0,
        "Reconciled Depreciation": 12000.0,
        "EBITDA": -11278000.0,
        "EBIT": -11290000.0,
        "Net Interest Income": 3433000.0,
        "Interest Income": 3433000.0,
        "Normalized Income": -7856000.0,
        "Net Income From Continuing And Discontinued Operation": -7856000.0,
        "Total Expenses": 11290000.0,
        "Total Operating Income As Reported": -11290000.0,
        "Diluted Average Shares": 40213158.0,
        "Basic Average Shares": 40213158.0,
        "Diluted EPS": -0.2,
        "Basic EPS": -0.2,
        "Diluted NI Availto Com Stockholders": -7856000.0,
        "Net Income Common Stockholders": -7856000.0,
        "Net Income": -7856000.0,
        "Net Income Including Noncontrolling Interests": -7856000.0,
        "Net Income Continuous Operations": -7856000.0,
        "Pretax Income": -7856000.0,
        "Other Income Expense": 1000.0,
        "Other Non Operating Income Expenses": 1000.0,
        "Net Non Operating Interest Income Expense": 3433000.0,
        "Interest Income Non Operating": 3433000.0,
        "Operating Income": -11290000.0,
        "Operating Expense": 11290000.0,
        "Research And Development": 6226000.0,
        "Selling General And Administration": 5064000.0,
        "General And Administrative Expense": 5064000.0,
        "Other Gand A": 5064000.0,
        "Total Revenue": 0.0,
        "Operating Revenue": 0.0
    },
    "2024-06-30": {
        "Tax Effect Of Unusual Items": 0.0,
        "Tax Rate For Calcs": 0.0,
        "Normalized EBITDA": -14058000.0,
        "Net Income From Continuing Operation Net Minority Interest": -10707000.0,
        "Reconciled Depreciation": 12000.0,
        "EBITDA": -14058000.0,
        "EBIT": -14070000.0,
        "Net Interest Income": 3364000.0,
        "Interest Income": 3364000.0,
        "Normalized Income": -10707000.0,
        "Net Income From Continuing And Discontinued Operation": -10707000.0,
        "Total Expenses": 14070000.0,
        "Total Operating Income As Reported": -14070000.0,
        "Diluted Average Shares": 40555518.0,
        "Basic Average Shares": 40555518.0,
        "Diluted EPS": -0.26,
        "Basic EPS": -0.26,
        "Diluted NI Availto Com Stockholders": -10707000.0,
        "Net Income Common Stockholders": -10707000.0,
        "Net Income": -10707000.0,
        "Net Income Including Noncontrolling Interests": -10707000.0,
        "Net Income Continuous Operations": -10707000.0,
        "Pretax Income": -10707000.0,
        "Other Income Expense": -1000.0,
        "Other Non Operating Income Expenses": -1000.0,
        "Net Non Operating Interest Income Expense": 3364000.0,
        "Interest Income Non Operating": 3364000.0,
        "Operating Income": -14070000.0,
        "Operating Expense": 14070000.0,
        "Research And Development": 8394000.0,
        "Selling General And Administration": 5676000.0,
        "General And Administrative Expense": 5676000.0,
        "Other Gand A": 5676000.0,
        "Total Revenue": 0.0,
        "Operating Revenue": 0.0
    },
    "2024-09-30": {
        "Tax Effect Of Unusual Items": 0.0,
        "Tax Rate For Calcs": 0.0,
        "Normalized EBITDA": -17061000.0,
        "Net Income From Continuing Operation Net Minority Interest": -13799000.0,
        "Reconciled Depreciation": 12000.0,
        "EBITDA": -17061000.0,
        "EBIT": -17073000.0,
        "Net Interest Income": 3278000.0,
        "Interest Income": 3278000.0,
        "Normalized Income": -13799000.0,
        "Net Income From Continuing And Discontinued Operation": -13799000.0,
        "Total Expenses": 17073000.0,
        "Total Operating Income As Reported": -17073000.0,
        "Diluted Average Shares": 41317517.0,
        "Basic Average Shares": 41317517.0,
        "Diluted EPS": -0.33,
        "Basic EPS": -0.33,
        "Diluted NI Availto Com Stockholders": -13799000.0,
        "Net Income Common Stockholders": -13799000.0,
        "Net Income": -13799000.0,
        "Net Income Including Noncontrolling Interests": -13799000.0,
        "Net Income Continuous Operations": -13799000.0,
        "Pretax Income": -13799000.0,
        "Other Income Expense": -4000.0,
        "Other Non Operating Income Expenses": -4000.0,
        "Net Non Operating Interest Income Expense": 3278000.0,
        "Interest Income Non Operating": 3278000.0,
        "Operating Income": -17073000.0,
        "Operating Expense": 17073000.0,
        "Research And Development": 11343000.0,
        "Selling General And Administration": 5730000.0,
        "General And Administrative Expense": 5730000.0,
        "Other Gand A": 5730000.0,
        "Total Revenue": 0.0,
        "Operating Revenue": 0.0
    }
}