{
    "2023-03-31": {
        "Tax Effect Of Unusual Items": -1064822.0,
        "Tax Rate For Calcs": 0.319,
        "Normalized EBITDA": 32756000.0,
        "Total Unusual Items": -3338000.0,
        "Total Unusual Items Excluding Goodwill": -3338000.0,
        "Net Income From Continuing Operation Net Minority Interest": 7963000.0,
        "Reconciled Depreciation": 13583000.0,
        "Reconciled Cost Of Revenue": 282495000.0,
        "EBITDA": 29418000.0,
        "EBIT": 15835000.0,
        "Net Interest Income": -4144000.0,
        "Interest Expense": 4144000.0,
        "Normalized Income": 10236178.0,
        "Net Income From Continuing And Discontinued Operation": 7963000.0,
        "Total Expenses": 344682000.0,
        "Total Operating Income As Reported": 17674000.0,
        "Diluted Average Shares": 33386000.0,
        "Basic Average Shares": 33182000.0,
        "Diluted EPS": 0.24,
        "Basic EPS": 0.24,
        "Diluted NI Availto Com Stockholders": 7963000.0,
        "Net Income Common Stockholders": 7963000.0,
        "Net Income": 7963000.0,
        "Net Income Including Noncontrolling Interests": 7963000.0,
        "Net Income Continuous Operations": 7963000.0,
        "Tax Provision": 3728000.0,
        "Pretax Income": 11691000.0,
        "Other Income Expense": -3108000.0,
        "Other Non Operating Income Expenses": 230000.0,
        "Special Income Charges": -1269000.0,
        "Impairment Of Capital Assets": NaN,
        "Restructuring And Mergern Acquisition": 1269000.0,
        "Gain On Sale Of Security": -2069000.0,
        "Net Non Operating Interest Income Expense": -4144000.0,
        "Total Other Finance Cost": NaN,
        "Interest Expense Non Operating": 4144000.0,
        "Operating Income": 18943000.0,
        "Operating Expense": 62187000.0,
        "Research And Development": 25145000.0,
        "Selling General And Administration": 37042000.0,
        "Gross Profit": 81130000.0,
        "Cost Of Revenue": 282495000.0,
        "Total Revenue": 363625000.0,
        "Operating Revenue": 363625000.0
    },
    "2022-12-31": {
        "Tax Effect Of Unusual Items": -155526.278742,
        "Tax Rate For Calcs": 0.013374,
        "Normalized EBITDA": 22921000.0,
        "Total Unusual Items": -11629000.0,
        "Total Unusual Items Excluding Goodwill": -11629000.0,
        "Net Income From Continuing Operation Net Minority Interest": -4205000.0,
        "Reconciled Depreciation": 13924000.0,
        "Reconciled Cost Of Revenue": 273514000.0,
        "EBITDA": 11292000.0,
        "EBIT": -2632000.0,
        "Net Interest Income": -3009000.0,
        "Interest Expense": NaN,
        "Normalized Income": 7268473.721258,
        "Net Income From Continuing And Discontinued Operation": -4205000.0,
        "Total Expenses": 333395000.0,
        "Total Operating Income As Reported": 3560000.0,
        "Diluted Average Shares": 33186000.0,
        "Basic Average Shares": 33186000.0,
        "Diluted EPS": -0.13,
        "Basic EPS": -0.13,
        "Diluted NI Availto Com Stockholders": -4205000.0,
        "Net Income Common Stockholders": -4205000.0,
        "Net Income": -4205000.0,
        "Net Income Including Noncontrolling Interests": -4205000.0,
        "Net Income Continuous Operations": -4205000.0,
        "Tax Provision": -57000.0,
        "Pretax Income": -4262000.0,
        "Other Income Expense": -11180000.0,
        "Other Non Operating Income Expenses": 449000.0,
        "Special Income Charges": -6367000.0,
        "Impairment Of Capital Assets": NaN,
        "Restructuring And Mergern Acquisition": 76000.0,
        "Gain On Sale Of Security": -5262000.0,
        "Net Non Operating Interest Income Expense": -3009000.0,
        "Total Other Finance Cost": NaN,
        "Interest Expense Non Operating": NaN,
        "Operating Income": 9927000.0,
        "Operating Expense": 59881000.0,
        "Research And Development": 23297000.0,
        "Selling General And Administration": 36584000.0,
        "Gross Profit": 69808000.0,
        "Cost Of Revenue": 273514000.0,
        "Total Revenue": 343322000.0,
        "Operating Revenue": 343322000.0
    },
    "2022-09-30": {
        "Tax Effect Of Unusual Items": -3075961.0,
        "Tax Rate For Calcs": 0.371,
        "Normalized EBITDA": 42953000.0,
        "Total Unusual Items": -8291000.0,
        "Total Unusual Items Excluding Goodwill": -8291000.0,
        "Net Income From Continuing Operation Net Minority Interest": 9827000.0,
        "Reconciled Depreciation": 11835000.0,
        "Reconciled Cost Of Revenue": 252610000.0,
        "EBITDA": 34662000.0,
        "EBIT": 22827000.0,
        "Net Interest Income": 714000.0,
        "Interest Expense": NaN,
        "Normalized Income": 15042039.0,
        "Net Income From Continuing And Discontinued Operation": 9827000.0,
        "Total Expenses": 310135000.0,
        "Total Operating Income As Reported": 22821000.0,
        "Diluted Average Shares": 33470000.0,
        "Basic Average Shares": 33162000.0,
        "Diluted EPS": 0.29,
        "Basic EPS": 0.3,
        "Diluted NI Availto Com Stockholders": 9827000.0,
        "Net Income Common Stockholders": 9827000.0,
        "Net Income": 9827000.0,
        "Net Income Including Noncontrolling Interests": 9827000.0,
        "Net Income Continuous Operations": 9827000.0,
        "Tax Provision": 5784000.0,
        "Pretax Income": 15611000.0,
        "Other Income Expense": -7930000.0,
        "Other Non Operating Income Expenses": 361000.0,
        "Special Income Charges": -6000.0,
        "Impairment Of Capital Assets": NaN,
        "Restructuring And Mergern Acquisition": 6000.0,
        "Gain On Sale Of Security": -8285000.0,
        "Net Non Operating Interest Income Expense": 714000.0,
        "Total Other Finance Cost": -714000.0,
        "Interest Expense Non Operating": NaN,
        "Operating Income": 22827000.0,
        "Operating Expense": 57525000.0,
        "Research And Development": 22666000.0,
        "Selling General And Administration": 34859000.0,
        "Gross Profit": 80352000.0,
        "Cost Of Revenue": 252610000.0,
        "Total Revenue": 332962000.0,
        "Operating Revenue": 332962000.0
    },
    "2022-06-30": {
        "Tax Effect Of Unusual Items": 1491546.0,
        "Tax Rate For Calcs": 0.357,
        "Normalized EBITDA": 8243000.0,
        "Total Unusual Items": 4178000.0,
        "Total Unusual Items Excluding Goodwill": 4178000.0,
        "Net Income From Continuing Operation Net Minority Interest": 7072000.0,
        "Reconciled Depreciation": 9058000.0,
        "Reconciled Cost Of Revenue": 201338000.0,
        "EBITDA": 12421000.0,
        "EBIT": 12421000.0,
        "Net Interest Income": -1430000.0,
        "Interest Expense": 1430000.0,
        "Normalized Income": 4385546.0,
        "Net Income From Continuing And Discontinued Operation": 7072000.0,
        "Total Expenses": 252606000.0,
        "Total Operating Income As Reported": 7735000.0,
        "Diluted Average Shares": 33426000.0,
        "Basic Average Shares": 33119000.0,
        "Diluted EPS": 0.21,
        "Basic EPS": 0.21,
        "Diluted NI Availto Com Stockholders": 7072000.0,
        "Net Income Common Stockholders": 7072000.0,
        "Net Income": 7072000.0,
        "Net Income Including Noncontrolling Interests": 7072000.0,
        "Net Income Continuous Operations": 7072000.0,
        "Tax Provision": 3919000.0,
        "Pretax Income": 10991000.0,
        "Other Income Expense": 4312000.0,
        "Other Non Operating Income Expenses": 134000.0,
        "Special Income Charges": -374000.0,
        "Impairment Of Capital Assets": NaN,
        "Restructuring And Mergern Acquisition": 374000.0,
        "Gain On Sale Of Security": 4552000.0,
        "Net Non Operating Interest Income Expense": -1430000.0,
        "Total Other Finance Cost": NaN,
        "Interest Expense Non Operating": 1430000.0,
        "Operating Income": 8109000.0,
        "Operating Expense": 51268000.0,
        "Research And Development": 19325000.0,
        "Selling General And Administration": 31943000.0,
        "Gross Profit": 59377000.0,
        "Cost Of Revenue": 201338000.0,
        "Total Revenue": 260715000.0,
        "Operating Revenue": 260715000.0
    },
    "2023-06-30": {
        "Tax Effect Of Unusual Items": -4243470.0,
        "Tax Rate For Calcs": 0.21,
        "Normalized EBITDA": 37924000.0,
        "Total Unusual Items": -20207000.0,
        "Total Unusual Items Excluding Goodwill": -20207000.0,
        "Net Income From Continuing Operation Net Minority Interest": -1551000.0,
        "Reconciled Depreciation": 12494000.0,
        "Reconciled Cost Of Revenue": 284335000.0,
        "EBITDA": 17717000.0,
        "EBIT": 5223000.0,
        "Net Interest Income": -1932000.0,
        "Interest Expense": 1932000.0,
        "Normalized Income": 14412530.0,
        "Net Income From Continuing And Discontinued Operation": -1551000.0,
        "Total Expenses": 347449000.0,
        "Total Operating Income As Reported": 4321000.0,
        "Diluted Average Shares": 33019000.0,
        "Basic Average Shares": 33019000.0,
        "Diluted EPS": -0.05,
        "Basic EPS": -0.05,
        "Diluted NI Availto Com Stockholders": -1551000.0,
        "Net Income Common Stockholders": -1551000.0,
        "Net Income": -1551000.0,
        "Net Income Including Noncontrolling Interests": -1551000.0,
        "Net Income Continuous Operations": -1551000.0,
        "Tax Provision": 4842000.0,
        "Pretax Income": 3291000.0,
        "Other Income Expense": -19651000.0,
        "Other Non Operating Income Expenses": 556000.0,
        "Special Income Charges": -20553000.0,
        "Impairment Of Capital Assets": 19509000.0,
        "Restructuring And Mergern Acquisition": 1044000.0,
        "Gain On Sale Of Security": 346000.0,
        "Net Non Operating Interest Income Expense": -1932000.0,
        "Total Other Finance Cost": NaN,
        "Interest Expense Non Operating": 1932000.0,
        "Operating Income": 24874000.0,
        "Operating Expense": 63114000.0,
        "Research And Development": 24696000.0,
        "Selling General And Administration": 38418000.0,
        "Gross Profit": 87988000.0,
        "Cost Of Revenue": 284335000.0,
        "Total Revenue": 372323000.0,
        "Operating Revenue": 372323000.0
    },
    "2022-03-31": {
        "Diluted EPS": 0.35,
        "Total Revenue": 268,
        "Gross Profit": 64,
        "Operating Income": 14,
        "EBIT": 24,
        "Net Income": 12
    },
    "2021-12-31": {
        "Diluted EPS": 0.59,
        "Total Revenue": 248,
        "Gross Profit": 67,
        "Operating Income": 22,
        "EBIT": 31,
        "Net Income": 20
    },
    "2021-09-30": {
        "Diluted EPS": 0.47,
        "Total Revenue": 243,
        "Gross Profit": 69,
        "Operating Income": 21,
        "EBIT": 31,
        "Net Income": 16
    },
    "2021-06-30": {
        "Diluted EPS": 0.74,
        "Total Revenue": 266,
        "Gross Profit": 79,
        "Operating Income": 32,
        "EBIT": 41,
        "Net Income": 25
    },
    "2021-03-31": {
        "Diluted EPS": 0.99,
        "Total Revenue": 289,
        "Gross Profit": 88,
        "Operating Income": 41,
        "EBIT": 51,
        "Net Income": 33
    },
    "2020-12-31": {
        "Diluted EPS": 1.04,
        "Total Revenue": 289,
        "Gross Profit": 93,
        "Operating Income": 42,
        "EBIT": 52,
        "Net Income": 34
    },
    "2020-09-30": {
        "Diluted EPS": 0.73,
        "Total Revenue": 260,
        "Gross Profit": 83,
        "Operating Income": 39,
        "EBIT": 49,
        "Net Income": 24
    },
    "2020-06-30": {
        "Diluted EPS": -0.32,
        "Total Revenue": 136,
        "Gross Profit": 27,
        "Operating Income": -10,
        "EBIT": 0,
        "Net Income": -10
    },
    "2020-03-31": {
        "Diluted EPS": 0.36,
        "Total Revenue": 229,
        "Gross Profit": 66,
        "Operating Income": 19,
        "EBIT": 29,
        "Net Income": 12
    },
    "2019-12-31": {
        "Diluted EPS": 0.66,
        "Total Revenue": 230,
        "Gross Profit": 66,
        "Operating Income": 22,
        "EBIT": 33,
        "Net Income": 22
    },
    "2019-09-30": {
        "Diluted EPS": 0.48,
        "Total Revenue": 240,
        "Gross Profit": 75,
        "Operating Income": 20,
        "EBIT": 31,
        "Net Income": 16
    },
    "2019-06-30": {
        "Diluted EPS": 0.08,
        "Total Revenue": 243,
        "Gross Profit": 73,
        "Operating Income": 20,
        "EBIT": 31,
        "Net Income": 3
    },
    "2019-03-31": {
        "Diluted EPS": 0.25,
        "Total Revenue": 258,
        "Gross Profit": 75,
        "Operating Income": 22,
        "EBIT": 33,
        "Net Income": 8
    },
    "2018-12-31": {
        "Diluted EPS": 0.37,
        "Total Revenue": 256,
        "Gross Profit": 71,
        "Operating Income": 21,
        "EBIT": 33,
        "Net Income": 13
    },
    "2018-09-30": {
        "Diluted EPS": -0.01,
        "Total Revenue": 262,
        "Gross Profit": 76,
        "Operating Income": 16,
        "EBIT": 29,
        "Net Income": 0
    },
    "2018-06-30": {
        "Diluted EPS": 0.45,
        "Total Revenue": 266,
        "Gross Profit": 77,
        "Operating Income": 16,
        "EBIT": 29,
        "Net Income": 17
    },
    "2018-03-31": {
        "Diluted EPS": 0.35,
        "Total Revenue": 265,
        "Gross Profit": 81,
        "Operating Income": 21,
        "EBIT": 34,
        "Net Income": 13
    },
    "2017-12-31": {
        "Diluted EPS": -0.14,
        "Total Revenue": 265,
        "Gross Profit": 86,
        "Operating Income": 21,
        "EBIT": 33,
        "Net Income": -5
    },
    "2017-09-30": {
        "Diluted EPS": 0.18,
        "Total Revenue": 236,
        "Gross Profit": 70,
        "Operating Income": 16,
        "EBIT": 28,
        "Net Income": 7
    },
    "2017-06-30": {
        "Diluted EPS": 0.23,
        "Total Revenue": 243,
        "Gross Profit": 78,
        "Operating Income": 25,
        "EBIT": 36,
        "Net Income": 9
    },
    "2017-03-31": {
        "Diluted EPS": 0.69,
        "Total Revenue": 249,
        "Gross Profit": 85,
        "Operating Income": 35,
        "EBIT": 45,
        "Net Income": 25
    },
    "2016-12-31": {
        "Diluted EPS": 0.71,
        "Total Revenue": 237,
        "Gross Profit": 79,
        "Operating Income": 26,
        "EBIT": 37,
        "Net Income": 26
    },
    "2016-09-30": {
        "Diluted EPS": 0.55,
        "Total Revenue": 233,
        "Gross Profit": 77,
        "Operating Income": 27,
        "EBIT": 38,
        "Net Income": 20
    },
    "2016-06-30": {
        "Diluted EPS": 0.5,
        "Total Revenue": 233,
        "Gross Profit": 71,
        "Operating Income": 22,
        "EBIT": 32,
        "Net Income": 18
    },
    "2016-03-31": {
        "Diluted EPS": 0.33,
        "Total Revenue": 216,
        "Gross Profit": 68,
        "Operating Income": 30,
        "EBIT": 38,
        "Net Income": 12
    },
    "2015-12-31": {
        "Diluted EPS": 0.78,
        "Total Revenue": 212,
        "Gross Profit": 69,
        "Operating Income": 30,
        "EBIT": 38,
        "Net Income": 28
    },
    "2015-09-30": {
        "Diluted EPS": 0.76,
        "Total Revenue": 224,
        "Gross Profit": 75,
        "Operating Income": 37,
        "EBIT": 45,
        "Net Income": 28
    },
    "2015-06-30": {
        "Diluted EPS": 0.53,
        "Total Revenue": 213,
        "Gross Profit": 66,
        "Operating Income": 27,
        "EBIT": 35,
        "Net Income": 19
    },
    "2015-03-31": {
        "Diluted EPS": 0.55,
        "Total Revenue": 207,
        "Gross Profit": 67,
        "Operating Income": 27,
        "EBIT": 35,
        "Net Income": 20
    },
    "2014-12-31": {
        "Diluted EPS": 0.54,
        "Total Revenue": 205,
        "Gross Profit": 62,
        "Operating Income": 25,
        "EBIT": 35,
        "Net Income": 20
    },
    "2014-09-30": {
        "Diluted EPS": 0.48,
        "Total Revenue": 206,
        "Gross Profit": 62,
        "Operating Income": 24,
        "EBIT": 33,
        "Net Income": 17
    },
    "2014-06-30": {
        "Diluted EPS": 0.46,
        "Total Revenue": 206,
        "Gross Profit": 61,
        "Operating Income": 25,
        "EBIT": 33,
        "Net Income": 16
    },
    "2014-03-31": {
        "Diluted EPS": 0.47,
        "Total Revenue": 194,
        "Gross Profit": 57,
        "Operating Income": 25,
        "EBIT": 33,
        "Net Income": 17
    },
    "2013-12-31": {
        "Diluted EPS": 0.31,
        "Total Revenue": 182,
        "Gross Profit": 50,
        "Operating Income": 18,
        "EBIT": 25,
        "Net Income": 11
    },
    "2013-09-30": {
        "Diluted EPS": 0.24,
        "Total Revenue": 171,
        "Gross Profit": 46,
        "Operating Income": 15,
        "EBIT": 22,
        "Net Income": 9
    },
    "2013-06-30": {
        "Diluted EPS": 0.15,
        "Total Revenue": 161,
        "Gross Profit": 40,
        "Operating Income": 8,
        "EBIT": 16,
        "Net Income": 5
    },
    "2013-03-31": {
        "Diluted EPS": 0.24,
        "Total Revenue": 148,
        "Gross Profit": 39,
        "Operating Income": 10,
        "EBIT": 18,
        "Net Income": 8
    },
    "2012-12-31": {
        "Diluted EPS": 0.09,
        "Total Revenue": 148,
        "Gross Profit": 38,
        "Operating Income": 10,
        "EBIT": 17,
        "Net Income": 3
    },
    "2012-09-30": {
        "Diluted EPS": 0.08,
        "Total Revenue": 141,
        "Gross Profit": 37,
        "Operating Income": 10,
        "EBIT": 17,
        "Net Income": 2
    },
    "2012-06-30": {
        "Diluted EPS": 0.12,
        "Total Revenue": 136,
        "Gross Profit": 34,
        "Operating Income": 9,
        "EBIT": 16,
        "Net Income": 4
    },
    "2012-03-31": {
        "Diluted EPS": 0.1,
        "Total Revenue": 130,
        "Gross Profit": 33,
        "Operating Income": 8,
        "EBIT": 16,
        "Net Income": 3
    },
    "2011-12-31": {
        "Diluted EPS": 0.23,
        "Total Revenue": 131,
        "Gross Profit": 34,
        "Operating Income": 7,
        "EBIT": 15,
        "Net Income": 5
    },
    "2011-09-30": {
        "Diluted EPS": -0.07,
        "Total Revenue": 126,
        "Gross Profit": 31,
        "Operating Income": 6,
        "EBIT": 15,
        "Net Income": -2
    },
    "2011-06-30": {
        "Diluted EPS": -0.07,
        "Total Revenue": 77,
        "Gross Profit": 19,
        "Operating Income": 4,
        "EBIT": 10,
        "Net Income": -2
    },
    "2011-03-31": {
        "Diluted EPS": -0.03,
        "Total Revenue": 36,
        "Gross Profit": 10,
        "Operating Income": 1,
        "EBIT": 1,
        "Net Income": -1
    },
    "2010-12-31": {
        "Diluted EPS": 0.13,
        "Total Revenue": 29,
        "Gross Profit": 9,
        "Operating Income": 2,
        "EBIT": 2,
        "Net Income": 3
    },
    "2010-09-30": {
        "Diluted EPS": 0.12,
        "Total Revenue": 30,
        "Gross Profit": 9,
        "Operating Income": 4,
        "EBIT": 4,
        "Net Income": 3
    },
    "2010-06-30": {
        "Diluted EPS": 0.1,
        "Total Revenue": 29,
        "Gross Profit": 9,
        "Operating Income": 3,
        "EBIT": 4,
        "Net Income": 2
    },
    "2010-03-31": {
        "Diluted EPS": 0.07,
        "Total Revenue": 24,
        "Gross Profit": 7,
        "Operating Income": 2,
        "EBIT": 3,
        "Net Income": 2
    },
    "2009-12-31": {
        "Diluted EPS": 0.06,
        "Total Revenue": 22,
        "Gross Profit": 6,
        "Operating Income": 2,
        "EBIT": 3,
        "Net Income": 1
    },
    "2009-09-30": {
        "Diluted EPS": 0.05,
        "Total Revenue": 18,
        "Gross Profit": 5,
        "Operating Income": 1,
        "EBIT": 2,
        "Net Income": 1
    },
    "2009-06-30": {
        "Diluted EPS": -0.04,
        "Total Revenue": 11,
        "Gross Profit": 3,
        "Operating Income": -1,
        "EBIT": -1,
        "Net Income": -1
    },
    "2009-03-31": {
        "Diluted EPS": -0.04,
        "Total Revenue": 10,
        "Gross Profit": 2,
        "Operating Income": -1,
        "EBIT": -1,
        "Net Income": -1
    },
    "2023-09-30": {
        "Tax Effect Of Unusual Items": 306432.0,
        "Tax Rate For Calcs": 0.304,
        "Normalized EBITDA": 36286000.0,
        "Total Unusual Items": 1008000.0,
        "Total Unusual Items Excluding Goodwill": 1008000.0,
        "Net Income From Continuing Operation Net Minority Interest": 15844000.0,
        "Reconciled Depreciation": 12454000.0,
        "Reconciled Cost Of Revenue": 279985000.0,
        "EBITDA": 37294000.0,
        "EBIT": 24840000.0,
        "Net Interest Income": -3368000.0,
        "Interest Expense": NaN,
        "Normalized Income": 15142432.0,
        "Net Income From Continuing And Discontinued Operation": 15844000.0,
        "Total Expenses": 341355000.0,
        "Total Operating Income As Reported": 23741000.0,
        "Diluted Average Shares": 33196000.0,
        "Basic Average Shares": 32944386.0,
        "Diluted EPS": 0.48,
        "Basic EPS": 0.48,
        "Diluted NI Availto Com Stockholders": 15844000.0,
        "Net Income Common Stockholders": 15844000.0,
        "Net Income": 15844000.0,
        "Net Income Including Noncontrolling Interests": 15844000.0,
        "Net Income Continuous Operations": 15844000.0,
        "Tax Provision": 6908000.0,
        "Pretax Income": 22752000.0,
        "Other Income Expense": 1280000.0,
        "Other Non Operating Income Expenses": 272000.0,
        "Special Income Charges": -1099000.0,
        "Impairment Of Capital Assets": 0.0,
        "Restructuring And Mergern Acquisition": 1099000.0,
        "Gain On Sale Of Security": 2107000.0,
        "Net Non Operating Interest Income Expense": -3368000.0,
        "Total Other Finance Cost": 3368000.0,
        "Interest Expense Non Operating": NaN,
        "Operating Income": 24840000.0,
        "Operating Expense": 61370000.0,
        "Research And Development": 23150000.0,
        "Selling General And Administration": 38220000.0,
        "Gross Profit": 86210000.0,
        "Cost Of Revenue": 279985000.0,
        "Total Revenue": 366195000.0,
        "Operating Revenue": 366195000.0
    },
    "2023-12-31": {
        "Tax Effect Of Unusual Items": -1602090.0,
        "Tax Rate For Calcs": 0.21,
        "Normalized EBITDA": 20984000.0,
        "Total Unusual Items": -7629000.0,
        "Total Unusual Items Excluding Goodwill": -7629000.0,
        "Net Income From Continuing Operation Net Minority Interest": 18087000.0,
        "Reconciled Depreciation": 12417000.0,
        "Reconciled Cost Of Revenue": 270637000.0,
        "EBITDA": 13355000.0,
        "EBIT": 938000.0,
        "Net Interest Income": -5197000.0,
        "Interest Expense": NaN,
        "Normalized Income": 24113910.0,
        "Net Income From Continuing And Discontinued Operation": 18087000.0,
        "Total Expenses": 333903000.0,
        "Total Operating Income As Reported": 31703000.0,
        "Diluted Average Shares": 32200000.0,
        "Basic Average Shares": 31974000.0,
        "Diluted EPS": 0.56,
        "Basic EPS": 0.57,
        "Diluted NI Availto Com Stockholders": 18087000.0,
        "Net Income Common Stockholders": 18087000.0,
        "Net Income": 18087000.0,
        "Net Income Including Noncontrolling Interests": 18087000.0,
        "Net Income Continuous Operations": 18087000.0,
        "Tax Provision": -867000.0,
        "Pretax Income": 17220000.0,
        "Other Income Expense": -10613000.0,
        "Other Non Operating Income Expenses": -2984000.0,
        "Special Income Charges": -1327000.0,
        "Impairment Of Capital Assets": 0.0,
        "Restructuring And Mergern Acquisition": 1327000.0,
        "Gain On Sale Of Security": -6302000.0,
        "Net Non Operating Interest Income Expense": -5197000.0,
        "Total Other Finance Cost": NaN,
        "Interest Expense Non Operating": NaN,
        "Operating Income": 33030000.0,
        "Operating Expense": 63266000.0,
        "Research And Development": 21367000.0,
        "Selling General And Administration": 41899000.0,
        "Gross Profit": 96296000.0,
        "Cost Of Revenue": 270637000.0,
        "Total Revenue": 366933000.0,
        "Operating Revenue": 366933000.0
    },
    "2024-03-31": {
        "Tax Effect Of Unusual Items": -904977.0,
        "Tax Rate For Calcs": 0.193,
        "Normalized EBITDA": 40078000.0,
        "Total Unusual Items": -4689000.0,
        "Total Unusual Items Excluding Goodwill": -4689000.0,
        "Net Income From Continuing Operation Net Minority Interest": 14785000.0,
        "Reconciled Depreciation": 13818000.0,
        "Reconciled Cost Of Revenue": 267262000.0,
        "EBITDA": 35389000.0,
        "EBIT": 21571000.0,
        "Net Interest Income": -3244000.0,
        "Interest Expense": 3244000.0,
        "Normalized Income": 18569023.0,
        "Net Income From Continuing And Discontinued Operation": 14785000.0,
        "Total Expenses": 330728000.0,
        "Total Operating Income As Reported": 18049000.0,
        "Diluted Average Shares": 31691000.0,
        "Basic Average Shares": 31544000.0,
        "Diluted EPS": 0.47,
        "Basic EPS": 0.47,
        "Diluted NI Availto Com Stockholders": 14785000.0,
        "Net Income Common Stockholders": 14785000.0,
        "Net Income": 14785000.0,
        "Net Income Including Noncontrolling Interests": 14785000.0,
        "Net Income Continuous Operations": 14785000.0,
        "Tax Provision": 3542000.0,
        "Pretax Income": 18327000.0,
        "Other Income Expense": -3716000.0,
        "Other Non Operating Income Expenses": 973000.0,
        "Special Income Charges": -7238000.0,
        "Impairment Of Capital Assets": NaN,
        "Restructuring And Mergern Acquisition": 7238000.0,
        "Gain On Sale Of Security": 2549000.0,
        "Net Non Operating Interest Income Expense": -3244000.0,
        "Total Other Finance Cost": NaN,
        "Interest Expense Non Operating": 3244000.0,
        "Operating Income": 25287000.0,
        "Operating Expense": 63466000.0,
        "Research And Development": 22745000.0,
        "Selling General And Administration": 40721000.0,
        "Gross Profit": 88753000.0,
        "Cost Of Revenue": 267262000.0,
        "Total Revenue": 356015000.0,
        "Operating Revenue": 356015000.0
    }
}