{
    "2023-03-31": {
        "Tax Effect Of Unusual Items": -135342.4,
        "Tax Rate For Calcs": 0.4,
        "Normalized EBITDA": 1880820.0,
        "Total Unusual Items": -338356.0,
        "Total Unusual Items Excluding Goodwill": -338356.0,
        "Net Income From Continuing Operation Net Minority Interest": -402164.0,
        "Reconciled Depreciation": 1561019.0,
        "Reconciled Cost Of Revenue": 30964189.0,
        "EBITDA": 1542464.0,
        "EBIT": -18555.0,
        "Net Interest Income": -394999.0,
        "Interest Expense": 394999.0,
        "Normalized Income": -199150.4,
        "Net Income From Continuing And Discontinued Operation": -402164.0,
        "Total Expenses": 65252509.0,
        "Total Operating Income As Reported": -14730.0,
        "Diluted Average Shares": 53342837.0,
        "Basic Average Shares": 53342837.0,
        "Diluted EPS": -0.01,
        "Basic EPS": -0.01,
        "Diluted NI Availto Com Stockholders": -402164.0,
        "Net Income Common Stockholders": -402164.0,
        "Net Income": -402164.0,
        "Minority Interests": 129324.0,
        "Net Income Including Noncontrolling Interests": -531488.0,
        "Net Income Continuous Operations": -531488.0,
        "Earnings From Equity Interest Net Of Tax": -88934.0,
        "Tax Provision": 29000.0,
        "Pretax Income": -413554.0,
        "Other Income Expense": -3825.0,
        "Other Non Operating Income Expenses": 334531.0,
        "Special Income Charges": NaN,
        "Write Off": NaN,
        "Restructuring And Mergern Acquisition": NaN,
        "Gain On Sale Of Security": -338356.0,
        "Net Non Operating Interest Income Expense": -394999.0,
        "Total Other Finance Cost": NaN,
        "Interest Expense Non Operating": 394999.0,
        "Operating Income": -14730.0,
        "Operating Expense": 34288320.0,
        "Research And Development": 1772089.0,
        "Selling General And Administration": 32516231.0,
        "Selling And Marketing Expense": 8938691.0,
        "General And Administrative Expense": 23577540.0,
        "Other Gand A": 23577540.0,
        "Gross Profit": 34273590.0,
        "Cost Of Revenue": 30964189.0,
        "Total Revenue": 65237779.0,
        "Operating Revenue": 65237779.0
    },
    "2022-12-31": {
        "Tax Effect Of Unusual Items": 172926.8,
        "Tax Rate For Calcs": 0.4,
        "Normalized EBITDA": 4290111.0,
        "Total Unusual Items": 432317.0,
        "Total Unusual Items Excluding Goodwill": 432317.0,
        "Net Income From Continuing Operation Net Minority Interest": 12547070.0,
        "Reconciled Depreciation": 1384750.0,
        "Reconciled Cost Of Revenue": 34302921.0,
        "EBITDA": 4722428.0,
        "EBIT": 3337678.0,
        "Net Interest Income": 1670.0,
        "Interest Expense": NaN,
        "Normalized Income": 12287679.8,
        "Net Income From Continuing And Discontinued Operation": 12547070.0,
        "Total Expenses": 59624194.0,
        "Total Operating Income As Reported": 3337678.0,
        "Diluted Average Shares": 52987544.0,
        "Basic Average Shares": 52987544.0,
        "Diluted EPS": 0.24,
        "Basic EPS": 0.24,
        "Diluted NI Availto Com Stockholders": 12547070.0,
        "Net Income Common Stockholders": 12547070.0,
        "Net Income": 12547070.0,
        "Minority Interests": 145323.0,
        "Net Income Including Noncontrolling Interests": 12401747.0,
        "Net Income Continuous Operations": 12401747.0,
        "Earnings From Equity Interest Net Of Tax": -184999.0,
        "Tax Provision": -7516756.0,
        "Pretax Income": 5069990.0,
        "Other Income Expense": 1730642.0,
        "Other Non Operating Income Expenses": 1298325.0,
        "Special Income Charges": 0.0,
        "Write Off": 0.0,
        "Restructuring And Mergern Acquisition": 0.0,
        "Gain On Sale Of Security": 432317.0,
        "Net Non Operating Interest Income Expense": 1670.0,
        "Total Other Finance Cost": -1670.0,
        "Interest Expense Non Operating": NaN,
        "Operating Income": 3337678.0,
        "Operating Expense": 25321273.0,
        "Research And Development": 1897434.0,
        "Selling General And Administration": 23423839.0,
        "Selling And Marketing Expense": 3144175.0,
        "General And Administrative Expense": 20279664.0,
        "Other Gand A": 20279664.0,
        "Gross Profit": 28658951.0,
        "Cost Of Revenue": 34302921.0,
        "Total Revenue": 62961872.0,
        "Operating Revenue": 62961872.0
    },
    "2022-09-30": {
        "Tax Effect Of Unusual Items": 0.0,
        "Tax Rate For Calcs": 0.0,
        "Normalized EBITDA": 3477010.0,
        "Total Unusual Items": 37926.0,
        "Total Unusual Items Excluding Goodwill": 37926.0,
        "Net Income From Continuing Operation Net Minority Interest": 3738616.0,
        "Reconciled Depreciation": 1573008.0,
        "Reconciled Cost Of Revenue": 30239482.0,
        "EBITDA": 3514936.0,
        "EBIT": 3514936.0,
        "Net Interest Income": 33673.0,
        "Interest Expense": NaN,
        "Normalized Income": 3700690.0,
        "Net Income From Continuing And Discontinued Operation": 3738616.0,
        "Total Expenses": 54904334.0,
        "Total Operating Income As Reported": 3514936.0,
        "Diluted Average Shares": 52742926.0,
        "Basic Average Shares": 52742926.0,
        "Diluted EPS": 0.07,
        "Basic EPS": 0.07,
        "Diluted NI Availto Com Stockholders": 3738616.0,
        "Net Income Common Stockholders": 3738616.0,
        "Net Income": 3738616.0,
        "Minority Interests": 151704.0,
        "Net Income Including Noncontrolling Interests": 3586912.0,
        "Net Income Continuous Operations": 3586912.0,
        "Earnings From Equity Interest Net Of Tax": -14.0,
        "Tax Provision": 0.0,
        "Pretax Income": 3586926.0,
        "Other Income Expense": 38317.0,
        "Other Non Operating Income Expenses": 391.0,
        "Special Income Charges": 0.0,
        "Write Off": 0.0,
        "Restructuring And Mergern Acquisition": 0.0,
        "Gain On Sale Of Security": 37926.0,
        "Net Non Operating Interest Income Expense": 33673.0,
        "Total Other Finance Cost": -33673.0,
        "Interest Expense Non Operating": NaN,
        "Operating Income": 3514936.0,
        "Operating Expense": 24664852.0,
        "Research And Development": 1814972.0,
        "Selling General And Administration": 22849880.0,
        "Selling And Marketing Expense": 4510223.0,
        "General And Administrative Expense": 18339657.0,
        "Other Gand A": 18339657.0,
        "Gross Profit": 28179788.0,
        "Cost Of Revenue": 30239482.0,
        "Total Revenue": 58419270.0,
        "Operating Revenue": 58419270.0
    },
    "2022-06-30": {
        "Tax Effect Of Unusual Items": 237959.6,
        "Tax Rate For Calcs": 0.4,
        "Normalized EBITDA": -4643363.0,
        "Total Unusual Items": 594899.0,
        "Total Unusual Items Excluding Goodwill": 594899.0,
        "Net Income From Continuing Operation Net Minority Interest": -5590705.0,
        "Reconciled Depreciation": 1523749.0,
        "Reconciled Cost Of Revenue": 24704294.0,
        "EBITDA": -4048464.0,
        "EBIT": -5572213.0,
        "Net Interest Income": -31514.0,
        "Interest Expense": 31514.0,
        "Normalized Income": -5947644.4,
        "Net Income From Continuing And Discontinued Operation": -5590705.0,
        "Total Expenses": 62221177.0,
        "Total Operating Income As Reported": -6153351.0,
        "Diluted Average Shares": 52731604.0,
        "Basic Average Shares": 52731604.0,
        "Diluted EPS": -0.11,
        "Basic EPS": -0.11,
        "Diluted NI Availto Com Stockholders": -5590705.0,
        "Net Income Common Stockholders": -5590705.0,
        "Net Income": -5590705.0,
        "Minority Interests": 176538.0,
        "Net Income Including Noncontrolling Interests": -5767243.0,
        "Net Income Continuous Operations": -5767243.0,
        "Earnings From Equity Interest Net Of Tax": 11037.0,
        "Tax Provision": 174553.0,
        "Pretax Income": -5603727.0,
        "Other Income Expense": 581138.0,
        "Other Non Operating Income Expenses": -13761.0,
        "Special Income Charges": 0.0,
        "Write Off": 0.0,
        "Restructuring And Mergern Acquisition": 0.0,
        "Gain On Sale Of Security": 594899.0,
        "Net Non Operating Interest Income Expense": -31514.0,
        "Total Other Finance Cost": NaN,
        "Interest Expense Non Operating": 31514.0,
        "Operating Income": -6153351.0,
        "Operating Expense": 37516883.0,
        "Research And Development": 1743812.0,
        "Selling General And Administration": 35773071.0,
        "Selling And Marketing Expense": 17267461.0,
        "General And Administrative Expense": 18505610.0,
        "Other Gand A": 18505610.0,
        "Gross Profit": 31363532.0,
        "Cost Of Revenue": 24704294.0,
        "Total Revenue": 56067826.0,
        "Operating Revenue": 56067826.0
    },
    "2022-03-31": {
        "Diluted EPS": 0.09,
        "Total Revenue": 54,
        "Gross Profit": 29,
        "Operating Income": 5,
        "EBIT": 6,
        "Net Income": 5
    },
    "2021-12-31": {
        "Diluted EPS": 0.09,
        "Total Revenue": 49,
        "Gross Profit": 25,
        "Operating Income": 1,
        "EBIT": 2,
        "Net Income": 3
    },
    "2021-09-30": {
        "Diluted EPS": 0.01,
        "Total Revenue": 48,
        "Gross Profit": 26,
        "Operating Income": -1,
        "EBIT": 0,
        "Net Income": 0
    },
    "2021-06-30": {
        "Diluted EPS": 0.0,
        "Total Revenue": 43,
        "Gross Profit": 23,
        "Operating Income": 3,
        "EBIT": 4,
        "Net Income": NaN
    },
    "2021-03-31": {
        "Diluted EPS": 0.0,
        "Total Revenue": 44,
        "Gross Profit": 23,
        "Operating Income": 7,
        "EBIT": 8,
        "Net Income": 0
    },
    "2020-12-31": {
        "Diluted EPS": 0.0,
        "Total Revenue": NaN,
        "Gross Profit": NaN,
        "Operating Income": NaN,
        "EBIT": NaN,
        "Net Income": NaN
    },
    "2020-09-30": {
        "Diluted EPS": 0.0,
        "Total Revenue": 39,
        "Gross Profit": 19,
        "Operating Income": 5,
        "EBIT": 5,
        "Net Income": NaN
    },
    "2019-12-31": {
        "Diluted EPS": 0.0,
        "Total Revenue": NaN,
        "Gross Profit": NaN,
        "Operating Income": NaN,
        "EBIT": NaN,
        "Net Income": NaN
    },
    "2023-06-30": {
        "Tax Effect Of Unusual Items": -6520.983251,
        "Tax Rate For Calcs": 0.339458,
        "Normalized EBITDA": 8549214.0,
        "Total Unusual Items": -19210.0,
        "Total Unusual Items Excluding Goodwill": -19210.0,
        "Net Income From Continuing Operation Net Minority Interest": 4445819.0,
        "Reconciled Depreciation": 1689821.0,
        "Reconciled Cost Of Revenue": 32077213.0,
        "EBITDA": 8530004.0,
        "EBIT": 6840183.0,
        "Net Interest Income": -583145.0,
        "Interest Expense": 583145.0,
        "Normalized Income": 4458508.016749,
        "Net Income From Continuing And Discontinued Operation": 4445819.0,
        "Total Expenses": 66091994.0,
        "Total Operating Income As Reported": 6622606.0,
        "Diluted Average Shares": 53866857.0,
        "Basic Average Shares": 53866857.0,
        "Diluted EPS": 0.08,
        "Basic EPS": 0.08,
        "Diluted NI Availto Com Stockholders": 4445819.0,
        "Net Income Common Stockholders": 4445819.0,
        "Net Income": 4445819.0,
        "Minority Interests": 113817.0,
        "Net Income Including Noncontrolling Interests": 4332002.0,
        "Net Income Continuous Operations": 4332002.0,
        "Earnings From Equity Interest Net Of Tax": 198964.0,
        "Tax Provision": 2124000.0,
        "Pretax Income": 6257038.0,
        "Other Income Expense": 217577.0,
        "Other Non Operating Income Expenses": 236787.0,
        "Special Income Charges": NaN,
        "Write Off": NaN,
        "Restructuring And Mergern Acquisition": NaN,
        "Gain On Sale Of Security": -19210.0,
        "Net Non Operating Interest Income Expense": -583145.0,
        "Total Other Finance Cost": NaN,
        "Interest Expense Non Operating": 583145.0,
        "Operating Income": 6622606.0,
        "Operating Expense": 34014781.0,
        "Research And Development": 1506149.0,
        "Selling General And Administration": 32508632.0,
        "Selling And Marketing Expense": 10037781.0,
        "General And Administrative Expense": 22470851.0,
        "Other Gand A": 22470851.0,
        "Gross Profit": 40637387.0,
        "Cost Of Revenue": 32077213.0,
        "Total Revenue": 72714600.0,
        "Operating Revenue": 72714600.0
    }
}