{
    "2023-03-31": {
        "Tax Effect Of Unusual Items": 0.0,
        "Tax Rate For Calcs": 0.0,
        "Normalized EBITDA": -17055000.0,
        "Net Income From Continuing Operation Net Minority Interest": -14586000.0,
        "Reconciled Depreciation": 20000.0,
        "EBIT": -17055000.0,
        "Normalized Income": -14586000.0,
        "Net Income From Continuing And Discontinued Operation": -14586000.0,
        "Total Expenses": 17055000.0,
        "Total Operating Income As Reported": -17055000.0,
        "Diluted Average Shares": 42371206.0,
        "Basic Average Shares": 42371206.0,
        "Diluted EPS": -0.34,
        "Basic EPS": -0.34,
        "Diluted NI Availto Com Stockholders": -14586000.0,
        "Net Income Common Stockholders": -14586000.0,
        "Net Income": -14586000.0,
        "Net Income Including Noncontrolling Interests": -14586000.0,
        "Net Income Continuous Operations": -14586000.0,
        "Pretax Income": -14586000.0,
        "Other Income Expense": 2469000.0,
        "Other Non Operating Income Expenses": 2469000.0,
        "Operating Income": -17055000.0,
        "Operating Expense": 17055000.0,
        "Research And Development": 12401000.0,
        "Selling General And Administration": 4654000.0,
        "General And Administrative Expense": 4654000.0,
        "Other Gand A": 4654000.0,
        "Salaries And Wages": 2829000.0,
        "Total Revenue": 0.0,
        "Operating Revenue": 0.0
    },
    "2022-12-31": {
        "Tax Effect Of Unusual Items": 0.0,
        "Tax Rate For Calcs": 0.0,
        "Normalized EBITDA": -15479000.0,
        "Net Income From Continuing Operation Net Minority Interest": -13717000.0,
        "Reconciled Depreciation": 20000.0,
        "EBIT": -15479000.0,
        "Normalized Income": -13717000.0,
        "Net Income From Continuing And Discontinued Operation": -13717000.0,
        "Total Expenses": 15479000.0,
        "Total Operating Income As Reported": -15479000.0,
        "Diluted Average Shares": 38706437.0,
        "Basic Average Shares": 38706437.0,
        "Diluted EPS": -0.35,
        "Basic EPS": -0.35,
        "Diluted NI Availto Com Stockholders": -13717000.0,
        "Net Income Common Stockholders": -13717000.0,
        "Net Income": -13717000.0,
        "Net Income Including Noncontrolling Interests": -13717000.0,
        "Net Income Continuous Operations": -13717000.0,
        "Pretax Income": -13717000.0,
        "Other Income Expense": 1762000.0,
        "Other Non Operating Income Expenses": 1762000.0,
        "Operating Income": -15479000.0,
        "Operating Expense": 15479000.0,
        "Research And Development": 10383000.0,
        "Selling General And Administration": 5096000.0,
        "General And Administrative Expense": 5096000.0,
        "Other Gand A": 5096000.0,
        "Salaries And Wages": 2723000.0,
        "Total Revenue": 0.0,
        "Operating Revenue": 0.0
    },
    "2022-09-30": {
        "Tax Effect Of Unusual Items": 0.0,
        "Tax Rate For Calcs": 0.0,
        "Normalized EBITDA": -15930000.0,
        "Net Income From Continuing Operation Net Minority Interest": -14745000.0,
        "Reconciled Depreciation": 18000.0,
        "EBIT": -15948000.0,
        "Normalized Income": -14745000.0,
        "Net Income From Continuing And Discontinued Operation": -14745000.0,
        "Total Expenses": 15948000.0,
        "Total Operating Income As Reported": -15948000.0,
        "Diluted Average Shares": 38585980.0,
        "Basic Average Shares": 38585980.0,
        "Diluted EPS": -0.38,
        "Basic EPS": -0.38,
        "Diluted NI Availto Com Stockholders": -14745000.0,
        "Net Income Common Stockholders": -14745000.0,
        "Net Income": -14745000.0,
        "Net Income Including Noncontrolling Interests": -14745000.0,
        "Net Income Continuous Operations": -14745000.0,
        "Pretax Income": -14745000.0,
        "Other Income Expense": 1203000.0,
        "Other Non Operating Income Expenses": 1203000.0,
        "Operating Income": -15948000.0,
        "Operating Expense": 15948000.0,
        "Research And Development": 11423000.0,
        "Selling General And Administration": 4525000.0,
        "General And Administrative Expense": 4525000.0,
        "Other Gand A": 1868000.0,
        "Salaries And Wages": 2657000.0,
        "Total Revenue": 0.0,
        "Operating Revenue": 0.0
    },
    "2022-06-30": {
        "Tax Effect Of Unusual Items": 0.0,
        "Tax Rate For Calcs": 0.0,
        "Normalized EBITDA": -12069000.0,
        "Net Income From Continuing Operation Net Minority Interest": -11649000.0,
        "Reconciled Depreciation": 11000.0,
        "EBIT": -12080000.0,
        "Normalized Income": -11649000.0,
        "Net Income From Continuing And Discontinued Operation": -11649000.0,
        "Total Expenses": 12080000.0,
        "Total Operating Income As Reported": -12080000.0,
        "Diluted Average Shares": 38415379.0,
        "Basic Average Shares": 38415379.0,
        "Diluted EPS": -0.3,
        "Basic EPS": -0.3,
        "Diluted NI Availto Com Stockholders": -11649000.0,
        "Net Income Common Stockholders": -11649000.0,
        "Net Income": -11649000.0,
        "Net Income Including Noncontrolling Interests": -11649000.0,
        "Net Income Continuous Operations": -11649000.0,
        "Pretax Income": -11649000.0,
        "Other Income Expense": 431000.0,
        "Other Non Operating Income Expenses": 431000.0,
        "Operating Income": -12080000.0,
        "Operating Expense": 12080000.0,
        "Research And Development": 7344000.0,
        "Selling General And Administration": 4736000.0,
        "General And Administrative Expense": 4736000.0,
        "Other Gand A": 2034000.0,
        "Salaries And Wages": 2702000.0,
        "Total Revenue": 0.0,
        "Operating Revenue": 0.0
    },
    "2022-03-31": {
        "Diluted EPS": -0.27,
        "Total Revenue": NaN,
        "Gross Profit": NaN,
        "Operating Income": -11,
        "EBIT": -11,
        "Net Income": -10
    },
    "2021-12-31": {
        "Diluted EPS": 14.04,
        "Total Revenue": NaN,
        "Gross Profit": NaN,
        "Operating Income": -9,
        "EBIT": -9,
        "Net Income": -9
    },
    "2021-09-30": {
        "Diluted EPS": -5.16,
        "Total Revenue": NaN,
        "Gross Profit": NaN,
        "Operating Income": -7,
        "EBIT": -7,
        "Net Income": -7
    },
    "2021-06-30": {
        "Diluted EPS": -6.82,
        "Total Revenue": NaN,
        "Gross Profit": NaN,
        "Operating Income": -7,
        "EBIT": -7,
        "Net Income": -7
    },
    "2021-03-31": {
        "Diluted EPS": -4.9,
        "Total Revenue": NaN,
        "Gross Profit": NaN,
        "Operating Income": -4,
        "EBIT": -4,
        "Net Income": -4
    },
    "2020-12-31": {
        "Diluted EPS": 0.0,
        "Total Revenue": NaN,
        "Gross Profit": NaN,
        "Operating Income": NaN,
        "EBIT": NaN,
        "Net Income": NaN
    },
    "2020-09-30": {
        "Diluted EPS": -2.12,
        "Total Revenue": NaN,
        "Gross Profit": NaN,
        "Operating Income": -1,
        "EBIT": -1,
        "Net Income": -1
    },
    "2019-12-31": {
        "Diluted EPS": 0.0,
        "Total Revenue": NaN,
        "Gross Profit": NaN,
        "Operating Income": NaN,
        "EBIT": NaN,
        "Net Income": NaN
    },
    "2023-06-30": {
        "Tax Effect Of Unusual Items": 0.0,
        "Tax Rate For Calcs": 0.0,
        "Normalized EBITDA": -17566000.0,
        "Net Income From Continuing Operation Net Minority Interest": -14805000.0,
        "Reconciled Depreciation": 21000.0,
        "EBIT": -17587000.0,
        "Normalized Income": -14805000.0,
        "Net Income From Continuing And Discontinued Operation": -14805000.0,
        "Total Expenses": 17587000.0,
        "Total Operating Income As Reported": -17587000.0,
        "Diluted Average Shares": 43736275.0,
        "Basic Average Shares": 43736275.0,
        "Diluted EPS": -0.34,
        "Basic EPS": -0.34,
        "Diluted NI Availto Com Stockholders": -14805000.0,
        "Net Income Common Stockholders": -14805000.0,
        "Net Income": -14805000.0,
        "Net Income Including Noncontrolling Interests": -14805000.0,
        "Net Income Continuous Operations": -14805000.0,
        "Pretax Income": -14805000.0,
        "Other Income Expense": 2782000.0,
        "Other Non Operating Income Expenses": 2782000.0,
        "Operating Income": -17587000.0,
        "Operating Expense": 17587000.0,
        "Research And Development": 12919000.0,
        "Selling General And Administration": 4668000.0,
        "General And Administrative Expense": 4668000.0,
        "Other Gand A": 1668000.0,
        "Salaries And Wages": 3000000.0,
        "Total Revenue": 0.0,
        "Operating Revenue": 0.0
    }
}