{
    "2023-03-31": {
        "Tax Effect Of Unusual Items": 0.0,
        "Tax Rate For Calcs": 0.326,
        "Normalized EBITDA": 45729000.0,
        "Total Unusual Items": NaN,
        "Total Unusual Items Excluding Goodwill": NaN,
        "Net Income From Continuing Operation Net Minority Interest": 9314000.0,
        "Reconciled Depreciation": 15431000.0,
        "Reconciled Cost Of Revenue": 90747000.0,
        "EBITDA": 45729000.0,
        "EBIT": 30298000.0,
        "Net Interest Income": -16488000.0,
        "Interest Expense": 16488000.0,
        "Normalized Income": 9314000.0,
        "Net Income From Continuing And Discontinued Operation": 9314000.0,
        "Total Expenses": 214891000.0,
        "Total Operating Income As Reported": 30785000.0,
        "Diluted Average Shares": 36981652.0,
        "Basic Average Shares": 34606864.0,
        "Diluted EPS": 0.25,
        "Basic EPS": 0.27,
        "Diluted NI Availto Com Stockholders": 9314000.0,
        "Net Income Common Stockholders": 9314000.0,
        "Net Income": 9314000.0,
        "Net Income Including Noncontrolling Interests": 9314000.0,
        "Net Income Continuous Operations": 9314000.0,
        "Tax Provision": 4496000.0,
        "Pretax Income": 13810000.0,
        "Other Income Expense": -366000.0,
        "Other Non Operating Income Expenses": -366000.0,
        "Special Income Charges": NaN,
        "Write Off": NaN,
        "Net Non Operating Interest Income Expense": -16488000.0,
        "Interest Expense Non Operating": 16488000.0,
        "Operating Income": 30664000.0,
        "Operating Expense": 124144000.0,
        "Selling General And Administration": 124144000.0,
        "Selling And Marketing Expense": 76343000.0,
        "General And Administrative Expense": 47801000.0,
        "Other Gand A": 47680000.0,
        "Salaries And Wages": 121000.0,
        "Gross Profit": 154808000.0,
        "Cost Of Revenue": 90747000.0,
        "Total Revenue": 245555000.0,
        "Operating Revenue": 245555000.0
    },
    "2022-12-31": {
        "Tax Effect Of Unusual Items": NaN,
        "Tax Rate For Calcs": NaN,
        "Normalized EBITDA": NaN,
        "Total Unusual Items": -102000000.0,
        "Total Unusual Items Excluding Goodwill": -102000000.0,
        "Net Income From Continuing Operation Net Minority Interest": NaN,
        "Reconciled Depreciation": NaN,
        "Reconciled Cost Of Revenue": NaN,
        "EBITDA": NaN,
        "EBIT": NaN,
        "Net Interest Income": NaN,
        "Interest Expense": NaN,
        "Normalized Income": NaN,
        "Net Income From Continuing And Discontinued Operation": NaN,
        "Total Expenses": NaN,
        "Total Operating Income As Reported": NaN,
        "Diluted Average Shares": NaN,
        "Basic Average Shares": NaN,
        "Diluted EPS": NaN,
        "Basic EPS": NaN,
        "Diluted NI Availto Com Stockholders": NaN,
        "Net Income Common Stockholders": NaN,
        "Net Income": NaN,
        "Net Income Including Noncontrolling Interests": NaN,
        "Net Income Continuous Operations": NaN,
        "Tax Provision": NaN,
        "Pretax Income": NaN,
        "Other Income Expense": NaN,
        "Other Non Operating Income Expenses": NaN,
        "Special Income Charges": -102000000.0,
        "Write Off": 102000000.0,
        "Net Non Operating Interest Income Expense": NaN,
        "Interest Expense Non Operating": NaN,
        "Operating Income": NaN,
        "Operating Expense": NaN,
        "Selling General And Administration": NaN,
        "Selling And Marketing Expense": NaN,
        "General And Administrative Expense": NaN,
        "Other Gand A": NaN,
        "Salaries And Wages": NaN,
        "Gross Profit": NaN,
        "Cost Of Revenue": NaN,
        "Total Revenue": NaN,
        "Operating Revenue": NaN
    },
    "2022-09-30": {
        "Tax Effect Of Unusual Items": NaN,
        "Tax Rate For Calcs": NaN,
        "Normalized EBITDA": NaN,
        "Total Unusual Items": 0.0,
        "Total Unusual Items Excluding Goodwill": 0.0,
        "Net Income From Continuing Operation Net Minority Interest": NaN,
        "Reconciled Depreciation": NaN,
        "Reconciled Cost Of Revenue": NaN,
        "EBITDA": NaN,
        "EBIT": NaN,
        "Net Interest Income": NaN,
        "Interest Expense": NaN,
        "Normalized Income": NaN,
        "Net Income From Continuing And Discontinued Operation": NaN,
        "Total Expenses": NaN,
        "Total Operating Income As Reported": NaN,
        "Diluted Average Shares": NaN,
        "Basic Average Shares": NaN,
        "Diluted EPS": NaN,
        "Basic EPS": NaN,
        "Diluted NI Availto Com Stockholders": NaN,
        "Net Income Common Stockholders": NaN,
        "Net Income": NaN,
        "Net Income Including Noncontrolling Interests": NaN,
        "Net Income Continuous Operations": NaN,
        "Tax Provision": NaN,
        "Pretax Income": NaN,
        "Other Income Expense": NaN,
        "Other Non Operating Income Expenses": NaN,
        "Special Income Charges": 0.0,
        "Write Off": 0.0,
        "Net Non Operating Interest Income Expense": NaN,
        "Interest Expense Non Operating": NaN,
        "Operating Income": NaN,
        "Operating Expense": NaN,
        "Selling General And Administration": NaN,
        "Selling And Marketing Expense": NaN,
        "General And Administrative Expense": NaN,
        "Other Gand A": NaN,
        "Salaries And Wages": NaN,
        "Gross Profit": NaN,
        "Cost Of Revenue": NaN,
        "Total Revenue": NaN,
        "Operating Revenue": NaN
    },
    "2022-06-30": {
        "Tax Effect Of Unusual Items": -61494.0,
        "Tax Rate For Calcs": 0.277,
        "Normalized EBITDA": 115668000.0,
        "Total Unusual Items": -222000.0,
        "Total Unusual Items Excluding Goodwill": -222000.0,
        "Net Income From Continuing Operation Net Minority Interest": 58002000.0,
        "Reconciled Depreciation": 20592000.0,
        "Reconciled Cost Of Revenue": 106013000.0,
        "EBITDA": 115446000.0,
        "EBIT": 94854000.0,
        "Net Interest Income": -14652000.0,
        "Interest Expense": 14652000.0,
        "Normalized Income": 58162506.0,
        "Net Income From Continuing And Discontinued Operation": 58002000.0,
        "Total Expenses": 250476000.0,
        "Total Operating Income As Reported": 83297000.0,
        "Diluted Average Shares": 36137989.0,
        "Basic Average Shares": 34250706.0,
        "Diluted EPS": 1.61,
        "Basic EPS": 1.69,
        "Diluted NI Availto Com Stockholders": 58002000.0,
        "Net Income Common Stockholders": 58002000.0,
        "Net Income": 58002000.0,
        "Net Income Including Noncontrolling Interests": 58002000.0,
        "Net Income Continuous Operations": 58002000.0,
        "Tax Provision": 22200000.0,
        "Pretax Income": 80202000.0,
        "Other Income Expense": 11335000.0,
        "Other Non Operating Income Expenses": 11557000.0,
        "Special Income Charges": -222000.0,
        "Write Off": 222000.0,
        "Net Non Operating Interest Income Expense": -14652000.0,
        "Interest Expense Non Operating": 14652000.0,
        "Operating Income": 83519000.0,
        "Operating Expense": 144463000.0,
        "Selling General And Administration": 144463000.0,
        "Selling And Marketing Expense": 91813000.0,
        "General And Administrative Expense": 52650000.0,
        "Other Gand A": 52650000.0,
        "Gross Profit": 227982000.0,
        "Cost Of Revenue": 106013000.0,
        "Total Revenue": 333995000.0,
        "Operating Revenue": 333995000.0
    },
    "2023-06-30": {
        "Tax Effect Of Unusual Items": NaN,
        "Tax Rate For Calcs": NaN,
        "Normalized EBITDA": NaN,
        "Total Unusual Items": 0.0,
        "Total Unusual Items Excluding Goodwill": 0.0,
        "Net Income From Continuing Operation Net Minority Interest": NaN,
        "Reconciled Depreciation": NaN,
        "Reconciled Cost Of Revenue": NaN,
        "EBITDA": NaN,
        "EBIT": NaN,
        "Net Interest Income": NaN,
        "Interest Expense": NaN,
        "Normalized Income": NaN,
        "Net Income From Continuing And Discontinued Operation": NaN,
        "Total Expenses": NaN,
        "Total Operating Income As Reported": NaN,
        "Diluted Average Shares": NaN,
        "Basic Average Shares": NaN,
        "Diluted EPS": NaN,
        "Basic EPS": NaN,
        "Diluted NI Availto Com Stockholders": NaN,
        "Net Income Common Stockholders": NaN,
        "Net Income": NaN,
        "Net Income Including Noncontrolling Interests": NaN,
        "Net Income Continuous Operations": NaN,
        "Tax Provision": NaN,
        "Pretax Income": NaN,
        "Other Income Expense": NaN,
        "Other Non Operating Income Expenses": NaN,
        "Special Income Charges": 0.0,
        "Write Off": 0.0,
        "Net Non Operating Interest Income Expense": NaN,
        "Interest Expense Non Operating": NaN,
        "Operating Income": NaN,
        "Operating Expense": NaN,
        "Selling General And Administration": NaN,
        "Selling And Marketing Expense": NaN,
        "General And Administrative Expense": NaN,
        "Other Gand A": NaN,
        "Salaries And Wages": 1865000.0,
        "Gross Profit": NaN,
        "Cost Of Revenue": NaN,
        "Total Revenue": NaN,
        "Operating Revenue": NaN
    },
    "2022-03-31": {
        "Diluted EPS": 0.88,
        "Total Revenue": 308,
        "Gross Profit": 198,
        "Operating Income": 52,
        "EBIT": 75,
        "Net Income": 34
    },
    "2021-12-31": {
        "Diluted EPS": 0.1,
        "Total Revenue": 244,
        "Gross Profit": 151,
        "Operating Income": 5,
        "EBIT": 32,
        "Net Income": 5
    },
    "2021-09-30": {
        "Diluted EPS": 0.95,
        "Total Revenue": 297,
        "Gross Profit": 193,
        "Operating Income": 66,
        "EBIT": 98,
        "Net Income": 36
    },
    "2021-06-30": {
        "Diluted EPS": 0.66,
        "Total Revenue": 291,
        "Gross Profit": 178,
        "Operating Income": 54,
        "EBIT": 86,
        "Net Income": 24
    },
    "2021-03-31": {
        "Diluted EPS": 1.07,
        "Total Revenue": 281,
        "Gross Profit": 182,
        "Operating Income": 65,
        "EBIT": 85,
        "Net Income": 37
    },
    "2020-12-31": {
        "Diluted EPS": 3.29,
        "Total Revenue": 247,
        "Gross Profit": 141,
        "Operating Income": 17,
        "EBIT": 53,
        "Net Income": 110
    },
    "2020-09-30": {
        "Diluted EPS": -0.01,
        "Total Revenue": 240,
        "Gross Profit": 135,
        "Operating Income": 21,
        "EBIT": 57,
        "Net Income": 0
    },
    "2020-06-30": {
        "Diluted EPS": 0.34,
        "Total Revenue": 304,
        "Gross Profit": 193,
        "Operating Income": 52,
        "EBIT": 89,
        "Net Income": 11
    },
    "2020-03-31": {
        "Diluted EPS": 0.8,
        "Total Revenue": 319,
        "Gross Profit": 201,
        "Operating Income": 62,
        "EBIT": 100,
        "Net Income": 28
    },
    "2019-12-31": {
        "Diluted EPS": 0.0,
        "Total Revenue": NaN,
        "Gross Profit": NaN,
        "Operating Income": NaN,
        "EBIT": NaN,
        "Net Income": NaN
    },
    "2019-09-30": {
        "Diluted EPS": -0.01,
        "Total Revenue": 319,
        "Gross Profit": 210,
        "Operating Income": 41,
        "EBIT": 41,
        "Net Income": 0
    },
    "2018-12-31": {
        "Diluted EPS": 0.0,
        "Total Revenue": NaN,
        "Gross Profit": NaN,
        "Operating Income": NaN,
        "EBIT": NaN,
        "Net Income": NaN
    },
    "2023-09-30": {
        "Tax Effect Of Unusual Items": 0.0,
        "Tax Rate For Calcs": 0.274653,
        "Normalized EBITDA": -6314000.0,
        "Total Unusual Items": 0.0,
        "Total Unusual Items Excluding Goodwill": 0.0,
        "Net Income From Continuing Operation Net Minority Interest": -27046000.0,
        "Reconciled Depreciation": 15842000.0,
        "Reconciled Cost Of Revenue": 80178000.0,
        "EBITDA": -6314000.0,
        "EBIT": -22156000.0,
        "Net Interest Income": -15131000.0,
        "Interest Expense": 15131000.0,
        "Normalized Income": -27046000.0,
        "Net Income From Continuing And Discontinued Operation": -27046000.0,
        "Total Expenses": 203200000.0,
        "Total Operating Income As Reported": -19378000.0,
        "Diluted Average Shares": 34848899.0,
        "Basic Average Shares": 34848899.0,
        "Diluted EPS": -0.78,
        "Basic EPS": -0.78,
        "Diluted NI Availto Com Stockholders": -27046000.0,
        "Net Income Common Stockholders": -27046000.0,
        "Net Income": -27046000.0,
        "Net Income Including Noncontrolling Interests": -27046000.0,
        "Net Income Continuous Operations": -27046000.0,
        "Tax Provision": -10241000.0,
        "Pretax Income": -37287000.0,
        "Other Income Expense": -2778000.0,
        "Other Non Operating Income Expenses": -2778000.0,
        "Special Income Charges": 0.0,
        "Write Off": 0.0,
        "Net Non Operating Interest Income Expense": -15131000.0,
        "Interest Expense Non Operating": 15131000.0,
        "Operating Income": -19378000.0,
        "Operating Expense": 123022000.0,
        "Selling General And Administration": 123022000.0,
        "Selling And Marketing Expense": 74755000.0,
        "General And Administrative Expense": 48267000.0,
        "Other Gand A": 48267000.0,
        "Salaries And Wages": 1902000.0,
        "Gross Profit": 103644000.0,
        "Cost Of Revenue": 80178000.0,
        "Total Revenue": 183822000.0,
        "Operating Revenue": 183822000.0
    },
    "2023-12-31": {
        "Tax Effect Of Unusual Items": -56457660.0,
        "Tax Rate For Calcs": 0.21,
        "Normalized EBITDA": 49357000.0,
        "Total Unusual Items": -268846000.0,
        "Total Unusual Items Excluding Goodwill": -268846000.0,
        "Net Income From Continuing Operation Net Minority Interest": -257541000.0,
        "Reconciled Depreciation": 16311000.0,
        "Reconciled Cost Of Revenue": 76453000.0,
        "EBITDA": -219489000.0,
        "EBIT": -235800000.0,
        "Net Interest Income": -13817000.0,
        "Interest Expense": 13817000.0,
        "Normalized Income": -45152660.0,
        "Net Income From Continuing And Discontinued Operation": -257541000.0,
        "Total Expenses": 209448000.0,
        "Total Operating Income As Reported": -242131000.0,
        "Diluted Average Shares": 34858157.0,
        "Basic Average Shares": 34858157.0,
        "Diluted EPS": -7.39,
        "Basic EPS": -7.39,
        "Diluted NI Availto Com Stockholders": -257541000.0,
        "Net Income Common Stockholders": -257541000.0,
        "Net Income": -257541000.0,
        "Net Income Including Noncontrolling Interests": -257541000.0,
        "Net Income Continuous Operations": -257541000.0,
        "Tax Provision": 7924000.0,
        "Pretax Income": -249617000.0,
        "Other Income Expense": -262515000.0,
        "Other Non Operating Income Expenses": 6331000.0,
        "Special Income Charges": -268846000.0,
        "Write Off": 268846000.0,
        "Net Non Operating Interest Income Expense": -13817000.0,
        "Interest Expense Non Operating": 13817000.0,
        "Operating Income": 26715000.0,
        "Operating Expense": 132995000.0,
        "Selling General And Administration": 132995000.0,
        "Selling And Marketing Expense": 73757000.0,
        "General And Administrative Expense": 59238000.0,
        "Other Gand A": 59238000.0,
        "Salaries And Wages": -6607000.0,
        "Gross Profit": 159710000.0,
        "Cost Of Revenue": 76453000.0,
        "Total Revenue": 236163000.0,
        "Operating Revenue": 236163000.0
    },
    "2024-03-31": {
        "Tax Effect Of Unusual Items": 0.0,
        "Tax Rate For Calcs": 0.39,
        "Normalized EBITDA": 41733000.0,
        "Total Unusual Items": NaN,
        "Total Unusual Items Excluding Goodwill": NaN,
        "Net Income From Continuing Operation Net Minority Interest": 8424000.0,
        "Reconciled Depreciation": 14553000.0,
        "Reconciled Cost Of Revenue": 79983000.0,
        "EBITDA": 41733000.0,
        "EBIT": 27180000.0,
        "Net Interest Income": -13359000.0,
        "Interest Expense": 13359000.0,
        "Normalized Income": 8424000.0,
        "Net Income From Continuing And Discontinued Operation": 8424000.0,
        "Total Expenses": 202490000.0,
        "Total Operating Income As Reported": 31134000.0,
        "Diluted Average Shares": 37985785.0,
        "Basic Average Shares": 35186121.0,
        "Diluted EPS": 0.22,
        "Basic EPS": 0.24,
        "Diluted NI Availto Com Stockholders": 8424000.0,
        "Net Income Common Stockholders": 8424000.0,
        "Net Income": 8424000.0,
        "Net Income Including Noncontrolling Interests": 8424000.0,
        "Net Income Continuous Operations": 8424000.0,
        "Tax Provision": 5397000.0,
        "Pretax Income": 13821000.0,
        "Other Income Expense": -3954000.0,
        "Other Non Operating Income Expenses": -3954000.0,
        "Special Income Charges": NaN,
        "Write Off": NaN,
        "Net Non Operating Interest Income Expense": -13359000.0,
        "Interest Expense Non Operating": 13359000.0,
        "Operating Income": 31134000.0,
        "Operating Expense": 122507000.0,
        "Selling General And Administration": 122507000.0,
        "Selling And Marketing Expense": 70091000.0,
        "General And Administrative Expense": 52416000.0,
        "Other Gand A": 52416000.0,
        "Salaries And Wages": 1581000.0,
        "Gross Profit": 153641000.0,
        "Cost Of Revenue": 79983000.0,
        "Total Revenue": 233624000.0,
        "Operating Revenue": 233624000.0
    },
    "2024-06-30": {
        "Tax Effect Of Unusual Items": 0.0,
        "Tax Rate For Calcs": 0.21,
        "Normalized EBITDA": 38413000.0,
        "Total Unusual Items": NaN,
        "Total Unusual Items Excluding Goodwill": NaN,
        "Net Income From Continuing Operation Net Minority Interest": 5548000.0,
        "Reconciled Depreciation": 14072000.0,
        "Reconciled Cost Of Revenue": 75496000.0,
        "EBITDA": 38413000.0,
        "EBIT": 24341000.0,
        "Net Interest Income": -12175000.0,
        "Interest Expense": 12175000.0,
        "Normalized Income": 5548000.0,
        "Net Income From Continuing And Discontinued Operation": 5548000.0,
        "Total Expenses": 192746000.0,
        "Total Operating Income As Reported": 31338000.0,
        "Diluted Average Shares": 37631825.0,
        "Basic Average Shares": 36004324.0,
        "Diluted EPS": 0.15,
        "Basic EPS": 0.15,
        "Diluted NI Availto Com Stockholders": 5548000.0,
        "Net Income Common Stockholders": 5548000.0,
        "Net Income": 5548000.0,
        "Net Income Including Noncontrolling Interests": 5548000.0,
        "Net Income Continuous Operations": 5548000.0,
        "Tax Provision": 6618000.0,
        "Pretax Income": 12166000.0,
        "Other Income Expense": -6997000.0,
        "Other Non Operating Income Expenses": -6997000.0,
        "Special Income Charges": NaN,
        "Write Off": NaN,
        "Net Non Operating Interest Income Expense": -12175000.0,
        "Interest Expense Non Operating": 12175000.0,
        "Operating Income": 31338000.0,
        "Operating Expense": 117250000.0,
        "Selling General And Administration": 117250000.0,
        "Selling And Marketing Expense": 65409000.0,
        "General And Administrative Expense": 51841000.0,
        "Other Gand A": 51841000.0,
        "Salaries And Wages": 1581000.0,
        "Gross Profit": 148588000.0,
        "Cost Of Revenue": 75496000.0,
        "Total Revenue": 224084000.0,
        "Operating Revenue": 224084000.0
    },
    "2024-09-30": {
        "Tax Effect Of Unusual Items": -4402640.320959,
        "Tax Rate For Calcs": 0.052984,
        "Normalized EBITDA": 5681000.0,
        "Total Unusual Items": -83094000.0,
        "Total Unusual Items Excluding Goodwill": -83094000.0,
        "Net Income From Continuing Operation Net Minority Interest": -96071000.0,
        "Reconciled Depreciation": 12519000.0,
        "Reconciled Cost Of Revenue": 67871000.0,
        "EBITDA": -77413000.0,
        "EBIT": -89932000.0,
        "Net Interest Income": -11514000.0,
        "Interest Expense": 11514000.0,
        "Normalized Income": -17379640.320959,
        "Net Income From Continuing And Discontinued Operation": -96071000.0,
        "Total Expenses": 185327000.0,
        "Total Operating Income As Reported": -88569000.0,
        "Diluted Average Shares": 36308992.0,
        "Basic Average Shares": 36308992.0,
        "Diluted EPS": -2.65,
        "Basic EPS": -2.65,
        "Diluted NI Availto Com Stockholders": -96071000.0,
        "Net Income Common Stockholders": -96071000.0,
        "Net Income": -96071000.0,
        "Net Income Including Noncontrolling Interests": -96071000.0,
        "Net Income Continuous Operations": -96071000.0,
        "Tax Provision": -5375000.0,
        "Pretax Income": -101446000.0,
        "Other Income Expense": -84457000.0,
        "Other Non Operating Income Expenses": -1363000.0,
        "Special Income Charges": -83094000.0,
        "Write Off": 83094000.0,
        "Net Non Operating Interest Income Expense": -11514000.0,
        "Interest Expense Non Operating": 11514000.0,
        "Operating Income": -5475000.0,
        "Operating Expense": 117456000.0,
        "Selling General And Administration": 117456000.0,
        "Selling And Marketing Expense": 66484000.0,
        "General And Administrative Expense": 50972000.0,
        "Other Gand A": 50972000.0,
        "Salaries And Wages": NaN,
        "Gross Profit": 111981000.0,
        "Cost Of Revenue": 67871000.0,
        "Total Revenue": 179852000.0,
        "Operating Revenue": 179852000.0
    }
}