{
    "2023-03-31": {
        "Tax Effect Of Unusual Items": -79200.0,
        "Tax Rate For Calcs": 0.264,
        "Normalized EBITDA": 80200000.0,
        "Total Unusual Items": -300000.0,
        "Total Unusual Items Excluding Goodwill": -300000.0,
        "Net Income From Continuing Operation Net Minority Interest": 19200000.0,
        "Reconciled Depreciation": 36000000.0,
        "Reconciled Cost Of Revenue": 718500000.0,
        "EBIT": 43900000.0,
        "Net Interest Income": -3200000.0,
        "Interest Expense": 17800000.0,
        "Interest Income": 14600000.0,
        "Normalized Income": 19420800.0,
        "Net Income From Continuing And Discontinued Operation": 15200000.0,
        "Total Expenses": 855500000.0,
        "Total Operating Income As Reported": 39300000.0,
        "Diluted Average Shares": 56700000.0,
        "Basic Average Shares": 56100000.0,
        "Diluted EPS": 0.27,
        "Basic EPS": 0.27,
        "Diluted NI Availto Com Stockholders": 15200000.0,
        "Net Income Common Stockholders": 15200000.0,
        "Net Income": 15200000.0,
        "Net Income Including Noncontrolling Interests": 15200000.0,
        "Net Income Discontinuous Operations": -4000000.0,
        "Net Income Continuous Operations": 19200000.0,
        "Tax Provision": 6900000.0,
        "Pretax Income": 26100000.0,
        "Other Income Expense": -10000000.0,
        "Other Non Operating Income Expenses": -9700000.0,
        "Special Income Charges": -15300000.0,
        "Other Special Charges": NaN,
        "Write Off": NaN,
        "Restructuring And Mergern Acquisition": 15300000.0,
        "Gain On Sale Of Security": -300000.0,
        "Net Non Operating Interest Income Expense": -3200000.0,
        "Interest Expense Non Operating": 17800000.0,
        "Interest Income Non Operating": 14600000.0,
        "Operating Income": 39300000.0,
        "Operating Expense": 113000000.0,
        "Other Operating Expenses": 2600000.0,
        "Depreciation Amortization Depletion Income Statement": 12000000.0,
        "Depreciation And Amortization In Income Statement": 12000000.0,
        "Amortization": 12000000.0,
        "Amortization Of Intangibles Income Statement": 12000000.0,
        "Selling General And Administration": 98400000.0,
        "Selling And Marketing Expense": 45000000.0,
        "General And Administrative Expense": 53400000.0,
        "Other Gand A": 53400000.0,
        "Gross Profit": 152300000.0,
        "Cost Of Revenue": 742500000.0,
        "Total Revenue": 894800000.0,
        "Operating Revenue": 894800000.0
    },
    "2022-12-31": {
        "Tax Effect Of Unusual Items": -787200.0,
        "Tax Rate For Calcs": 0.246,
        "Normalized EBITDA": 112000000.0,
        "Total Unusual Items": -3200000.0,
        "Total Unusual Items Excluding Goodwill": -3200000.0,
        "Net Income From Continuing Operation Net Minority Interest": 40100000.0,
        "Reconciled Depreciation": 36900000.0,
        "Reconciled Cost Of Revenue": 795600000.0,
        "EBIT": 71900000.0,
        "Net Interest Income": -7600000.0,
        "Interest Expense": 18700000.0,
        "Interest Income": 11100000.0,
        "Normalized Income": 42512800.0,
        "Net Income From Continuing And Discontinued Operation": -23400000.0,
        "Total Expenses": 926200000.0,
        "Total Operating Income As Reported": 70000000.0,
        "Diluted Average Shares": 56700000.0,
        "Basic Average Shares": 56100000.0,
        "Diluted EPS": -0.42,
        "Basic EPS": -0.42,
        "Diluted NI Availto Com Stockholders": -23400000.0,
        "Net Income Common Stockholders": -23400000.0,
        "Net Income": -23400000.0,
        "Net Income Including Noncontrolling Interests": -23400000.0,
        "Net Income Discontinuous Operations": -63500000.0,
        "Net Income Continuous Operations": 40100000.0,
        "Tax Provision": 13100000.0,
        "Pretax Income": 53200000.0,
        "Other Income Expense": -9200000.0,
        "Other Non Operating Income Expenses": -6000000.0,
        "Special Income Charges": -4500000.0,
        "Other Special Charges": 4500000.0,
        "Write Off": 0.0,
        "Restructuring And Mergern Acquisition": NaN,
        "Gain On Sale Of Security": 1300000.0,
        "Net Non Operating Interest Income Expense": -7600000.0,
        "Interest Expense Non Operating": 18700000.0,
        "Interest Income Non Operating": 11100000.0,
        "Operating Income": 70000000.0,
        "Operating Expense": 105900000.0,
        "Other Operating Expenses": -3500000.0,
        "Depreciation Amortization Depletion Income Statement": 12200000.0,
        "Depreciation And Amortization In Income Statement": 12200000.0,
        "Amortization": 12200000.0,
        "Amortization Of Intangibles Income Statement": 12200000.0,
        "Selling General And Administration": 97200000.0,
        "Selling And Marketing Expense": 51100000.0,
        "General And Administrative Expense": 46100000.0,
        "Other Gand A": 46100000.0,
        "Gross Profit": 175900000.0,
        "Cost Of Revenue": 820300000.0,
        "Total Revenue": 996200000.0,
        "Operating Revenue": 996200000.0
    },
    "2022-09-30": {
        "Tax Effect Of Unusual Items": -1200000.0,
        "Tax Rate For Calcs": 0.4,
        "Normalized EBITDA": 19300000.0,
        "Total Unusual Items": -3000000.0,
        "Total Unusual Items Excluding Goodwill": -3000000.0,
        "Net Income From Continuing Operation Net Minority Interest": -15100000.0,
        "Reconciled Depreciation": 1800000.0,
        "Reconciled Cost Of Revenue": 755800000.0,
        "EBIT": 4400000.0,
        "Net Interest Income": -17500000.0,
        "Interest Expense": 17500000.0,
        "Interest Income": NaN,
        "Normalized Income": -13300000.0,
        "Net Income From Continuing And Discontinued Operation": -90500000.0,
        "Total Expenses": 884500000.0,
        "Total Operating Income As Reported": -9500000.0,
        "Diluted Average Shares": 56100000.0,
        "Basic Average Shares": 56100000.0,
        "Diluted EPS": -1.61,
        "Basic EPS": -1.61,
        "Diluted NI Availto Com Stockholders": -90500000.0,
        "Net Income Common Stockholders": -90500000.0,
        "Net Income": -90500000.0,
        "Net Income Including Noncontrolling Interests": -90500000.0,
        "Net Income Discontinuous Operations": -75400000.0,
        "Net Income Continuous Operations": -15100000.0,
        "Tax Provision": 2000000.0,
        "Pretax Income": -13100000.0,
        "Other Income Expense": 13900000.0,
        "Other Non Operating Income Expenses": 16900000.0,
        "Special Income Charges": 0.0,
        "Other Special Charges": NaN,
        "Write Off": NaN,
        "Restructuring And Mergern Acquisition": NaN,
        "Gain On Sale Of Security": -3000000.0,
        "Net Non Operating Interest Income Expense": -17500000.0,
        "Interest Expense Non Operating": 17500000.0,
        "Interest Income Non Operating": NaN,
        "Operating Income": -9500000.0,
        "Operating Expense": 138800000.0,
        "Other Operating Expenses": 23400000.0,
        "Depreciation Amortization Depletion Income Statement": 11900000.0,
        "Depreciation And Amortization In Income Statement": 11900000.0,
        "Amortization": 11900000.0,
        "Amortization Of Intangibles Income Statement": 11900000.0,
        "Selling General And Administration": 103500000.0,
        "Selling And Marketing Expense": 52000000.0,
        "General And Administrative Expense": 51500000.0,
        "Other Gand A": 51500000.0,
        "Gross Profit": 129300000.0,
        "Cost Of Revenue": 745700000.0,
        "Total Revenue": 875000000.0,
        "Operating Revenue": 875000000.0
    },
    "2022-06-30": {
        "Tax Effect Of Unusual Items": -258100.0,
        "Tax Rate For Calcs": 0.089,
        "Normalized EBITDA": 8000000.0,
        "Total Unusual Items": -2900000.0,
        "Total Unusual Items Excluding Goodwill": -2900000.0,
        "Net Income From Continuing Operation Net Minority Interest": -30600000.0,
        "Reconciled Depreciation": 18100000.0,
        "Reconciled Cost Of Revenue": 1035700000.0,
        "EBIT": -13000000.0,
        "Net Interest Income": -20600000.0,
        "Interest Expense": 20600000.0,
        "Interest Income": NaN,
        "Normalized Income": -27958100.0,
        "Net Income From Continuing And Discontinued Operation": -29400000.0,
        "Total Expenses": 1219300000.0,
        "Total Operating Income As Reported": -21700000.0,
        "Diluted Average Shares": 56000000.0,
        "Basic Average Shares": 56000000.0,
        "Diluted EPS": -0.53,
        "Basic EPS": -0.53,
        "Diluted NI Availto Com Stockholders": -29400000.0,
        "Net Income Common Stockholders": -29400000.0,
        "Net Income": -29400000.0,
        "Net Income Including Noncontrolling Interests": -29400000.0,
        "Net Income Discontinuous Operations": 1200000.0,
        "Net Income Continuous Operations": -30600000.0,
        "Tax Provision": -3000000.0,
        "Pretax Income": -33600000.0,
        "Other Income Expense": 8700000.0,
        "Other Non Operating Income Expenses": 11600000.0,
        "Special Income Charges": 0.0,
        "Other Special Charges": NaN,
        "Write Off": NaN,
        "Restructuring And Mergern Acquisition": NaN,
        "Gain On Sale Of Security": -2900000.0,
        "Net Non Operating Interest Income Expense": -20600000.0,
        "Interest Expense Non Operating": 20600000.0,
        "Interest Income Non Operating": NaN,
        "Operating Income": -21700000.0,
        "Operating Expense": 183600000.0,
        "Other Operating Expenses": 15600000.0,
        "Depreciation Amortization Depletion Income Statement": 18100000.0,
        "Depreciation And Amortization In Income Statement": 18100000.0,
        "Amortization": 18100000.0,
        "Amortization Of Intangibles Income Statement": 18100000.0,
        "Selling General And Administration": 149900000.0,
        "Selling And Marketing Expense": 75600000.0,
        "General And Administrative Expense": 74300000.0,
        "Other Gand A": 74300000.0,
        "Gross Profit": 161900000.0,
        "Cost Of Revenue": 1035700000.0,
        "Total Revenue": 1197600000.0,
        "Operating Revenue": 1197600000.0
    },
    "2022-03-31": {
        "Diluted EPS": -0.05,
        "Total Revenue": 773,
        "Gross Profit": 99,
        "Operating Income": -56,
        "EBIT": -20,
        "Net Income": -3
    },
    "2021-12-31": {
        "Diluted EPS": -0.52,
        "Total Revenue": 134,
        "Gross Profit": -6,
        "Operating Income": -84,
        "EBIT": -48,
        "Net Income": -29
    },
    "2021-09-30": {
        "Diluted EPS": 0.12,
        "Total Revenue": 752,
        "Gross Profit": 126,
        "Operating Income": 9,
        "EBIT": 14,
        "Net Income": 7
    },
    "2021-06-30": {
        "Diluted EPS": 0.15,
        "Total Revenue": NaN,
        "Gross Profit": 166,
        "Operating Income": 4,
        "EBIT": 58,
        "Net Income": 8
    },
    "2021-03-31": {
        "Diluted EPS": 0.03,
        "Total Revenue": NaN,
        "Gross Profit": 181,
        "Operating Income": 11,
        "EBIT": 65,
        "Net Income": 2
    },
    "2020-12-31": {
        "Diluted EPS": 0.61,
        "Total Revenue": -178,
        "Gross Profit": -30,
        "Operating Income": -93,
        "EBIT": -95,
        "Net Income": 34
    },
    "2020-09-30": {
        "Diluted EPS": 0.21,
        "Total Revenue": NaN,
        "Gross Profit": 188,
        "Operating Income": 40,
        "EBIT": 91,
        "Net Income": 12
    },
    "2020-06-30": {
        "Diluted EPS": -0.03,
        "Total Revenue": NaN,
        "Gross Profit": 191,
        "Operating Income": 25,
        "EBIT": 75,
        "Net Income": -2
    },
    "2020-03-31": {
        "Diluted EPS": -0.55,
        "Total Revenue": NaN,
        "Gross Profit": 195,
        "Operating Income": 30,
        "EBIT": 80,
        "Net Income": -31
    },
    "2019-12-31": {
        "Diluted EPS": 0.27,
        "Total Revenue": NaN,
        "Gross Profit": 225,
        "Operating Income": 32,
        "EBIT": 85,
        "Net Income": 16
    },
    "2019-09-30": {
        "Diluted EPS": -3.16,
        "Total Revenue": NaN,
        "Gross Profit": 186,
        "Operating Income": -56,
        "EBIT": -5,
        "Net Income": -178
    },
    "2019-06-30": {
        "Diluted EPS": -3.05,
        "Total Revenue": NaN,
        "Gross Profit": 189,
        "Operating Income": -8,
        "EBIT": 44,
        "Net Income": -172
    },
    "2019-03-31": {
        "Diluted EPS": -0.48,
        "Total Revenue": NaN,
        "Gross Profit": 196,
        "Operating Income": 16,
        "EBIT": 71,
        "Net Income": -27
    },
    "2018-12-31": {
        "Diluted EPS": -0.25,
        "Total Revenue": 533,
        "Gross Profit": 210,
        "Operating Income": 49,
        "EBIT": 98,
        "Net Income": -13
    },
    "2018-09-30": {
        "Diluted EPS": 0.05,
        "Total Revenue": NaN,
        "Gross Profit": 214,
        "Operating Income": 39,
        "EBIT": 87,
        "Net Income": 3
    },
    "2018-06-30": {
        "Diluted EPS": -0.35,
        "Total Revenue": NaN,
        "Gross Profit": 237,
        "Operating Income": 4,
        "EBIT": 66,
        "Net Income": -20
    },
    "2018-03-31": {
        "Diluted EPS": -0.6,
        "Total Revenue": NaN,
        "Gross Profit": 232,
        "Operating Income": -9,
        "EBIT": 58,
        "Net Income": -34
    },
    "2017-12-31": {
        "Diluted EPS": -5.24,
        "Total Revenue": 245,
        "Gross Profit": 155,
        "Operating Income": -22,
        "EBIT": -2,
        "Net Income": -302
    },
    "2017-09-30": {
        "Diluted EPS": 0.5,
        "Total Revenue": NaN,
        "Gross Profit": 260,
        "Operating Income": 58,
        "EBIT": 132,
        "Net Income": 29
    },
    "2017-06-30": {
        "Diluted EPS": -0.6,
        "Total Revenue": NaN,
        "Gross Profit": 277,
        "Operating Income": -24,
        "EBIT": 43,
        "Net Income": -34
    },
    "2017-03-31": {
        "Diluted EPS": 0.49,
        "Total Revenue": NaN,
        "Gross Profit": 286,
        "Operating Income": 67,
        "EBIT": 140,
        "Net Income": 28
    },
    "2016-12-31": {
        "Diluted EPS": -5.02,
        "Total Revenue": NaN,
        "Gross Profit": 350,
        "Operating Income": -244,
        "EBIT": 189,
        "Net Income": -282
    },
    "2016-09-30": {
        "Diluted EPS": 0.65,
        "Total Revenue": NaN,
        "Gross Profit": 286,
        "Operating Income": 78,
        "EBIT": 149,
        "Net Income": 37
    },
    "2016-06-30": {
        "Diluted EPS": 0.33,
        "Total Revenue": NaN,
        "Gross Profit": 266,
        "Operating Income": 52,
        "EBIT": 127,
        "Net Income": 19
    },
    "2016-03-31": {
        "Diluted EPS": -0.06,
        "Total Revenue": NaN,
        "Gross Profit": 225,
        "Operating Income": 19,
        "EBIT": 80,
        "Net Income": -3
    },
    "2015-12-31": {
        "Diluted EPS": 0.85,
        "Total Revenue": 865,
        "Gross Profit": 182,
        "Operating Income": 76,
        "EBIT": 106,
        "Net Income": 37
    },
    "2015-09-30": {
        "Diluted EPS": 0.65,
        "Total Revenue": 799,
        "Gross Profit": 159,
        "Operating Income": 62,
        "EBIT": 92,
        "Net Income": 28
    },
    "2015-06-30": {
        "Diluted EPS": 0.72,
        "Total Revenue": 759,
        "Gross Profit": 151,
        "Operating Income": 55,
        "EBIT": 86,
        "Net Income": 31
    },
    "2015-03-31": {
        "Diluted EPS": 0.41,
        "Total Revenue": 783,
        "Gross Profit": 152,
        "Operating Income": 47,
        "EBIT": 77,
        "Net Income": 18
    },
    "2014-12-31": {
        "Diluted EPS": 0.81,
        "Total Revenue": 904,
        "Gross Profit": 179,
        "Operating Income": 75,
        "EBIT": 108,
        "Net Income": 34
    },
    "2014-09-30": {
        "Diluted EPS": 0.47,
        "Total Revenue": 796,
        "Gross Profit": 159,
        "Operating Income": 48,
        "EBIT": 78,
        "Net Income": 20
    },
    "2014-06-30": {
        "Diluted EPS": 0.57,
        "Total Revenue": 628,
        "Gross Profit": 136,
        "Operating Income": 45,
        "EBIT": 70,
        "Net Income": 22
    },
    "2014-03-31": {
        "Diluted EPS": 0.38,
        "Total Revenue": 619,
        "Gross Profit": 133,
        "Operating Income": 50,
        "EBIT": 77,
        "Net Income": 14
    },
    "2013-12-31": {
        "Diluted EPS": 0.6,
        "Total Revenue": 660,
        "Gross Profit": 137,
        "Operating Income": 52,
        "EBIT": 80,
        "Net Income": 23
    },
    "2013-09-30": {
        "Diluted EPS": 0.61,
        "Total Revenue": 567,
        "Gross Profit": 115,
        "Operating Income": 41,
        "EBIT": 66,
        "Net Income": 23
    },
    "2013-06-30": {
        "Diluted EPS": 0.5,
        "Total Revenue": 526,
        "Gross Profit": 110,
        "Operating Income": 41,
        "EBIT": 69,
        "Net Income": 19
    },
    "2013-03-31": {
        "Diluted EPS": 0.62,
        "Total Revenue": 540,
        "Gross Profit": 114,
        "Operating Income": 44,
        "EBIT": 71,
        "Net Income": 23
    },
    "2012-12-31": {
        "Diluted EPS": 0.67,
        "Total Revenue": 593,
        "Gross Profit": 119,
        "Operating Income": 49,
        "EBIT": 80,
        "Net Income": 25
    },
    "2012-09-30": {
        "Diluted EPS": 0.58,
        "Total Revenue": 538,
        "Gross Profit": 113,
        "Operating Income": 41,
        "EBIT": 65,
        "Net Income": 22
    },
    "2012-06-30": {
        "Diluted EPS": 0.53,
        "Total Revenue": 527,
        "Gross Profit": 107,
        "Operating Income": 41,
        "EBIT": 64,
        "Net Income": 20
    },
    "2012-03-31": {
        "Diluted EPS": 0.6,
        "Total Revenue": 524,
        "Gross Profit": 115,
        "Operating Income": 45,
        "EBIT": 66,
        "Net Income": 22
    },
    "2011-12-31": {
        "Diluted EPS": 0.81,
        "Total Revenue": 536,
        "Gross Profit": 117,
        "Operating Income": 57,
        "EBIT": 79,
        "Net Income": 30
    },
    "2011-09-30": {
        "Diluted EPS": 0.82,
        "Total Revenue": 528,
        "Gross Profit": 126,
        "Operating Income": 53,
        "EBIT": 74,
        "Net Income": 30
    },
    "2011-06-30": {
        "Diluted EPS": 0.39,
        "Total Revenue": 493,
        "Gross Profit": 109,
        "Operating Income": 34,
        "EBIT": 54,
        "Net Income": 14
    },
    "2011-03-31": {
        "Diluted EPS": 0.54,
        "Total Revenue": 494,
        "Gross Profit": 121,
        "Operating Income": 45,
        "EBIT": 65,
        "Net Income": 20
    },
    "2010-12-31": {
        "Diluted EPS": 0.76,
        "Total Revenue": 509,
        "Gross Profit": 126,
        "Operating Income": 57,
        "EBIT": 76,
        "Net Income": 28
    },
    "2010-09-30": {
        "Diluted EPS": 0.68,
        "Total Revenue": 464,
        "Gross Profit": 110,
        "Operating Income": 48,
        "EBIT": 66,
        "Net Income": 25
    },
    "2010-06-30": {
        "Diluted EPS": 0.6,
        "Total Revenue": 446,
        "Gross Profit": 106,
        "Operating Income": 41,
        "EBIT": 59,
        "Net Income": 22
    },
    "2010-03-31": {
        "Diluted EPS": 0.47,
        "Total Revenue": 397,
        "Gross Profit": 89,
        "Operating Income": 31,
        "EBIT": 45,
        "Net Income": 16
    },
    "2009-12-31": {
        "Diluted EPS": 0.66,
        "Total Revenue": 405,
        "Gross Profit": 94,
        "Operating Income": 31,
        "EBIT": 44,
        "Net Income": 22
    },
    "2009-09-30": {
        "Diluted EPS": 0.85,
        "Total Revenue": 379,
        "Gross Profit": 81,
        "Operating Income": 45,
        "EBIT": 57,
        "Net Income": 28
    },
    "2009-06-30": {
        "Diluted EPS": 0.58,
        "Total Revenue": 373,
        "Gross Profit": 80,
        "Operating Income": 28,
        "EBIT": 39,
        "Net Income": 18
    },
    "2009-03-31": {
        "Diluted EPS": 0.39,
        "Total Revenue": 355,
        "Gross Profit": 72,
        "Operating Income": 27,
        "EBIT": 38,
        "Net Income": 13
    },
    "2023-06-30": {
        "Tax Effect Of Unusual Items": 959803.921569,
        "Tax Rate For Calcs": 0.29085,
        "Normalized EBITDA": 82000000.0,
        "Total Unusual Items": 3300000.0,
        "Total Unusual Items Excluding Goodwill": 3300000.0,
        "Net Income From Continuing Operation Net Minority Interest": 21700000.0,
        "Reconciled Depreciation": 35500000.0,
        "Reconciled Cost Of Revenue": 687400000.0,
        "EBIT": 49800000.0,
        "Net Interest Income": -8400000.0,
        "Interest Expense": 19200000.0,
        "Interest Income": 10800000.0,
        "Normalized Income": 19359803.921569,
        "Net Income From Continuing And Discontinued Operation": 23300000.0,
        "Total Expenses": 814100000.0,
        "Total Operating Income As Reported": 29500000.0,
        "Diluted Average Shares": 56800000.0,
        "Basic Average Shares": 56400000.0,
        "Diluted EPS": 0.41,
        "Basic EPS": 0.41,
        "Diluted NI Availto Com Stockholders": 23300000.0,
        "Net Income Common Stockholders": 23300000.0,
        "Net Income": 23300000.0,
        "Net Income Including Noncontrolling Interests": 23300000.0,
        "Net Income Discontinuous Operations": 1600000.0,
        "Net Income Continuous Operations": 21700000.0,
        "Tax Provision": 8900000.0,
        "Pretax Income": 30600000.0,
        "Other Income Expense": 9500000.0,
        "Other Non Operating Income Expenses": 6200000.0,
        "Special Income Charges": -8900000.0,
        "Other Special Charges": NaN,
        "Write Off": NaN,
        "Restructuring And Mergern Acquisition": 8900000.0,
        "Gain On Sale Of Security": 3300000.0,
        "Net Non Operating Interest Income Expense": -8400000.0,
        "Interest Expense Non Operating": 19200000.0,
        "Interest Income Non Operating": 10800000.0,
        "Operating Income": 29500000.0,
        "Operating Expense": 103300000.0,
        "Other Operating Expenses": -2800000.0,
        "Depreciation Amortization Depletion Income Statement": 12100000.0,
        "Depreciation And Amortization In Income Statement": 12100000.0,
        "Amortization": 12100000.0,
        "Amortization Of Intangibles Income Statement": 12100000.0,
        "Selling General And Administration": 94000000.0,
        "Selling And Marketing Expense": 39900000.0,
        "General And Administrative Expense": 54100000.0,
        "Other Gand A": 54100000.0,
        "Gross Profit": 132800000.0,
        "Cost Of Revenue": 710800000.0,
        "Total Revenue": 843600000.0,
        "Operating Revenue": 843600000.0
    }
}