{
    "2023-03-31": {
        "Tax Effect Of Unusual Items": NaN,
        "Tax Rate For Calcs": NaN,
        "Normalized EBITDA": NaN,
        "Net Income From Continuing Operation Net Minority Interest": NaN,
        "Reconciled Depreciation": NaN,
        "Reconciled Cost Of Revenue": NaN,
        "EBITDA": NaN,
        "EBIT": NaN,
        "Net Interest Income": NaN,
        "Interest Expense": NaN,
        "Normalized Income": NaN,
        "Net Income From Continuing And Discontinued Operation": NaN,
        "Total Expenses": NaN,
        "Rent Expense Supplemental": 2432786.0,
        "Diluted Average Shares": NaN,
        "Basic Average Shares": NaN,
        "Diluted EPS": NaN,
        "Basic EPS": NaN,
        "Diluted NI Availto Com Stockholders": NaN,
        "Net Income Common Stockholders": NaN,
        "Net Income": NaN,
        "Minority Interests": NaN,
        "Net Income Including Noncontrolling Interests": NaN,
        "Net Income Continuous Operations": NaN,
        "Tax Provision": NaN,
        "Pretax Income": NaN,
        "Other Income Expense": NaN,
        "Other Non Operating Income Expenses": NaN,
        "Net Non Operating Interest Income Expense": NaN,
        "Interest Expense Non Operating": NaN,
        "Operating Income": NaN,
        "Operating Expense": NaN,
        "Depreciation Amortization Depletion Income Statement": NaN,
        "Depreciation And Amortization In Income Statement": NaN,
        "Selling General And Administration": NaN,
        "Selling And Marketing Expense": NaN,
        "General And Administrative Expense": NaN,
        "Other Gand A": NaN,
        "Rent And Landing Fees": 2432786.0,
        "Gross Profit": NaN,
        "Cost Of Revenue": NaN,
        "Total Revenue": NaN,
        "Operating Revenue": NaN
    },
    "2022-12-31": {
        "Tax Effect Of Unusual Items": NaN,
        "Tax Rate For Calcs": NaN,
        "Normalized EBITDA": NaN,
        "Net Income From Continuing Operation Net Minority Interest": NaN,
        "Reconciled Depreciation": NaN,
        "Reconciled Cost Of Revenue": NaN,
        "EBITDA": NaN,
        "EBIT": NaN,
        "Net Interest Income": NaN,
        "Interest Expense": NaN,
        "Normalized Income": NaN,
        "Net Income From Continuing And Discontinued Operation": NaN,
        "Total Expenses": NaN,
        "Rent Expense Supplemental": 2021735.0,
        "Diluted Average Shares": NaN,
        "Basic Average Shares": NaN,
        "Diluted EPS": NaN,
        "Basic EPS": NaN,
        "Diluted NI Availto Com Stockholders": NaN,
        "Net Income Common Stockholders": NaN,
        "Net Income": NaN,
        "Minority Interests": NaN,
        "Net Income Including Noncontrolling Interests": NaN,
        "Net Income Continuous Operations": NaN,
        "Tax Provision": NaN,
        "Pretax Income": NaN,
        "Other Income Expense": NaN,
        "Other Non Operating Income Expenses": NaN,
        "Net Non Operating Interest Income Expense": NaN,
        "Interest Expense Non Operating": NaN,
        "Operating Income": NaN,
        "Operating Expense": NaN,
        "Depreciation Amortization Depletion Income Statement": NaN,
        "Depreciation And Amortization In Income Statement": NaN,
        "Selling General And Administration": NaN,
        "Selling And Marketing Expense": NaN,
        "General And Administrative Expense": NaN,
        "Other Gand A": NaN,
        "Rent And Landing Fees": 2021735.0,
        "Gross Profit": NaN,
        "Cost Of Revenue": NaN,
        "Total Revenue": NaN,
        "Operating Revenue": NaN
    },
    "2022-09-30": {
        "Tax Effect Of Unusual Items": NaN,
        "Tax Rate For Calcs": NaN,
        "Normalized EBITDA": NaN,
        "Total Unusual Items": 0.0,
        "Total Unusual Items Excluding Goodwill": 0.0,
        "Net Income From Continuing Operation Net Minority Interest": NaN,
        "Reconciled Depreciation": NaN,
        "Reconciled Cost Of Revenue": NaN,
        "EBITDA": NaN,
        "EBIT": NaN,
        "Net Interest Income": NaN,
        "Interest Expense": NaN,
        "Normalized Income": NaN,
        "Net Income From Continuing And Discontinued Operation": NaN,
        "Total Expenses": NaN,
        "Rent Expense Supplemental": NaN,
        "Diluted Average Shares": NaN,
        "Basic Average Shares": NaN,
        "Diluted EPS": NaN,
        "Basic EPS": NaN,
        "Diluted NI Availto Com Stockholders": NaN,
        "Net Income Common Stockholders": NaN,
        "Net Income": NaN,
        "Minority Interests": NaN,
        "Net Income Including Noncontrolling Interests": NaN,
        "Net Income Continuous Operations": NaN,
        "Tax Provision": NaN,
        "Pretax Income": NaN,
        "Other Income Expense": NaN,
        "Other Non Operating Income Expenses": NaN,
        "Special Income Charges": 0.0,
        "Net Non Operating Interest Income Expense": NaN,
        "Interest Expense Non Operating": NaN,
        "Operating Income": NaN,
        "Operating Expense": NaN,
        "Depreciation Amortization Depletion Income Statement": NaN,
        "Depreciation And Amortization In Income Statement": NaN,
        "Selling General And Administration": NaN,
        "Selling And Marketing Expense": NaN,
        "General And Administrative Expense": NaN,
        "Other Gand A": NaN,
        "Rent And Landing Fees": NaN,
        "Gross Profit": NaN,
        "Cost Of Revenue": NaN,
        "Total Revenue": NaN,
        "Operating Revenue": NaN
    },
    "2022-06-30": {
        "Tax Effect Of Unusual Items": 0.0,
        "Tax Rate For Calcs": 0.4,
        "Normalized EBITDA": -1903721.0,
        "Total Unusual Items": 0.0,
        "Total Unusual Items Excluding Goodwill": 0.0,
        "Net Income From Continuing Operation Net Minority Interest": -887050.0,
        "Reconciled Cost Of Revenue": 33021208.0,
        "EBITDA": -1903721.0,
        "EBIT": -1903721.0,
        "Net Interest Income": -3529347.0,
        "Interest Expense": 3529347.0,
        "Normalized Income": -887050.0,
        "Net Income From Continuing And Discontinued Operation": -887050.0,
        "Total Expenses": 55379833.0,
        "Rent Expense Supplemental": 2468543.0,
        "Diluted Average Shares": 152919589.0,
        "Basic Average Shares": 152919589.0,
        "Diluted EPS": -0.005801,
        "Basic EPS": -0.005801,
        "Diluted NI Availto Com Stockholders": -887050.0,
        "Net Income Common Stockholders": -887050.0,
        "Net Income": -887050.0,
        "Minority Interests": NaN,
        "Net Income Including Noncontrolling Interests": -887050.0,
        "Net Income Continuous Operations": -887050.0,
        "Tax Provision": 663366.0,
        "Pretax Income": -223684.0,
        "Other Income Expense": 1680037.0,
        "Other Non Operating Income Expenses": 1680037.0,
        "Special Income Charges": 0.0,
        "Net Non Operating Interest Income Expense": -3529347.0,
        "Interest Expense Non Operating": 3529347.0,
        "Operating Income": -1903721.0,
        "Operating Expense": 22358625.0,
        "Selling General And Administration": 22358625.0,
        "Selling And Marketing Expense": 8366559.0,
        "General And Administrative Expense": 13992066.0,
        "Other Gand A": 11523523.0,
        "Rent And Landing Fees": 2468543.0,
        "Gross Profit": 20454904.0,
        "Cost Of Revenue": 33021208.0,
        "Total Revenue": 53476112.0,
        "Operating Revenue": 44178179.0
    },
    "2022-03-31": {
        "Diluted EPS": -0.04,
        "Total Revenue": 53,
        "Gross Profit": 48,
        "Operating Income": -2,
        "EBIT": -2,
        "Net Income": -6
    },
    "2021-12-31": {
        "Diluted EPS": 0.03,
        "Total Revenue": 62,
        "Gross Profit": 55,
        "Operating Income": -3,
        "EBIT": -3,
        "Net Income": -5
    },
    "2021-09-30": {
        "Diluted EPS": 0.13,
        "Total Revenue": 61,
        "Gross Profit": 51,
        "Operating Income": 6,
        "EBIT": 6,
        "Net Income": 21
    },
    "2021-06-30": {
        "Diluted EPS": -0.15,
        "Total Revenue": 60,
        "Gross Profit": 54,
        "Operating Income": -2,
        "EBIT": -2,
        "Net Income": -22
    },
    "2021-03-31": {
        "Diluted EPS": 0.14,
        "Total Revenue": 81,
        "Gross Profit": 73,
        "Operating Income": 35,
        "EBIT": 35,
        "Net Income": 21
    },
    "2020-12-31": {
        "Diluted EPS": 0.1,
        "Total Revenue": 47,
        "Gross Profit": 43,
        "Operating Income": 11,
        "EBIT": 11,
        "Net Income": 8
    },
    "2020-09-30": {
        "Diluted EPS": 0.03,
        "Total Revenue": 38,
        "Gross Profit": 34,
        "Operating Income": 10,
        "EBIT": 10,
        "Net Income": 5
    },
    "2020-06-30": {
        "Diluted EPS": 0.02,
        "Total Revenue": 30,
        "Gross Profit": 27,
        "Operating Income": 7,
        "EBIT": 7,
        "Net Income": 3
    },
    "2020-03-31": {
        "Diluted EPS": -0.0,
        "Total Revenue": 23,
        "Gross Profit": 21,
        "Operating Income": 3,
        "EBIT": 3,
        "Net Income": 0
    },
    "2019-12-31": {
        "Diluted EPS": 0.08,
        "Total Revenue": 20,
        "Gross Profit": 19,
        "Operating Income": 1,
        "EBIT": 1,
        "Net Income": -1
    },
    "2019-09-30": {
        "Diluted EPS": -0.01,
        "Total Revenue": 15,
        "Gross Profit": 15,
        "Operating Income": -1,
        "EBIT": -1,
        "Net Income": -1
    },
    "2019-06-30": {
        "Diluted EPS": -0.01,
        "Total Revenue": 14,
        "Gross Profit": 13,
        "Operating Income": -2,
        "EBIT": -2,
        "Net Income": -2
    },
    "2019-03-31": {
        "Diluted EPS": -0.06,
        "Total Revenue": 10,
        "Gross Profit": 10,
        "Operating Income": -4,
        "EBIT": -4,
        "Net Income": -3
    },
    "2018-12-31": {
        "Diluted EPS": -0.05,
        "Total Revenue": 10,
        "Gross Profit": 9,
        "Operating Income": -4,
        "EBIT": -3,
        "Net Income": -2
    },
    "2018-09-30": {
        "Diluted EPS": -0.09,
        "Total Revenue": 9,
        "Gross Profit": 9,
        "Operating Income": -4,
        "EBIT": -4,
        "Net Income": -3
    },
    "2018-06-30": {
        "Diluted EPS": -1.15,
        "Total Revenue": 7,
        "Gross Profit": 7,
        "Operating Income": -37,
        "EBIT": -37,
        "Net Income": -36
    },
    "2018-03-31": {
        "Diluted EPS": -0.07,
        "Total Revenue": 8,
        "Gross Profit": 8,
        "Operating Income": -2,
        "EBIT": -2,
        "Net Income": -2
    },
    "2017-12-31": {
        "Diluted EPS": 0.0,
        "Total Revenue": NaN,
        "Gross Profit": NaN,
        "Operating Income": NaN,
        "EBIT": NaN,
        "Net Income": NaN
    },
    "2023-06-30": {
        "Tax Effect Of Unusual Items": NaN,
        "Tax Rate For Calcs": NaN,
        "Normalized EBITDA": NaN,
        "Net Income From Continuing Operation Net Minority Interest": NaN,
        "Reconciled Depreciation": NaN,
        "Reconciled Cost Of Revenue": NaN,
        "EBITDA": NaN,
        "EBIT": NaN,
        "Net Interest Income": NaN,
        "Interest Expense": NaN,
        "Normalized Income": NaN,
        "Net Income From Continuing And Discontinued Operation": NaN,
        "Total Expenses": NaN,
        "Rent Expense Supplemental": 2528576.0,
        "Diluted Average Shares": 161147584.0,
        "Basic Average Shares": 154791719.0,
        "Diluted EPS": 0.09,
        "Basic EPS": 0.09,
        "Diluted NI Availto Com Stockholders": NaN,
        "Net Income Common Stockholders": NaN,
        "Net Income": NaN,
        "Minority Interests": NaN,
        "Net Income Including Noncontrolling Interests": NaN,
        "Net Income Continuous Operations": NaN,
        "Tax Provision": NaN,
        "Pretax Income": NaN,
        "Other Income Expense": NaN,
        "Other Non Operating Income Expenses": NaN,
        "Net Non Operating Interest Income Expense": NaN,
        "Interest Expense Non Operating": NaN,
        "Operating Income": NaN,
        "Operating Expense": NaN,
        "Depreciation Amortization Depletion Income Statement": NaN,
        "Depreciation And Amortization In Income Statement": NaN,
        "Selling General And Administration": NaN,
        "Selling And Marketing Expense": NaN,
        "General And Administrative Expense": NaN,
        "Other Gand A": NaN,
        "Rent And Landing Fees": 2528576.0,
        "Gross Profit": NaN,
        "Cost Of Revenue": NaN,
        "Total Revenue": NaN,
        "Operating Revenue": NaN
    },
    "2023-09-30": {
        "Tax Effect Of Unusual Items": 0.0,
        "Tax Rate For Calcs": 0.162393,
        "Normalized EBITDA": 30331341.0,
        "Net Income From Continuing Operation Net Minority Interest": 13249790.0,
        "Reconciled Depreciation": 2235084.0,
        "Reconciled Cost Of Revenue": 28348780.0,
        "EBITDA": 30331341.0,
        "EBIT": 28096257.0,
        "Net Interest Income": -12130614.0,
        "Interest Expense": 12130614.0,
        "Normalized Income": 13249790.0,
        "Net Income From Continuing And Discontinued Operation": 13249790.0,
        "Total Expenses": 48775085.0,
        "Rent Expense Supplemental": 2235084.0,
        "Diluted Average Shares": 162616553.0,
        "Basic Average Shares": 155348082.0,
        "Diluted EPS": 0.09,
        "Basic EPS": 0.09,
        "Diluted NI Availto Com Stockholders": 13249790.0,
        "Net Income Common Stockholders": 13249790.0,
        "Net Income": 13249790.0,
        "Minority Interests": -123150.0,
        "Net Income Including Noncontrolling Interests": 13372940.0,
        "Net Income Continuous Operations": 13372940.0,
        "Tax Provision": 2592703.0,
        "Pretax Income": 15965643.0,
        "Other Income Expense": 6725131.0,
        "Other Non Operating Income Expenses": 6725131.0,
        "Net Non Operating Interest Income Expense": -12130614.0,
        "Interest Expense Non Operating": 12130614.0,
        "Operating Income": 21371126.0,
        "Operating Expense": 20426305.0,
        "Depreciation Amortization Depletion Income Statement": 2235084.0,
        "Depreciation And Amortization In Income Statement": 2235084.0,
        "Selling General And Administration": 18191221.0,
        "Selling And Marketing Expense": 5163903.0,
        "General And Administrative Expense": 13027318.0,
        "Other Gand A": 13027318.0,
        "Rent And Landing Fees": 2235084.0,
        "Gross Profit": 41797431.0,
        "Cost Of Revenue": 28348780.0,
        "Total Revenue": 70146211.0,
        "Operating Revenue": 64794509.0
    },
    "2023-12-31": {
        "Tax Effect Of Unusual Items": 0.0,
        "Tax Rate For Calcs": 0.25,
        "Normalized EBITDA": 17996794.0,
        "Net Income From Continuing Operation Net Minority Interest": -1835524.0,
        "Reconciled Depreciation": 2190610.0,
        "Reconciled Cost Of Revenue": 28703716.0,
        "EBITDA": 17996794.0,
        "EBIT": 15806184.0,
        "Net Interest Income": -15995738.0,
        "Interest Expense": 15995738.0,
        "Normalized Income": -1835524.0,
        "Net Income From Continuing And Discontinued Operation": -1835524.0,
        "Total Expenses": 52510723.0,
        "Rent Expense Supplemental": 2190610.0,
        "Diluted Average Shares": 155734583.0,
        "Basic Average Shares": 155734583.0,
        "Diluted EPS": -0.015,
        "Basic EPS": -0.015,
        "Diluted NI Availto Com Stockholders": -923515.0,
        "Net Income Common Stockholders": -1835524.0,
        "Net Income": -1835524.0,
        "Minority Interests": -147331.0,
        "Net Income Including Noncontrolling Interests": -1688193.0,
        "Net Income Continuous Operations": -1688193.0,
        "Tax Provision": 1498639.0,
        "Pretax Income": -189554.0,
        "Other Income Expense": -1664053.0,
        "Other Non Operating Income Expenses": -1664053.0,
        "Net Non Operating Interest Income Expense": -15995738.0,
        "Interest Expense Non Operating": 15995738.0,
        "Operating Income": 17470237.0,
        "Operating Expense": 23807007.0,
        "Depreciation Amortization Depletion Income Statement": 2190610.0,
        "Depreciation And Amortization In Income Statement": 2190610.0,
        "Selling General And Administration": 21616397.0,
        "Selling And Marketing Expense": 5790739.0,
        "General And Administrative Expense": 15825658.0,
        "Other Gand A": 15825658.0,
        "Rent And Landing Fees": 2190610.0,
        "Gross Profit": 41277244.0,
        "Cost Of Revenue": 28703716.0,
        "Total Revenue": 69980960.0,
        "Operating Revenue": 65085851.0
    },
    "2024-03-31": {
        "Tax Effect Of Unusual Items": 0.0,
        "Tax Rate For Calcs": 0.266498,
        "Normalized EBITDA": 33926024.0,
        "Net Income From Continuing Operation Net Minority Interest": 12330147.0,
        "Reconciled Depreciation": 2144337.0,
        "Reconciled Cost Of Revenue": 30018081.0,
        "EBITDA": 33926024.0,
        "EBIT": 31781687.0,
        "Net Interest Income": -14789835.0,
        "Interest Expense": 14789835.0,
        "Normalized Income": 12330147.0,
        "Net Income From Continuing And Discontinued Operation": 12330147.0,
        "Total Expenses": 50782024.0,
        "Rent Expense Supplemental": NaN,
        "Diluted Average Shares": 163468197.0,
        "Basic Average Shares": 156164593.0,
        "Diluted EPS": 0.075,
        "Basic EPS": 0.075,
        "Diluted NI Availto Com Stockholders": 12330147.0,
        "Net Income Common Stockholders": 12330147.0,
        "Net Income": 12330147.0,
        "Minority Interests": -133408.0,
        "Net Income Including Noncontrolling Interests": 12463555.0,
        "Net Income Continuous Operations": 12463555.0,
        "Tax Provision": 4528297.0,
        "Pretax Income": 16991852.0,
        "Other Income Expense": 3615219.0,
        "Other Non Operating Income Expenses": 3615219.0,
        "Net Non Operating Interest Income Expense": -14789835.0,
        "Interest Expense Non Operating": 14789835.0,
        "Operating Income": 28166468.0,
        "Operating Expense": 20763943.0,
        "Depreciation Amortization Depletion Income Statement": 2144337.0,
        "Depreciation And Amortization In Income Statement": 2144337.0,
        "Selling General And Administration": 18619606.0,
        "Selling And Marketing Expense": 4390987.0,
        "General And Administrative Expense": 14228619.0,
        "Other Gand A": 14228619.0,
        "Rent And Landing Fees": NaN,
        "Gross Profit": 48930411.0,
        "Cost Of Revenue": 30018081.0,
        "Total Revenue": 78948492.0,
        "Operating Revenue": 74459503.0
    },
    "2024-06-30": {
        "Tax Effect Of Unusual Items": 0.0,
        "Tax Rate For Calcs": 0.25,
        "Normalized EBITDA": 21922509.0,
        "Net Income From Continuing Operation Net Minority Interest": 2593222.0,
        "Reconciled Depreciation": 2109688.0,
        "Reconciled Cost Of Revenue": 31452235.0,
        "EBITDA": 21922509.0,
        "EBIT": 19812821.0,
        "Net Interest Income": -13581981.0,
        "Interest Expense": 13581981.0,
        "Normalized Income": 2593222.0,
        "Net Income From Continuing And Discontinued Operation": 2593222.0,
        "Total Expenses": 69029200.0,
        "Rent Expense Supplemental": NaN,
        "Diluted Average Shares": NaN,
        "Basic Average Shares": NaN,
        "Diluted EPS": NaN,
        "Basic EPS": NaN,
        "Diluted NI Availto Com Stockholders": 2593222.0,
        "Net Income Common Stockholders": 2593222.0,
        "Net Income": 2593222.0,
        "Minority Interests": -151358.0,
        "Net Income Including Noncontrolling Interests": 2744580.0,
        "Net Income Continuous Operations": 2744580.0,
        "Tax Provision": 3486260.0,
        "Pretax Income": 6230840.0,
        "Other Income Expense": 1405013.0,
        "Other Non Operating Income Expenses": 1405013.0,
        "Net Non Operating Interest Income Expense": -13581981.0,
        "Interest Expense Non Operating": 13581981.0,
        "Operating Income": 18407808.0,
        "Operating Expense": 37576965.0,
        "Depreciation Amortization Depletion Income Statement": 2109688.0,
        "Depreciation And Amortization In Income Statement": 2109688.0,
        "Selling General And Administration": 35467277.0,
        "Selling And Marketing Expense": 6407744.0,
        "General And Administrative Expense": 29059533.0,
        "Other Gand A": 29059533.0,
        "Rent And Landing Fees": NaN,
        "Gross Profit": 55984773.0,
        "Cost Of Revenue": 31452235.0,
        "Total Revenue": 87437008.0,
        "Operating Revenue": 81185925.0
    },
    "2024-09-30": {
        "Tax Effect Of Unusual Items": 0.0,
        "Tax Rate For Calcs": 0.139591,
        "Normalized EBITDA": 38688788.0,
        "Net Income From Continuing Operation Net Minority Interest": 17754294.0,
        "Reconciled Depreciation": 2162704.0,
        "Reconciled Cost Of Revenue": 32288591.0,
        "EBITDA": 38688788.0,
        "EBIT": 36526084.0,
        "Net Interest Income": -15700359.0,
        "Interest Expense": 15700359.0,
        "Normalized Income": 17754294.0,
        "Net Income From Continuing And Discontinued Operation": 17754294.0,
        "Total Expenses": 59338051.0,
        "Rent Expense Supplemental": NaN,
        "Diluted Average Shares": 164482794.0,
        "Basic Average Shares": 157501908.0,
        "Diluted EPS": 0.105,
        "Basic EPS": 0.12,
        "Diluted NI Availto Com Stockholders": 17754294.0,
        "Net Income Common Stockholders": 17754294.0,
        "Net Income": 17754294.0,
        "Minority Interests": -164351.0,
        "Net Income Including Noncontrolling Interests": 17918645.0,
        "Net Income Continuous Operations": 17918645.0,
        "Tax Provision": 2907080.0,
        "Pretax Income": 20825725.0,
        "Other Income Expense": -5189945.0,
        "Other Non Operating Income Expenses": -5189945.0,
        "Net Non Operating Interest Income Expense": -15700359.0,
        "Interest Expense Non Operating": 15700359.0,
        "Operating Income": 41716029.0,
        "Operating Expense": 27049460.0,
        "Depreciation Amortization Depletion Income Statement": 2162704.0,
        "Depreciation And Amortization In Income Statement": 2162704.0,
        "Selling General And Administration": 24886756.0,
        "Selling And Marketing Expense": 8223404.0,
        "General And Administrative Expense": 16663352.0,
        "Other Gand A": 16663352.0,
        "Rent And Landing Fees": NaN,
        "Gross Profit": 68765489.0,
        "Cost Of Revenue": 32288591.0,
        "Total Revenue": 101054080.0,
        "Operating Revenue": 91969246.0
    }
}