{
    "2023-03-31": {
        "Tax Effect Of Unusual Items": 0.0,
        "Tax Rate For Calcs": 0.4,
        "Normalized EBITDA": 2435000.0,
        "Total Unusual Items": 0.0,
        "Total Unusual Items Excluding Goodwill": 0.0,
        "Net Income From Continuing Operation Net Minority Interest": -24711000.0,
        "Reconciled Depreciation": 9546000.0,
        "Reconciled Cost Of Revenue": 155275000.0,
        "EBITDA": 2435000.0,
        "EBIT": -7111000.0,
        "Net Interest Income": -16741000.0,
        "Interest Expense": 16741000.0,
        "Normalized Income": -24711000.0,
        "Net Income From Continuing And Discontinued Operation": -24711000.0,
        "Total Expenses": 210023000.0,
        "Total Operating Income As Reported": -7746000.0,
        "Diluted Average Shares": 4344000.0,
        "Basic Average Shares": 4344000.0,
        "Diluted EPS": -5.69,
        "Basic EPS": -5.69,
        "Diluted NI Availto Com Stockholders": -24711000.0,
        "Net Income Common Stockholders": -24711000.0,
        "Net Income": -24711000.0,
        "Net Income Including Noncontrolling Interests": -24711000.0,
        "Net Income Discontinuous Operations": 0.0,
        "Net Income Continuous Operations": -24711000.0,
        "Tax Provision": 859000.0,
        "Pretax Income": -23852000.0,
        "Other Income Expense": 635000.0,
        "Other Non Operating Income Expenses": 635000.0,
        "Special Income Charges": 0.0,
        "Other Special Charges": NaN,
        "Impairment Of Capital Assets": NaN,
        "Restructuring And Mergern Acquisition": 0.0,
        "Net Non Operating Interest Income Expense": -16741000.0,
        "Interest Expense Non Operating": 16741000.0,
        "Operating Income": -7746000.0,
        "Operating Expense": 54748000.0,
        "Selling General And Administration": 54748000.0,
        "Gross Profit": 47002000.0,
        "Cost Of Revenue": 155275000.0,
        "Total Revenue": 202277000.0,
        "Operating Revenue": 202277000.0
    },
    "2022-12-31": {
        "Tax Effect Of Unusual Items": -455866.108497,
        "Tax Rate For Calcs": 0.015154,
        "Normalized EBITDA": -6381000.0,
        "Total Unusual Items": -30083000.0,
        "Total Unusual Items Excluding Goodwill": -30083000.0,
        "Net Income From Continuing Operation Net Minority Interest": -56932000.0,
        "Reconciled Depreciation": 9004000.0,
        "Reconciled Cost Of Revenue": 158941000.0,
        "EBITDA": -36464000.0,
        "EBIT": -36464000.0,
        "Net Interest Income": -21344000.0,
        "Interest Expense": 21344000.0,
        "Normalized Income": -27304866.108497,
        "Net Income From Continuing And Discontinued Operation": 146966000.0,
        "Total Expenses": 216164000.0,
        "Total Operating Income As Reported": -4873000.0,
        "Diluted Average Shares": 4331000.0,
        "Basic Average Shares": 4331000.0,
        "Diluted EPS": -13.15,
        "Basic EPS": -13.15,
        "Diluted NI Availto Com Stockholders": 146966000.0,
        "Net Income Common Stockholders": 146966000.0,
        "Net Income": 146966000.0,
        "Net Income Including Noncontrolling Interests": 146966000.0,
        "Net Income Discontinuous Operations": 203898000.0,
        "Net Income Continuous Operations": -56932000.0,
        "Tax Provision": -876000.0,
        "Pretax Income": -57808000.0,
        "Other Income Expense": -31591000.0,
        "Other Non Operating Income Expenses": -1508000.0,
        "Special Income Charges": -30083000.0,
        "Other Special Charges": 30083000.0,
        "Impairment Of Capital Assets": 0.0,
        "Restructuring And Mergern Acquisition": 0.0,
        "Net Non Operating Interest Income Expense": -21344000.0,
        "Interest Expense Non Operating": 21344000.0,
        "Operating Income": -4873000.0,
        "Operating Expense": 57223000.0,
        "Selling General And Administration": 57223000.0,
        "Gross Profit": 52350000.0,
        "Cost Of Revenue": 158941000.0,
        "Total Revenue": 211291000.0,
        "Operating Revenue": 211291000.0
    },
    "2022-09-30": {
        "Tax Effect Of Unusual Items": 0.0,
        "Tax Rate For Calcs": 0.4,
        "Normalized EBITDA": 10480000.0,
        "Total Unusual Items": 0.0,
        "Total Unusual Items Excluding Goodwill": 0.0,
        "Net Income From Continuing Operation Net Minority Interest": -26620000.0,
        "Reconciled Depreciation": 8982000.0,
        "Reconciled Cost Of Revenue": 162322000.0,
        "EBITDA": 10480000.0,
        "EBIT": 1498000.0,
        "Net Interest Income": -26653000.0,
        "Interest Expense": 26653000.0,
        "Normalized Income": -26620000.0,
        "Net Income From Continuing And Discontinued Operation": -22873000.0,
        "Total Expenses": 220068000.0,
        "Total Operating Income As Reported": -1729000.0,
        "Diluted Average Shares": 4322000.0,
        "Basic Average Shares": 4322000.0,
        "Diluted EPS": -5.29,
        "Basic EPS": -5.29,
        "Diluted NI Availto Com Stockholders": -22873000.0,
        "Net Income Common Stockholders": -22873000.0,
        "Net Income": -22873000.0,
        "Net Income Including Noncontrolling Interests": -22873000.0,
        "Net Income Discontinuous Operations": 3747000.0,
        "Net Income Continuous Operations": -26620000.0,
        "Tax Provision": 1465000.0,
        "Pretax Income": -25155000.0,
        "Other Income Expense": 3227000.0,
        "Other Non Operating Income Expenses": 3227000.0,
        "Special Income Charges": 0.0,
        "Other Special Charges": NaN,
        "Impairment Of Capital Assets": 0.0,
        "Restructuring And Mergern Acquisition": 0.0,
        "Net Non Operating Interest Income Expense": -26653000.0,
        "Interest Expense Non Operating": 26653000.0,
        "Operating Income": -1729000.0,
        "Operating Expense": 57746000.0,
        "Selling General And Administration": 57746000.0,
        "Gross Profit": 56017000.0,
        "Cost Of Revenue": 162322000.0,
        "Total Revenue": 218339000.0,
        "Operating Revenue": 218339000.0
    },
    "2022-06-30": {
        "Tax Effect Of Unusual Items": 0.0,
        "Tax Rate For Calcs": 0.4,
        "Normalized EBITDA": 8274000.0,
        "Total Unusual Items": 0.0,
        "Total Unusual Items Excluding Goodwill": 0.0,
        "Net Income From Continuing Operation Net Minority Interest": -21552000.0,
        "Reconciled Depreciation": 9578000.0,
        "Reconciled Cost Of Revenue": 181312000.0,
        "EBITDA": 8274000.0,
        "EBIT": -1304000.0,
        "Net Interest Income": -18480000.0,
        "Interest Expense": 18480000.0,
        "Normalized Income": -21552000.0,
        "Net Income From Continuing And Discontinued Operation": -21552000.0,
        "Total Expenses": 254045000.0,
        "Total Operating Income As Reported": -2780000.0,
        "Diluted Average Shares": 4318000.0,
        "Basic Average Shares": 4318000.0,
        "Diluted EPS": -4.99,
        "Basic EPS": -4.99,
        "Diluted NI Availto Com Stockholders": -21552000.0,
        "Net Income Common Stockholders": -21552000.0,
        "Net Income": -21552000.0,
        "Net Income Including Noncontrolling Interests": -21552000.0,
        "Net Income Discontinuous Operations": NaN,
        "Net Income Continuous Operations": -21552000.0,
        "Tax Provision": 1768000.0,
        "Pretax Income": -19784000.0,
        "Other Income Expense": 1476000.0,
        "Other Non Operating Income Expenses": 1476000.0,
        "Special Income Charges": 0.0,
        "Other Special Charges": NaN,
        "Impairment Of Capital Assets": NaN,
        "Restructuring And Mergern Acquisition": 0.0,
        "Net Non Operating Interest Income Expense": -18480000.0,
        "Interest Expense Non Operating": 18480000.0,
        "Operating Income": -2780000.0,
        "Operating Expense": 72733000.0,
        "Selling General And Administration": 72733000.0,
        "Gross Profit": 69953000.0,
        "Cost Of Revenue": 181312000.0,
        "Total Revenue": 251265000.0,
        "Operating Revenue": 251265000.0
    },
    "2022-03-31": {
        "Diluted EPS": -8.61,
        "Total Revenue": 189,
        "Gross Profit": 41,
        "Operating Income": -22,
        "EBIT": -5,
        "Net Income": -32
    },
    "2021-12-31": {
        "Diluted EPS": -13.85,
        "Total Revenue": 163,
        "Gross Profit": 27,
        "Operating Income": -24,
        "EBIT": 2,
        "Net Income": -43
    },
    "2021-09-30": {
        "Diluted EPS": -29.4,
        "Total Revenue": 198,
        "Gross Profit": 45,
        "Operating Income": -72,
        "EBIT": -4,
        "Net Income": -91
    },
    "2021-06-30": {
        "Diluted EPS": -5.7,
        "Total Revenue": 239,
        "Gross Profit": 63,
        "Operating Income": -6,
        "EBIT": 6,
        "Net Income": -17
    },
    "2021-03-31": {
        "Diluted EPS": -11.1,
        "Total Revenue": 195,
        "Gross Profit": 44,
        "Operating Income": -24,
        "EBIT": -11,
        "Net Income": -34
    },
    "2020-12-31": {
        "Diluted EPS": -4.6,
        "Total Revenue": 207,
        "Gross Profit": 60,
        "Operating Income": -2,
        "EBIT": 11,
        "Net Income": -15
    },
    "2020-09-30": {
        "Diluted EPS": -3.0,
        "Total Revenue": 219,
        "Gross Profit": 64,
        "Operating Income": 2,
        "EBIT": 16,
        "Net Income": -9
    },
    "2020-06-30": {
        "Diluted EPS": -4.4,
        "Total Revenue": 189,
        "Gross Profit": 57,
        "Operating Income": -4,
        "EBIT": 9,
        "Net Income": -14
    },
    "2020-03-31": {
        "Diluted EPS": -65.4,
        "Total Revenue": 237,
        "Gross Profit": 57,
        "Operating Income": -213,
        "EBIT": -7,
        "Net Income": -200
    },
    "2019-12-31": {
        "Diluted EPS": -2.4,
        "Total Revenue": 288,
        "Gross Profit": 84,
        "Operating Income": 3,
        "EBIT": 18,
        "Net Income": -7
    },
    "2019-09-30": {
        "Diluted EPS": -2.3,
        "Total Revenue": 290,
        "Gross Profit": 83,
        "Operating Income": -2,
        "EBIT": 12,
        "Net Income": -7
    },
    "2019-06-30": {
        "Diluted EPS": 2.0,
        "Total Revenue": 316,
        "Gross Profit": 95,
        "Operating Income": 13,
        "EBIT": 27,
        "Net Income": 6
    },
    "2019-03-31": {
        "Diluted EPS": -8.0,
        "Total Revenue": 270,
        "Gross Profit": 66,
        "Operating Income": -17,
        "EBIT": -2,
        "Net Income": -24
    },
    "2018-12-31": {
        "Diluted EPS": 1.3,
        "Total Revenue": 310,
        "Gross Profit": 85,
        "Operating Income": -7,
        "EBIT": 11,
        "Net Income": 4
    },
    "2018-09-30": {
        "Diluted EPS": -7.8,
        "Total Revenue": 291,
        "Gross Profit": 70,
        "Operating Income": -20,
        "EBIT": -2,
        "Net Income": -24
    },
    "2018-06-30": {
        "Diluted EPS": -10.4,
        "Total Revenue": 344,
        "Gross Profit": 97,
        "Operating Income": 2,
        "EBIT": 20,
        "Net Income": -31
    },
    "2018-03-31": {
        "Diluted EPS": -4.1,
        "Total Revenue": 302,
        "Gross Profit": 76,
        "Operating Income": -14,
        "EBIT": 4,
        "Net Income": -12
    },
    "2017-12-31": {
        "Diluted EPS": 6.6,
        "Total Revenue": 316,
        "Gross Profit": 82,
        "Operating Income": -2,
        "EBIT": 13,
        "Net Income": 20
    },
    "2017-09-30": {
        "Diluted EPS": -28.0,
        "Total Revenue": 285,
        "Gross Profit": 69,
        "Operating Income": -94,
        "EBIT": -5,
        "Net Income": -84
    },
    "2017-06-30": {
        "Diluted EPS": -3.7,
        "Total Revenue": 312,
        "Gross Profit": 85,
        "Operating Income": -7,
        "EBIT": 7,
        "Net Income": -11
    },
    "2017-03-31": {
        "Diluted EPS": -3.2,
        "Total Revenue": 287,
        "Gross Profit": 75,
        "Operating Income": -12,
        "EBIT": 1,
        "Net Income": -10
    },
    "2016-12-31": {
        "Diluted EPS": -2.9,
        "Total Revenue": 320,
        "Gross Profit": 87,
        "Operating Income": -6,
        "EBIT": 8,
        "Net Income": -9
    },
    "2016-09-30": {
        "Diluted EPS": -1.4,
        "Total Revenue": 290,
        "Gross Profit": 77,
        "Operating Income": -4,
        "EBIT": 9,
        "Net Income": -4
    },
    "2016-06-30": {
        "Diluted EPS": 2.5,
        "Total Revenue": 336,
        "Gross Profit": 99,
        "Operating Income": 14,
        "EBIT": 27,
        "Net Income": 7
    },
    "2016-03-31": {
        "Diluted EPS": -2.7,
        "Total Revenue": 251,
        "Gross Profit": 66,
        "Operating Income": -7,
        "EBIT": 3,
        "Net Income": -6
    },
    "2015-12-31": {
        "Diluted EPS": 0.0,
        "Total Revenue": NaN,
        "Gross Profit": NaN,
        "Operating Income": NaN,
        "EBIT": NaN,
        "Net Income": NaN
    },
    "2015-11-30": {
        "Diluted EPS": 5.4,
        "Total Revenue": 281,
        "Gross Profit": 84,
        "Operating Income": 19,
        "EBIT": 36,
        "Net Income": 11
    },
    "2015-09-30": {
        "Diluted EPS": 1.2,
        "Total Revenue": 244,
        "Gross Profit": 70,
        "Operating Income": 7,
        "EBIT": 16,
        "Net Income": 3
    },
    "2015-08-31": {
        "Diluted EPS": 0.7,
        "Total Revenue": 223,
        "Gross Profit": 63,
        "Operating Income": 4,
        "EBIT": 13,
        "Net Income": 1
    },
    "2015-06-30": {
        "Diluted EPS": 6.5,
        "Total Revenue": 235,
        "Gross Profit": 75,
        "Operating Income": 22,
        "EBIT": 17,
        "Net Income": 14
    },
    "2015-05-31": {
        "Diluted EPS": 0.0,
        "Total Revenue": NaN,
        "Gross Profit": NaN,
        "Operating Income": NaN,
        "EBIT": NaN,
        "Net Income": NaN
    },
    "2015-03-31": {
        "Diluted EPS": 1.5,
        "Total Revenue": 192,
        "Gross Profit": 54,
        "Operating Income": 8,
        "EBIT": 24,
        "Net Income": 3
    },
    "2015-02-28": {
        "Diluted EPS": 0.1,
        "Total Revenue": 175,
        "Gross Profit": 47,
        "Operating Income": 3,
        "EBIT": 20,
        "Net Income": 0
    },
    "2014-11-30": {
        "Diluted EPS": 8.0,
        "Total Revenue": 241,
        "Gross Profit": 79,
        "Operating Income": 29,
        "EBIT": 45,
        "Net Income": 17
    },
    "2014-08-31": {
        "Diluted EPS": 3.3,
        "Total Revenue": 188,
        "Gross Profit": 56,
        "Operating Income": 12,
        "EBIT": 12,
        "Net Income": 7
    },
    "2014-05-31": {
        "Diluted EPS": 0.0,
        "Total Revenue": NaN,
        "Gross Profit": NaN,
        "Operating Income": NaN,
        "EBIT": NaN,
        "Net Income": NaN
    },
    "2014-02-28": {
        "Diluted EPS": -0.5,
        "Total Revenue": 163,
        "Gross Profit": 42,
        "Operating Income": 1,
        "EBIT": 17,
        "Net Income": -1
    },
    "2013-11-30": {
        "Diluted EPS": 6.8,
        "Total Revenue": 200,
        "Gross Profit": 65,
        "Operating Income": 24,
        "EBIT": 39,
        "Net Income": 14
    },
    "2013-08-31": {
        "Diluted EPS": 2.1,
        "Total Revenue": 174,
        "Gross Profit": 49,
        "Operating Income": 8,
        "EBIT": 8,
        "Net Income": 5
    },
    "2013-05-31": {
        "Diluted EPS": 0.0,
        "Total Revenue": NaN,
        "Gross Profit": NaN,
        "Operating Income": NaN,
        "EBIT": NaN,
        "Net Income": NaN
    },
    "2013-02-28": {
        "Diluted EPS": -0.3,
        "Total Revenue": 151,
        "Gross Profit": 39,
        "Operating Income": 1,
        "EBIT": 15,
        "Net Income": -1
    },
    "2012-11-30": {
        "Diluted EPS": 6.6,
        "Total Revenue": 201,
        "Gross Profit": 62,
        "Operating Income": 23,
        "EBIT": 33,
        "Net Income": 14
    },
    "2012-08-31": {
        "Diluted EPS": 3.6,
        "Total Revenue": 161,
        "Gross Profit": 50,
        "Operating Income": 13,
        "EBIT": 13,
        "Net Income": 8
    },
    "2012-05-31": {
        "Diluted EPS": 0.0,
        "Total Revenue": NaN,
        "Gross Profit": NaN,
        "Operating Income": NaN,
        "EBIT": NaN,
        "Net Income": NaN
    },
    "2012-02-29": {
        "Diluted EPS": 1.0,
        "Total Revenue": 137,
        "Gross Profit": 37,
        "Operating Income": 3,
        "EBIT": 13,
        "Net Income": 2
    },
    "2011-11-30": {
        "Diluted EPS": 5.0,
        "Total Revenue": 158,
        "Gross Profit": 50,
        "Operating Income": 17,
        "EBIT": 26,
        "Net Income": 10
    },
    "2011-08-31": {
        "Diluted EPS": 3.3,
        "Total Revenue": 141,
        "Gross Profit": 44,
        "Operating Income": 12,
        "EBIT": 12,
        "Net Income": 7
    },
    "2011-05-31": {
        "Diluted EPS": 0.0,
        "Total Revenue": NaN,
        "Gross Profit": NaN,
        "Operating Income": NaN,
        "EBIT": NaN,
        "Net Income": NaN
    },
    "2011-02-28": {
        "Diluted EPS": 1.9,
        "Total Revenue": 109,
        "Gross Profit": 31,
        "Operating Income": 3,
        "EBIT": 12,
        "Net Income": 4
    },
    "2010-11-30": {
        "Diluted EPS": 4.1,
        "Total Revenue": 133,
        "Gross Profit": 44,
        "Operating Income": 14,
        "EBIT": 20,
        "Net Income": 8
    },
    "2010-08-31": {
        "Diluted EPS": 2.0,
        "Total Revenue": 105,
        "Gross Profit": 32,
        "Operating Income": 7,
        "EBIT": 7,
        "Net Income": 4
    },
    "2010-05-31": {
        "Diluted EPS": 0.0,
        "Total Revenue": NaN,
        "Gross Profit": NaN,
        "Operating Income": NaN,
        "EBIT": NaN,
        "Net Income": NaN
    },
    "2010-02-28": {
        "Diluted EPS": -0.2,
        "Total Revenue": 104,
        "Gross Profit": 29,
        "Operating Income": 2,
        "EBIT": 9,
        "Net Income": 0
    },
    "2009-11-30": {
        "Diluted EPS": 3.0,
        "Total Revenue": 123,
        "Gross Profit": 39,
        "Operating Income": 10,
        "EBIT": 16,
        "Net Income": 6
    },
    "2009-08-31": {
        "Diluted EPS": 0.6,
        "Total Revenue": 101,
        "Gross Profit": 29,
        "Operating Income": 3,
        "EBIT": 3,
        "Net Income": 1
    },
    "2009-05-31": {
        "Diluted EPS": 0.0,
        "Total Revenue": NaN,
        "Gross Profit": NaN,
        "Operating Income": NaN,
        "EBIT": NaN,
        "Net Income": NaN
    },
    "2009-02-28": {
        "Diluted EPS": 1.1,
        "Total Revenue": 104,
        "Gross Profit": 30,
        "Operating Income": 3,
        "EBIT": 10,
        "Net Income": 2
    },
    "2023-06-30": {
        "Tax Effect Of Unusual Items": -242046.0,
        "Tax Rate For Calcs": 0.153,
        "Normalized EBITDA": 14148000.0,
        "Total Unusual Items": -1582000.0,
        "Total Unusual Items Excluding Goodwill": -1582000.0,
        "Net Income From Continuing Operation Net Minority Interest": -15753000.0,
        "Reconciled Depreciation": 9539000.0,
        "Reconciled Cost Of Revenue": 178576000.0,
        "EBITDA": 12566000.0,
        "EBIT": 3027000.0,
        "Net Interest Income": -16691000.0,
        "Interest Expense": 16691000.0,
        "Normalized Income": -14413046.0,
        "Net Income From Continuing And Discontinued Operation": -15753000.0,
        "Total Expenses": 234896000.0,
        "Total Operating Income As Reported": 4596000.0,
        "Diluted Average Shares": 4362000.0,
        "Basic Average Shares": 4362000.0,
        "Diluted EPS": -3.61,
        "Basic EPS": -3.61,
        "Diluted NI Availto Com Stockholders": -15753000.0,
        "Net Income Common Stockholders": -15753000.0,
        "Net Income": -15753000.0,
        "Net Income Including Noncontrolling Interests": -15753000.0,
        "Net Income Discontinuous Operations": 0.0,
        "Net Income Continuous Operations": -15753000.0,
        "Tax Provision": 2089000.0,
        "Pretax Income": -13664000.0,
        "Other Income Expense": -1569000.0,
        "Other Non Operating Income Expenses": 13000.0,
        "Special Income Charges": -1582000.0,
        "Other Special Charges": 1582000.0,
        "Impairment Of Capital Assets": NaN,
        "Restructuring And Mergern Acquisition": 0.0,
        "Net Non Operating Interest Income Expense": -16691000.0,
        "Interest Expense Non Operating": 16691000.0,
        "Operating Income": 4596000.0,
        "Operating Expense": 56320000.0,
        "Selling General And Administration": 56320000.0,
        "Gross Profit": 60916000.0,
        "Cost Of Revenue": 178576000.0,
        "Total Revenue": 239492000.0,
        "Operating Revenue": 239492000.0
    },
    "2023-09-30": {
        "Tax Effect Of Unusual Items": -291.0,
        "Tax Rate For Calcs": 0.097,
        "Normalized EBITDA": 8404000.0,
        "Total Unusual Items": -3000.0,
        "Total Unusual Items Excluding Goodwill": -3000.0,
        "Net Income From Continuing Operation Net Minority Interest": -12134000.0,
        "Reconciled Depreciation": 9396000.0,
        "Reconciled Cost Of Revenue": 153928000.0,
        "EBITDA": 8401000.0,
        "EBIT": -995000.0,
        "Net Interest Income": -10067000.0,
        "Interest Expense": 10067000.0,
        "Normalized Income": -12131291.0,
        "Net Income From Continuing And Discontinued Operation": -12134000.0,
        "Total Expenses": 207973000.0,
        "Total Operating Income As Reported": -1258000.0,
        "Diluted Average Shares": 4368000.0,
        "Basic Average Shares": 4368000.0,
        "Diluted EPS": -2.78,
        "Basic EPS": -2.78,
        "Diluted NI Availto Com Stockholders": -12134000.0,
        "Net Income Common Stockholders": -12134000.0,
        "Net Income": -12134000.0,
        "Net Income Including Noncontrolling Interests": -12134000.0,
        "Net Income Discontinuous Operations": 0.0,
        "Net Income Continuous Operations": -12134000.0,
        "Tax Provision": 1072000.0,
        "Pretax Income": -11062000.0,
        "Other Income Expense": 263000.0,
        "Other Non Operating Income Expenses": 266000.0,
        "Special Income Charges": -3000.0,
        "Other Special Charges": 3000.0,
        "Impairment Of Capital Assets": NaN,
        "Restructuring And Mergern Acquisition": 0.0,
        "Net Non Operating Interest Income Expense": -10067000.0,
        "Interest Expense Non Operating": 10067000.0,
        "Operating Income": -1258000.0,
        "Operating Expense": 54045000.0,
        "Selling General And Administration": 54045000.0,
        "Gross Profit": 52787000.0,
        "Cost Of Revenue": 153928000.0,
        "Total Revenue": 206715000.0,
        "Operating Revenue": 206715000.0
    }
}