{
    "2023-04-30": {
        "Tax Effect Of Unusual Items": 0.0,
        "Tax Rate For Calcs": 0.239,
        "Normalized EBITDA": 44933000.0,
        "Total Unusual Items": NaN,
        "Total Unusual Items Excluding Goodwill": NaN,
        "Net Income From Continuing Operation Net Minority Interest": 26965000.0,
        "Reconciled Depreciation": 6948000.0,
        "Reconciled Cost Of Revenue": 451051000.0,
        "EBITDA": 44933000.0,
        "EBIT": 37985000.0,
        "Net Interest Income": -1826000.0,
        "Interest Expense": 2546000.0,
        "Interest Income": 720000.0,
        "Normalized Income": 26965000.0,
        "Net Income From Continuing And Discontinued Operation": 26965000.0,
        "Total Expenses": 532366000.0,
        "Rent Expense Supplemental": NaN,
        "Total Operating Income As Reported": 37265000.0,
        "Diluted Average Shares": NaN,
        "Basic Average Shares": NaN,
        "Diluted EPS": NaN,
        "Basic EPS": NaN,
        "Diluted NI Availto Com Stockholders": 26670000.0,
        "Net Income Common Stockholders": 26670000.0,
        "Otherunder Preferred Stock Dividend": 295000.0,
        "Net Income": 26965000.0,
        "Net Income Including Noncontrolling Interests": 26965000.0,
        "Net Income Continuous Operations": 26965000.0,
        "Tax Provision": 8474000.0,
        "Pretax Income": 35439000.0,
        "Other Income Expense": NaN,
        "Special Income Charges": NaN,
        "Impairment Of Capital Assets": NaN,
        "Net Non Operating Interest Income Expense": -1826000.0,
        "Interest Expense Non Operating": 2546000.0,
        "Interest Income Non Operating": 720000.0,
        "Operating Income": 37265000.0,
        "Operating Expense": 81315000.0,
        "Other Operating Expenses": 81315000.0,
        "Gross Profit": 118580000.0,
        "Cost Of Revenue": 451051000.0,
        "Total Revenue": 569631000.0,
        "Operating Revenue": 569631000.0
    },
    "2023-01-31": {
        "Tax Effect Of Unusual Items": NaN,
        "Tax Rate For Calcs": NaN,
        "Normalized EBITDA": NaN,
        "Total Unusual Items": 0.0,
        "Total Unusual Items Excluding Goodwill": 0.0,
        "Net Income From Continuing Operation Net Minority Interest": NaN,
        "Reconciled Depreciation": NaN,
        "Reconciled Cost Of Revenue": NaN,
        "EBITDA": NaN,
        "EBIT": NaN,
        "Net Interest Income": NaN,
        "Interest Expense": NaN,
        "Interest Income": 693000.0,
        "Normalized Income": NaN,
        "Net Income From Continuing And Discontinued Operation": NaN,
        "Total Expenses": NaN,
        "Rent Expense Supplemental": NaN,
        "Total Operating Income As Reported": NaN,
        "Diluted Average Shares": NaN,
        "Basic Average Shares": NaN,
        "Diluted EPS": NaN,
        "Basic EPS": NaN,
        "Diluted NI Availto Com Stockholders": NaN,
        "Net Income Common Stockholders": NaN,
        "Otherunder Preferred Stock Dividend": NaN,
        "Net Income": NaN,
        "Net Income Including Noncontrolling Interests": NaN,
        "Net Income Continuous Operations": NaN,
        "Tax Provision": NaN,
        "Pretax Income": NaN,
        "Other Income Expense": NaN,
        "Special Income Charges": 0.0,
        "Impairment Of Capital Assets": 0.0,
        "Net Non Operating Interest Income Expense": NaN,
        "Interest Expense Non Operating": NaN,
        "Interest Income Non Operating": 693000.0,
        "Operating Income": NaN,
        "Operating Expense": NaN,
        "Other Operating Expenses": NaN,
        "Gross Profit": NaN,
        "Cost Of Revenue": NaN,
        "Total Revenue": NaN,
        "Operating Revenue": NaN
    },
    "2022-10-31": {
        "Tax Effect Of Unusual Items": NaN,
        "Tax Rate For Calcs": NaN,
        "Normalized EBITDA": NaN,
        "Total Unusual Items": 0.0,
        "Total Unusual Items Excluding Goodwill": 0.0,
        "Net Income From Continuing Operation Net Minority Interest": NaN,
        "Reconciled Depreciation": NaN,
        "Reconciled Cost Of Revenue": NaN,
        "EBITDA": NaN,
        "EBIT": NaN,
        "Net Interest Income": NaN,
        "Interest Expense": NaN,
        "Interest Income": 1804000.0,
        "Normalized Income": NaN,
        "Net Income From Continuing And Discontinued Operation": NaN,
        "Total Expenses": NaN,
        "Rent Expense Supplemental": NaN,
        "Total Operating Income As Reported": NaN,
        "Diluted Average Shares": NaN,
        "Basic Average Shares": NaN,
        "Diluted EPS": NaN,
        "Basic EPS": NaN,
        "Diluted NI Availto Com Stockholders": NaN,
        "Net Income Common Stockholders": NaN,
        "Otherunder Preferred Stock Dividend": 563000.0,
        "Net Income": NaN,
        "Net Income Including Noncontrolling Interests": NaN,
        "Net Income Continuous Operations": NaN,
        "Tax Provision": NaN,
        "Pretax Income": NaN,
        "Special Income Charges": 0.0,
        "Impairment Of Capital Assets": 0.0,
        "Net Non Operating Interest Income Expense": NaN,
        "Interest Expense Non Operating": NaN,
        "Interest Income Non Operating": 1804000.0,
        "Operating Income": NaN,
        "Operating Expense": NaN,
        "Other Operating Expenses": NaN,
        "Gross Profit": NaN,
        "Cost Of Revenue": NaN,
        "Total Revenue": NaN,
        "Operating Revenue": NaN
    },
    "2022-07-31": {
        "Tax Effect Of Unusual Items": 0.0,
        "Tax Rate For Calcs": 0.247089,
        "Normalized EBITDA": 40507000.0,
        "Total Unusual Items": 0.0,
        "Total Unusual Items Excluding Goodwill": 0.0,
        "Net Income From Continuing Operation Net Minority Interest": 24959000.0,
        "Reconciled Depreciation": 5763000.0,
        "Reconciled Cost Of Revenue": 393844000.0,
        "EBITDA": 40507000.0,
        "EBIT": 34744000.0,
        "Net Interest Income": -721000.0,
        "Interest Expense": 1594000.0,
        "Interest Income": 873000.0,
        "Normalized Income": 24959000.0,
        "Net Income From Continuing And Discontinued Operation": 24959000.0,
        "Total Expenses": 462672000.0,
        "Total Operating Income As Reported": 33871000.0,
        "Diluted Average Shares": 22392000.0,
        "Basic Average Shares": 22387000.0,
        "Diluted EPS": 1.1,
        "Basic EPS": 1.1,
        "Diluted NI Availto Com Stockholders": 24959000.0,
        "Net Income Common Stockholders": 24959000.0,
        "Otherunder Preferred Stock Dividend": NaN,
        "Net Income": 24959000.0,
        "Net Income Including Noncontrolling Interests": 24959000.0,
        "Net Income Continuous Operations": 24959000.0,
        "Tax Provision": 8191000.0,
        "Pretax Income": 33150000.0,
        "Special Income Charges": 0.0,
        "Impairment Of Capital Assets": 0.0,
        "Net Non Operating Interest Income Expense": -721000.0,
        "Interest Expense Non Operating": 1594000.0,
        "Interest Income Non Operating": 873000.0,
        "Operating Income": 33871000.0,
        "Operating Expense": 68828000.0,
        "Gross Profit": 102699000.0,
        "Cost Of Revenue": 393844000.0,
        "Total Revenue": 496543000.0,
        "Operating Revenue": 486274000.0
    },
    "2022-04-30": {
        "Diluted EPS": 0.78,
        "Total Revenue": 461,
        "Gross Profit": 89,
        "Operating Income": 25,
        "EBIT": 30,
        "Net Income": 17
    },
    "2022-01-31": {
        "Diluted EPS": 0.98,
        "Total Revenue": 508,
        "Gross Profit": 94,
        "Operating Income": 30,
        "EBIT": 37,
        "Net Income": 22
    },
    "2021-10-31": {
        "Diluted EPS": 0.97,
        "Total Revenue": 454,
        "Gross Profit": 92,
        "Operating Income": 30,
        "EBIT": 35,
        "Net Income": 22
    },
    "2021-07-31": {
        "Diluted EPS": 0.5,
        "Total Revenue": 378,
        "Gross Profit": 75,
        "Operating Income": 16,
        "EBIT": 22,
        "Net Income": 11
    },
    "2021-04-30": {
        "Diluted EPS": 0.47,
        "Total Revenue": 373,
        "Gross Profit": 71,
        "Operating Income": 15,
        "EBIT": 20,
        "Net Income": 10
    },
    "2021-01-31": {
        "Diluted EPS": 0.04,
        "Total Revenue": 437,
        "Gross Profit": 68,
        "Operating Income": 7,
        "EBIT": 16,
        "Net Income": 1
    },
    "2020-10-31": {
        "Diluted EPS": 0.44,
        "Total Revenue": 361,
        "Gross Profit": 73,
        "Operating Income": 16,
        "EBIT": 22,
        "Net Income": 10
    },
    "2020-07-31": {
        "Diluted EPS": 0.28,
        "Total Revenue": 303,
        "Gross Profit": 63,
        "Operating Income": 10,
        "EBIT": 16,
        "Net Income": 6
    },
    "2020-04-30": {
        "Diluted EPS": 0.1,
        "Total Revenue": 310,
        "Gross Profit": 58,
        "Operating Income": 5,
        "EBIT": 11,
        "Net Income": 2
    },
    "2020-01-31": {
        "Diluted EPS": 0.03,
        "Total Revenue": 351,
        "Gross Profit": 61,
        "Operating Income": -3,
        "EBIT": 4,
        "Net Income": 1
    },
    "2019-10-31": {
        "Diluted EPS": 0.37,
        "Total Revenue": 361,
        "Gross Profit": 72,
        "Operating Income": 14,
        "EBIT": 21,
        "Net Income": 8
    },
    "2019-07-31": {
        "Diluted EPS": 0.25,
        "Total Revenue": 315,
        "Gross Profit": 64,
        "Operating Income": 9,
        "EBIT": 16,
        "Net Income": 5
    },
    "2019-04-30": {
        "Diluted EPS": -0.02,
        "Total Revenue": 278,
        "Gross Profit": 54,
        "Operating Income": 1,
        "EBIT": 7,
        "Net Income": 0
    },
    "2019-01-31": {
        "Diluted EPS": -0.09,
        "Total Revenue": 360,
        "Gross Profit": 56,
        "Operating Income": 0,
        "EBIT": 6,
        "Net Income": -2
    },
    "2018-10-31": {
        "Diluted EPS": 0.48,
        "Total Revenue": 361,
        "Gross Profit": 70,
        "Operating Income": 16,
        "EBIT": 23,
        "Net Income": 11
    },
    "2018-07-31": {
        "Diluted EPS": 0.23,
        "Total Revenue": 297,
        "Gross Profit": 59,
        "Operating Income": 11,
        "EBIT": 16,
        "Net Income": 5
    },
    "2018-04-30": {
        "Diluted EPS": -0.07,
        "Total Revenue": 244,
        "Gross Profit": 48,
        "Operating Income": 1,
        "EBIT": 6,
        "Net Income": -2
    },
    "2018-01-31": {
        "Diluted EPS": 0.08,
        "Total Revenue": 329,
        "Gross Profit": 52,
        "Operating Income": 1,
        "EBIT": 7,
        "Net Income": 2
    },
    "2017-10-31": {
        "Diluted EPS": 0.11,
        "Total Revenue": 330,
        "Gross Profit": 61,
        "Operating Income": 9,
        "EBIT": 15,
        "Net Income": 2
    },
    "2017-07-31": {
        "Diluted EPS": -0.24,
        "Total Revenue": 269,
        "Gross Profit": 53,
        "Operating Income": -3,
        "EBIT": 3,
        "Net Income": -5
    },
    "2017-04-30": {
        "Diluted EPS": -0.27,
        "Total Revenue": 264,
        "Gross Profit": 49,
        "Operating Income": -5,
        "EBIT": 1,
        "Net Income": -6
    },
    "2017-01-31": {
        "Diluted EPS": -0.37,
        "Total Revenue": 306,
        "Gross Profit": 49,
        "Operating Income": -8,
        "EBIT": -1,
        "Net Income": -8
    },
    "2016-10-31": {
        "Diluted EPS": 0.01,
        "Total Revenue": 332,
        "Gross Profit": 58,
        "Operating Income": 5,
        "EBIT": 12,
        "Net Income": 0
    },
    "2016-07-31": {
        "Diluted EPS": -0.12,
        "Total Revenue": 278,
        "Gross Profit": 53,
        "Operating Income": 1,
        "EBIT": 8,
        "Net Income": -2
    },
    "2016-04-30": {
        "Diluted EPS": -0.17,
        "Total Revenue": 285,
        "Gross Profit": 54,
        "Operating Income": -1,
        "EBIT": 5,
        "Net Income": -4
    },
    "2016-01-31": {
        "Diluted EPS": -1.63,
        "Total Revenue": 335,
        "Gross Profit": 16,
        "Operating Income": -45,
        "EBIT": -38,
        "Net Income": -34
    },
    "2015-10-31": {
        "Diluted EPS": 0.16,
        "Total Revenue": 345,
        "Gross Profit": 67,
        "Operating Income": 14,
        "EBIT": 21,
        "Net Income": 3
    },
    "2015-07-31": {
        "Diluted EPS": 0.0,
        "Total Revenue": 334,
        "Gross Profit": 62,
        "Operating Income": 7,
        "EBIT": 14,
        "Net Income": 0
    },
    "2015-04-30": {
        "Diluted EPS": -0.29,
        "Total Revenue": 353,
        "Gross Profit": 60,
        "Operating Income": 2,
        "EBIT": 8,
        "Net Income": -6
    },
    "2015-01-31": {
        "Diluted EPS": -1.28,
        "Total Revenue": 491,
        "Gross Profit": 68,
        "Operating Income": -28,
        "EBIT": -20,
        "Net Income": -27
    },
    "2014-10-31": {
        "Diluted EPS": 0.11,
        "Total Revenue": 493,
        "Gross Profit": 85,
        "Operating Income": 15,
        "EBIT": 24,
        "Net Income": 2
    },
    "2014-07-31": {
        "Diluted EPS": -0.03,
        "Total Revenue": 451,
        "Gross Profit": 80,
        "Operating Income": 12,
        "EBIT": 20,
        "Net Income": -1
    },
    "2014-04-30": {
        "Diluted EPS": -0.31,
        "Total Revenue": 465,
        "Gross Profit": 76,
        "Operating Income": 2,
        "EBIT": 9,
        "Net Income": -6
    },
    "2014-01-31": {
        "Diluted EPS": -0.02,
        "Total Revenue": 709,
        "Gross Profit": 97,
        "Operating Income": 10,
        "EBIT": 18,
        "Net Income": -1
    },
    "2013-10-31": {
        "Diluted EPS": 0.27,
        "Total Revenue": 588,
        "Gross Profit": 94,
        "Operating Income": 19,
        "EBIT": 28,
        "Net Income": 6
    },
    "2013-07-31": {
        "Diluted EPS": 0.18,
        "Total Revenue": 488,
        "Gross Profit": 84,
        "Operating Income": 13,
        "EBIT": 21,
        "Net Income": 4
    },
    "2013-04-30": {
        "Diluted EPS": -0.02,
        "Total Revenue": 442,
        "Gross Profit": 74,
        "Operating Income": 5,
        "EBIT": 11,
        "Net Income": 0
    },
    "2013-01-31": {
        "Diluted EPS": 0.73,
        "Total Revenue": 785,
        "Gross Profit": 105,
        "Operating Income": 32,
        "EBIT": 38,
        "Net Income": 15
    },
    "2012-10-31": {
        "Diluted EPS": 0.66,
        "Total Revenue": 582,
        "Gross Profit": 94,
        "Operating Income": 30,
        "EBIT": 37,
        "Net Income": 14
    },
    "2012-07-31": {
        "Diluted EPS": 0.25,
        "Total Revenue": 410,
        "Gross Profit": 70,
        "Operating Income": 14,
        "EBIT": 19,
        "Net Income": 5
    },
    "2012-04-30": {
        "Diluted EPS": 0.36,
        "Total Revenue": 422,
        "Gross Profit": 70,
        "Operating Income": 16,
        "EBIT": 20,
        "Net Income": 8
    },
    "2012-01-31": {
        "Diluted EPS": 0.87,
        "Total Revenue": 607,
        "Gross Profit": 93,
        "Operating Income": 33,
        "EBIT": 38,
        "Net Income": 17
    },
    "2011-10-31": {
        "Diluted EPS": 0.61,
        "Total Revenue": 423,
        "Gross Profit": 74,
        "Operating Income": 24,
        "EBIT": 28,
        "Net Income": 13
    },
    "2011-07-31": {
        "Diluted EPS": 0.3,
        "Total Revenue": 311,
        "Gross Profit": 56,
        "Operating Income": 12,
        "EBIT": 15,
        "Net Income": 6
    },
    "2011-04-30": {
        "Diluted EPS": 0.4,
        "Total Revenue": 318,
        "Gross Profit": 53,
        "Operating Income": 13,
        "EBIT": 16,
        "Net Income": 7
    },
    "2011-01-31": {
        "Diluted EPS": 0.57,
        "Total Revenue": 368,
        "Gross Profit": 56,
        "Operating Income": 17,
        "EBIT": 20,
        "Net Income": 10
    },
    "2010-10-31": {
        "Diluted EPS": 0.42,
        "Total Revenue": 311,
        "Gross Profit": 48,
        "Operating Income": 15,
        "EBIT": 17,
        "Net Income": 8
    },
    "2010-07-31": {
        "Diluted EPS": 0.15,
        "Total Revenue": 210,
        "Gross Profit": 36,
        "Operating Income": 7,
        "EBIT": 9,
        "Net Income": 3
    },
    "2010-04-30": {
        "Diluted EPS": 0.09,
        "Total Revenue": 205,
        "Gross Profit": 34,
        "Operating Income": 5,
        "EBIT": 7,
        "Net Income": 2
    },
    "2010-01-31": {
        "Diluted EPS": 0.19,
        "Total Revenue": 252,
        "Gross Profit": 37,
        "Operating Income": 7,
        "EBIT": 9,
        "Net Income": 3
    },
    "2009-10-31": {
        "Diluted EPS": 0.32,
        "Total Revenue": 227,
        "Gross Profit": 40,
        "Operating Income": 12,
        "EBIT": 14,
        "Net Income": 6
    },
    "2009-07-31": {
        "Diluted EPS": 0.27,
        "Total Revenue": 193,
        "Gross Profit": 36,
        "Operating Income": 9,
        "EBIT": 11,
        "Net Income": 5
    },
    "2009-04-30": {
        "Diluted EPS": 0.1,
        "Total Revenue": 166,
        "Gross Profit": 29,
        "Operating Income": 4,
        "EBIT": 6,
        "Net Income": 2
    },
    "2009-01-31": {
        "Diluted EPS": 0.2,
        "Total Revenue": 189,
        "Gross Profit": 32,
        "Operating Income": 6,
        "EBIT": 8,
        "Net Income": 3
    },
    "2023-07-31": {
        "Tax Effect Of Unusual Items": 0.0,
        "Tax Rate For Calcs": 0.247,
        "Normalized EBITDA": 52978000.0,
        "Total Unusual Items": 0.0,
        "Total Unusual Items Excluding Goodwill": 0.0,
        "Net Income From Continuing Operation Net Minority Interest": 31321000.0,
        "Reconciled Depreciation": 7689000.0,
        "Reconciled Cost Of Revenue": 509169000.0,
        "EBITDA": 52978000.0,
        "EBIT": 45289000.0,
        "Net Interest Income": -3057000.0,
        "Interest Expense": 3698000.0,
        "Interest Income": 641000.0,
        "Normalized Income": 31321000.0,
        "Net Income From Continuing And Discontinued Operation": 31321000.0,
        "Total Expenses": 597920000.0,
        "Rent Expense Supplemental": 7075000.0,
        "Total Operating Income As Reported": 44648000.0,
        "Diluted Average Shares": 22484000.0,
        "Basic Average Shares": 22476000.0,
        "Diluted EPS": 1.38,
        "Basic EPS": 1.38,
        "Diluted NI Availto Com Stockholders": 30921000.0,
        "Net Income Common Stockholders": 30921000.0,
        "Otherunder Preferred Stock Dividend": 400000.0,
        "Net Income": 31321000.0,
        "Net Income Including Noncontrolling Interests": 31321000.0,
        "Net Income Continuous Operations": 31321000.0,
        "Tax Provision": 10270000.0,
        "Pretax Income": 41591000.0,
        "Other Income Expense": NaN,
        "Special Income Charges": 0.0,
        "Impairment Of Capital Assets": 0.0,
        "Net Non Operating Interest Income Expense": -3057000.0,
        "Interest Expense Non Operating": 3698000.0,
        "Interest Income Non Operating": 641000.0,
        "Operating Income": 44648000.0,
        "Operating Expense": 88751000.0,
        "Other Operating Expenses": NaN,
        "Gross Profit": 133399000.0,
        "Cost Of Revenue": 509169000.0,
        "Total Revenue": 642568000.0,
        "Operating Revenue": 642568000.0
    },
    "2023-10-31": {
        "Tax Effect Of Unusual Items": 0.0,
        "Tax Rate For Calcs": 0.254,
        "Normalized EBITDA": 54460000.0,
        "Total Unusual Items": NaN,
        "Total Unusual Items Excluding Goodwill": NaN,
        "Net Income From Continuing Operation Net Minority Interest": 30193000.0,
        "Reconciled Depreciation": 8234000.0,
        "Reconciled Cost Of Revenue": 555774000.0,
        "EBITDA": 54460000.0,
        "EBIT": 46226000.0,
        "Net Interest Income": -5774000.0,
        "Interest Expense": 5774000.0,
        "Interest Income": NaN,
        "Normalized Income": 30193000.0,
        "Net Income From Continuing And Discontinued Operation": 30193000.0,
        "Total Expenses": 647889000.0,
        "Rent Expense Supplemental": 8198000.0,
        "Total Operating Income As Reported": 46226000.0,
        "Diluted Average Shares": 22517000.0,
        "Basic Average Shares": 22512000.0,
        "Diluted EPS": 1.32,
        "Basic EPS": 1.32,
        "Diluted NI Availto Com Stockholders": 29728000.0,
        "Net Income Common Stockholders": 29728000.0,
        "Otherunder Preferred Stock Dividend": 465000.0,
        "Net Income": 30193000.0,
        "Net Income Including Noncontrolling Interests": 30193000.0,
        "Net Income Continuous Operations": 30193000.0,
        "Tax Provision": 10259000.0,
        "Pretax Income": 40452000.0,
        "Other Income Expense": NaN,
        "Special Income Charges": NaN,
        "Impairment Of Capital Assets": NaN,
        "Net Non Operating Interest Income Expense": -5774000.0,
        "Interest Expense Non Operating": 5774000.0,
        "Interest Income Non Operating": NaN,
        "Operating Income": 46226000.0,
        "Operating Expense": 92115000.0,
        "Other Operating Expenses": NaN,
        "Gross Profit": 138341000.0,
        "Cost Of Revenue": 555774000.0,
        "Total Revenue": 694115000.0,
        "Operating Revenue": 694115000.0
    },
    "2024-01-31": {
        "Tax Effect Of Unusual Items": NaN,
        "Tax Rate For Calcs": NaN,
        "Normalized EBITDA": NaN,
        "Total Unusual Items": NaN,
        "Total Unusual Items Excluding Goodwill": NaN,
        "Net Income From Continuing Operation Net Minority Interest": NaN,
        "Reconciled Depreciation": NaN,
        "Reconciled Cost Of Revenue": NaN,
        "EBITDA": NaN,
        "EBIT": NaN,
        "Net Interest Income": NaN,
        "Interest Expense": NaN,
        "Interest Income": NaN,
        "Normalized Income": NaN,
        "Net Income From Continuing And Discontinued Operation": NaN,
        "Total Expenses": NaN,
        "Rent Expense Supplemental": 8082000.0,
        "Total Operating Income As Reported": NaN,
        "Diluted Average Shares": 22848138.0,
        "Basic Average Shares": 22848138.0,
        "Diluted EPS": 1.048794,
        "Basic EPS": 1.048794,
        "Diluted NI Availto Com Stockholders": NaN,
        "Net Income Common Stockholders": NaN,
        "Otherunder Preferred Stock Dividend": NaN,
        "Net Income": NaN,
        "Net Income Including Noncontrolling Interests": NaN,
        "Net Income Continuous Operations": NaN,
        "Tax Provision": NaN,
        "Pretax Income": NaN,
        "Other Income Expense": NaN,
        "Special Income Charges": NaN,
        "Impairment Of Capital Assets": NaN,
        "Net Non Operating Interest Income Expense": NaN,
        "Interest Expense Non Operating": NaN,
        "Interest Income Non Operating": NaN,
        "Operating Income": NaN,
        "Operating Expense": NaN,
        "Other Operating Expenses": NaN,
        "Gross Profit": NaN,
        "Cost Of Revenue": NaN,
        "Total Revenue": NaN,
        "Operating Revenue": NaN
    },
    "2024-04-30": {
        "Tax Effect Of Unusual Items": 0.0,
        "Tax Rate For Calcs": 0.262,
        "Normalized EBITDA": 31312000.0,
        "Total Unusual Items": NaN,
        "Total Unusual Items Excluding Goodwill": NaN,
        "Net Income From Continuing Operation Net Minority Interest": 9441000.0,
        "Reconciled Depreciation": 8715000.0,
        "Reconciled Cost Of Revenue": 506948000.0,
        "EBITDA": 31312000.0,
        "EBIT": 22597000.0,
        "Net Interest Income": -9811000.0,
        "Interest Expense": 9811000.0,
        "Interest Income": NaN,
        "Normalized Income": 9441000.0,
        "Net Income From Continuing And Discontinued Operation": 9441000.0,
        "Total Expenses": 606106000.0,
        "Rent Expense Supplemental": 4782000.0,
        "Total Operating Income As Reported": 22597000.0,
        "Diluted Average Shares": 22546000.0,
        "Basic Average Shares": 22542000.0,
        "Diluted EPS": 0.41,
        "Basic EPS": 0.41,
        "Diluted NI Availto Com Stockholders": 9318000.0,
        "Net Income Common Stockholders": 9318000.0,
        "Otherunder Preferred Stock Dividend": 123000.0,
        "Net Income": 9441000.0,
        "Net Income Including Noncontrolling Interests": 9441000.0,
        "Net Income Continuous Operations": 9441000.0,
        "Tax Provision": 3345000.0,
        "Pretax Income": 12786000.0,
        "Other Income Expense": NaN,
        "Special Income Charges": NaN,
        "Impairment Of Capital Assets": NaN,
        "Net Non Operating Interest Income Expense": -9811000.0,
        "Interest Expense Non Operating": 9811000.0,
        "Interest Income Non Operating": NaN,
        "Operating Income": 22597000.0,
        "Operating Expense": 99158000.0,
        "Other Operating Expenses": 99158000.0,
        "Gross Profit": 121755000.0,
        "Cost Of Revenue": 506948000.0,
        "Total Revenue": 628703000.0,
        "Operating Revenue": 628703000.0
    },
    "2024-07-31": {
        "Tax Effect Of Unusual Items": -309330.0,
        "Tax Rate For Calcs": 0.21,
        "Normalized EBITDA": 26921000.0,
        "Total Unusual Items": -1473000.0,
        "Total Unusual Items Excluding Goodwill": -1473000.0,
        "Net Income From Continuing Operation Net Minority Interest": -4304000.0,
        "Reconciled Depreciation": 9698000.0,
        "Reconciled Cost Of Revenue": 521295000.0,
        "EBITDA": 25448000.0,
        "EBIT": 15750000.0,
        "Net Interest Income": -20000000.0,
        "Interest Expense": 20000000.0,
        "Interest Income": NaN,
        "Normalized Income": -3140330.0,
        "Net Income From Continuing And Discontinued Operation": -4304000.0,
        "Total Expenses": 616451000.0,
        "Rent Expense Supplemental": 8676000.0,
        "Total Operating Income As Reported": 15750000.0,
        "Diluted Average Shares": 22617000.0,
        "Basic Average Shares": 22617000.0,
        "Diluted EPS": -0.19,
        "Basic EPS": -0.19,
        "Diluted NI Availto Com Stockholders": -4304000.0,
        "Net Income Common Stockholders": -4304000.0,
        "Otherunder Preferred Stock Dividend": 0.0,
        "Net Income": -4304000.0,
        "Net Income Including Noncontrolling Interests": -4304000.0,
        "Net Income Continuous Operations": -4304000.0,
        "Tax Provision": 54000.0,
        "Pretax Income": -4250000.0,
        "Other Income Expense": -1473000.0,
        "Special Income Charges": -1473000.0,
        "Impairment Of Capital Assets": 1473000.0,
        "Net Non Operating Interest Income Expense": -20000000.0,
        "Interest Expense Non Operating": 20000000.0,
        "Interest Income Non Operating": NaN,
        "Operating Income": 17223000.0,
        "Operating Expense": 95156000.0,
        "Other Operating Expenses": NaN,
        "Gross Profit": 112379000.0,
        "Cost Of Revenue": 521295000.0,
        "Total Revenue": 633674000.0,
        "Operating Revenue": 633674000.0
    }
}