{
    "2023-03-31": {
        "Tax Effect Of Unusual Items": NaN,
        "Tax Rate For Calcs": NaN,
        "Normalized EBITDA": NaN,
        "Total Unusual Items": NaN,
        "Total Unusual Items Excluding Goodwill": NaN,
        "Net Income From Continuing Operation Net Minority Interest": NaN,
        "Reconciled Depreciation": NaN,
        "Reconciled Cost Of Revenue": NaN,
        "EBITDA": NaN,
        "EBIT": NaN,
        "Net Interest Income": NaN,
        "Interest Expense": NaN,
        "Normalized Income": NaN,
        "Net Income From Continuing And Discontinued Operation": NaN,
        "Total Expenses": NaN,
        "Total Operating Income As Reported": NaN,
        "Diluted Average Shares": 276000000.0,
        "Basic Average Shares": 273000000.0,
        "Diluted EPS": 0.05,
        "Basic EPS": 0.05,
        "Diluted NI Availto Com Stockholders": NaN,
        "Average Dilution Earnings": NaN,
        "Net Income Common Stockholders": NaN,
        "Net Income": NaN,
        "Net Income Including Noncontrolling Interests": NaN,
        "Net Income Continuous Operations": NaN,
        "Tax Provision": NaN,
        "Pretax Income": NaN,
        "Other Income Expense": NaN,
        "Special Income Charges": NaN,
        "Restructuring And Mergern Acquisition": NaN,
        "Gain On Sale Of Security": -1000000.0,
        "Net Non Operating Interest Income Expense": NaN,
        "Total Other Finance Cost": 1000000.0,
        "Interest Expense Non Operating": NaN,
        "Operating Income": NaN,
        "Operating Expense": NaN,
        "Depreciation Amortization Depletion Income Statement": NaN,
        "Depreciation And Amortization In Income Statement": NaN,
        "Amortization": NaN,
        "Amortization Of Intangibles Income Statement": NaN,
        "Depreciation Income Statement": NaN,
        "Selling General And Administration": NaN,
        "General And Administrative Expense": NaN,
        "Salaries And Wages": NaN,
        "Gross Profit": NaN,
        "Cost Of Revenue": NaN,
        "Total Revenue": NaN,
        "Operating Revenue": NaN
    },
    "2022-12-31": {
        "Tax Effect Of Unusual Items": NaN,
        "Tax Rate For Calcs": NaN,
        "Normalized EBITDA": NaN,
        "Total Unusual Items": NaN,
        "Total Unusual Items Excluding Goodwill": NaN,
        "Net Income From Continuing Operation Net Minority Interest": NaN,
        "Reconciled Depreciation": NaN,
        "Reconciled Cost Of Revenue": NaN,
        "EBITDA": NaN,
        "EBIT": NaN,
        "Net Interest Income": NaN,
        "Interest Expense": NaN,
        "Normalized Income": NaN,
        "Net Income From Continuing And Discontinued Operation": NaN,
        "Total Expenses": NaN,
        "Total Operating Income As Reported": NaN,
        "Diluted Average Shares": NaN,
        "Basic Average Shares": NaN,
        "Diluted EPS": NaN,
        "Basic EPS": NaN,
        "Diluted NI Availto Com Stockholders": NaN,
        "Average Dilution Earnings": NaN,
        "Net Income Common Stockholders": NaN,
        "Net Income": NaN,
        "Net Income Including Noncontrolling Interests": NaN,
        "Net Income Continuous Operations": NaN,
        "Tax Provision": NaN,
        "Pretax Income": NaN,
        "Other Income Expense": NaN,
        "Special Income Charges": NaN,
        "Restructuring And Mergern Acquisition": NaN,
        "Gain On Sale Of Security": NaN,
        "Net Non Operating Interest Income Expense": NaN,
        "Total Other Finance Cost": 0.0,
        "Interest Expense Non Operating": NaN,
        "Operating Income": NaN,
        "Operating Expense": NaN,
        "Depreciation Amortization Depletion Income Statement": NaN,
        "Depreciation And Amortization In Income Statement": NaN,
        "Amortization": NaN,
        "Amortization Of Intangibles Income Statement": NaN,
        "Depreciation Income Statement": NaN,
        "Selling General And Administration": NaN,
        "General And Administrative Expense": NaN,
        "Salaries And Wages": NaN,
        "Gross Profit": NaN,
        "Cost Of Revenue": NaN,
        "Total Revenue": NaN,
        "Operating Revenue": NaN
    },
    "2022-09-30": {
        "Tax Effect Of Unusual Items": 1223529.411765,
        "Tax Rate For Calcs": 0.305882,
        "Normalized EBITDA": 151000000.0,
        "Total Unusual Items": 4000000.0,
        "Total Unusual Items Excluding Goodwill": 4000000.0,
        "Net Income From Continuing Operation Net Minority Interest": 59000000.0,
        "Reconciled Depreciation": 61000000.0,
        "Reconciled Cost Of Revenue": 111000000.0,
        "EBITDA": 155000000.0,
        "EBIT": 94000000.0,
        "Net Interest Income": -10000000.0,
        "Interest Expense": 9000000.0,
        "Normalized Income": 56223529.411765,
        "Net Income From Continuing And Discontinued Operation": 59000000.0,
        "Total Expenses": 524000000.0,
        "Total Operating Income As Reported": 84000000.0,
        "Diluted Average Shares": 269000000.0,
        "Basic Average Shares": 266000000.0,
        "Diluted EPS": 0.22,
        "Basic EPS": 0.22,
        "Diluted NI Availto Com Stockholders": 59000000.0,
        "Net Income Common Stockholders": 59000000.0,
        "Net Income": 59000000.0,
        "Net Income Including Noncontrolling Interests": 59000000.0,
        "Net Income Continuous Operations": 59000000.0,
        "Tax Provision": 26000000.0,
        "Pretax Income": 85000000.0,
        "Other Income Expense": 4000000.0,
        "Special Income Charges": -7000000.0,
        "Restructuring And Mergern Acquisition": 7000000.0,
        "Gain On Sale Of Security": 11000000.0,
        "Net Non Operating Interest Income Expense": -10000000.0,
        "Total Other Finance Cost": 1000000.0,
        "Interest Expense Non Operating": 9000000.0,
        "Operating Income": 91000000.0,
        "Operating Expense": 413000000.0,
        "Depreciation Amortization Depletion Income Statement": 61000000.0,
        "Depreciation And Amortization In Income Statement": 61000000.0,
        "Amortization": 32000000.0,
        "Amortization Of Intangibles Income Statement": 32000000.0,
        "Depreciation Income Statement": 29000000.0,
        "Selling General And Administration": 352000000.0,
        "General And Administrative Expense": 352000000.0,
        "Salaries And Wages": 352000000.0,
        "Gross Profit": 504000000.0,
        "Cost Of Revenue": 111000000.0,
        "Total Revenue": 615000000.0,
        "Operating Revenue": 567000000.0
    },
    "2022-06-30": {
        "Tax Effect Of Unusual Items": 2184000.0,
        "Tax Rate For Calcs": 0.273,
        "Normalized EBITDA": 143000000.0,
        "Total Unusual Items": 8000000.0,
        "Total Unusual Items Excluding Goodwill": 8000000.0,
        "Net Income From Continuing Operation Net Minority Interest": 56000000.0,
        "Reconciled Depreciation": 64000000.0,
        "Reconciled Cost Of Revenue": 118000000.0,
        "EBITDA": 151000000.0,
        "EBIT": 87000000.0,
        "Net Interest Income": -10000000.0,
        "Interest Expense": 10000000.0,
        "Normalized Income": 50184000.0,
        "Net Income From Continuing And Discontinued Operation": 56000000.0,
        "Total Expenses": 545000000.0,
        "Total Operating Income As Reported": 73000000.0,
        "Diluted Average Shares": 269000000.0,
        "Basic Average Shares": 266000000.0,
        "Diluted EPS": 0.21,
        "Basic EPS": 0.21,
        "Diluted NI Availto Com Stockholders": 56000000.0,
        "Net Income Common Stockholders": 56000000.0,
        "Net Income": 56000000.0,
        "Net Income Including Noncontrolling Interests": 56000000.0,
        "Net Income Continuous Operations": 56000000.0,
        "Tax Provision": 21000000.0,
        "Pretax Income": 77000000.0,
        "Other Income Expense": 8000000.0,
        "Special Income Charges": -6000000.0,
        "Restructuring And Mergern Acquisition": 6000000.0,
        "Gain On Sale Of Security": 14000000.0,
        "Net Non Operating Interest Income Expense": -10000000.0,
        "Total Other Finance Cost": NaN,
        "Interest Expense Non Operating": 10000000.0,
        "Operating Income": 79000000.0,
        "Operating Expense": 427000000.0,
        "Depreciation Amortization Depletion Income Statement": 64000000.0,
        "Depreciation And Amortization In Income Statement": 64000000.0,
        "Amortization": 34000000.0,
        "Amortization Of Intangibles Income Statement": 34000000.0,
        "Depreciation Income Statement": 30000000.0,
        "Selling General And Administration": 363000000.0,
        "General And Administrative Expense": 363000000.0,
        "Salaries And Wages": 363000000.0,
        "Gross Profit": 506000000.0,
        "Cost Of Revenue": 118000000.0,
        "Total Revenue": 624000000.0,
        "Operating Revenue": 576000000.0
    },
    "2022-03-31": {
        "Diluted EPS": 0.13,
        "Total Revenue": 599,
        "Gross Profit": 484,
        "Operating Income": 66,
        "EBIT": 131,
        "Net Income": 34
    },
    "2021-12-31": {
        "Diluted EPS": 0.13,
        "Total Revenue": 600,
        "Gross Profit": 475,
        "Operating Income": 63,
        "EBIT": 129,
        "Net Income": 36
    },
    "2021-09-30": {
        "Diluted EPS": 0.09,
        "Total Revenue": 556,
        "Gross Profit": 446,
        "Operating Income": 47,
        "EBIT": 110,
        "Net Income": 23
    },
    "2021-06-30": {
        "Diluted EPS": 0.06,
        "Total Revenue": 533,
        "Gross Profit": 430,
        "Operating Income": 40,
        "EBIT": 105,
        "Net Income": 16
    },
    "2021-03-31": {
        "Diluted EPS": 0.01,
        "Total Revenue": 505,
        "Gross Profit": 411,
        "Operating Income": 35,
        "EBIT": 98,
        "Net Income": 3
    },
    "2020-12-31": {
        "Diluted EPS": 0.09,
        "Total Revenue": 442,
        "Gross Profit": 387,
        "Operating Income": 41,
        "EBIT": 92,
        "Net Income": 21
    },
    "2020-09-30": {
        "Diluted EPS": 0.12,
        "Total Revenue": 427,
        "Gross Profit": 360,
        "Operating Income": 50,
        "EBIT": 98,
        "Net Income": 28
    },
    "2020-06-30": {
        "Diluted EPS": 0.19,
        "Total Revenue": 391,
        "Gross Profit": 317,
        "Operating Income": 17,
        "EBIT": 67,
        "Net Income": 43
    },
    "2020-03-31": {
        "Diluted EPS": 0.05,
        "Total Revenue": 322,
        "Gross Profit": 274,
        "Operating Income": 13,
        "EBIT": 47,
        "Net Income": 11
    },
    "2019-12-31": {
        "Diluted EPS": 0.0,
        "Total Revenue": NaN,
        "Gross Profit": NaN,
        "Operating Income": NaN,
        "EBIT": NaN,
        "Net Income": NaN
    },
    "2023-06-30": {
        "Tax Effect Of Unusual Items": -7200000.0,
        "Tax Rate For Calcs": 0.4,
        "Normalized EBITDA": 117000000.0,
        "Total Unusual Items": -18000000.0,
        "Total Unusual Items Excluding Goodwill": -18000000.0,
        "Net Income From Continuing Operation Net Minority Interest": -7000000.0,
        "Reconciled Depreciation": 81000000.0,
        "Reconciled Cost Of Revenue": 120000000.0,
        "EBITDA": 99000000.0,
        "EBIT": 18000000.0,
        "Net Interest Income": -36000000.0,
        "Interest Expense": 35000000.0,
        "Normalized Income": 3800000.0,
        "Net Income From Continuing And Discontinued Operation": -7000000.0,
        "Total Expenses": 630000000.0,
        "Total Operating Income As Reported": 16000000.0,
        "Diluted Average Shares": 273000000.0,
        "Basic Average Shares": 273000000.0,
        "Diluted EPS": -0.03,
        "Basic EPS": -0.03,
        "Diluted NI Availto Com Stockholders": -7000000.0,
        "Average Dilution Earnings": 0.0,
        "Net Income Common Stockholders": -7000000.0,
        "Net Income": -7000000.0,
        "Net Income Including Noncontrolling Interests": -7000000.0,
        "Net Income Continuous Operations": -7000000.0,
        "Tax Provision": -10000000.0,
        "Pretax Income": -17000000.0,
        "Other Income Expense": -18000000.0,
        "Special Income Charges": -21000000.0,
        "Restructuring And Mergern Acquisition": 21000000.0,
        "Gain On Sale Of Security": 3000000.0,
        "Net Non Operating Interest Income Expense": -36000000.0,
        "Total Other Finance Cost": 1000000.0,
        "Interest Expense Non Operating": 35000000.0,
        "Operating Income": 37000000.0,
        "Operating Expense": 510000000.0,
        "Depreciation Amortization Depletion Income Statement": 81000000.0,
        "Depreciation And Amortization In Income Statement": 81000000.0,
        "Amortization": 48000000.0,
        "Amortization Of Intangibles Income Statement": 48000000.0,
        "Depreciation Income Statement": 33000000.0,
        "Selling General And Administration": 429000000.0,
        "General And Administrative Expense": 429000000.0,
        "Salaries And Wages": 429000000.0,
        "Gross Profit": 547000000.0,
        "Cost Of Revenue": 120000000.0,
        "Total Revenue": 667000000.0,
        "Operating Revenue": 594000000.0
    },
    "2023-09-30": {
        "Tax Effect Of Unusual Items": -2250000.0,
        "Tax Rate For Calcs": 0.25,
        "Normalized EBITDA": 139000000.0,
        "Total Unusual Items": -9000000.0,
        "Total Unusual Items Excluding Goodwill": -9000000.0,
        "Net Income From Continuing Operation Net Minority Interest": 9000000.0,
        "Reconciled Depreciation": 80000000.0,
        "Reconciled Cost Of Revenue": 116000000.0,
        "EBITDA": 130000000.0,
        "EBIT": 50000000.0,
        "Net Interest Income": -38000000.0,
        "Interest Expense": 38000000.0,
        "Normalized Income": 15750000.0,
        "Net Income From Continuing And Discontinued Operation": 9000000.0,
        "Total Expenses": 604000000.0,
        "Total Operating Income As Reported": 48000000.0,
        "Diluted Average Shares": 276000000.0,
        "Basic Average Shares": 274000000.0,
        "Diluted EPS": 0.03,
        "Basic EPS": 0.03,
        "Diluted NI Availto Com Stockholders": 9000000.0,
        "Average Dilution Earnings": NaN,
        "Net Income Common Stockholders": 9000000.0,
        "Net Income": 9000000.0,
        "Net Income Including Noncontrolling Interests": 9000000.0,
        "Net Income Continuous Operations": 9000000.0,
        "Tax Provision": 3000000.0,
        "Pretax Income": 12000000.0,
        "Other Income Expense": -9000000.0,
        "Special Income Charges": -11000000.0,
        "Restructuring And Mergern Acquisition": 11000000.0,
        "Gain On Sale Of Security": 2000000.0,
        "Net Non Operating Interest Income Expense": -38000000.0,
        "Total Other Finance Cost": 1000000.0,
        "Interest Expense Non Operating": 38000000.0,
        "Operating Income": 59000000.0,
        "Operating Expense": 488000000.0,
        "Depreciation Amortization Depletion Income Statement": 80000000.0,
        "Depreciation And Amortization In Income Statement": 80000000.0,
        "Amortization": 44000000.0,
        "Amortization Of Intangibles Income Statement": 44000000.0,
        "Depreciation Income Statement": 36000000.0,
        "Selling General And Administration": 408000000.0,
        "General And Administrative Expense": 408000000.0,
        "Salaries And Wages": 408000000.0,
        "Gross Profit": 547000000.0,
        "Cost Of Revenue": 116000000.0,
        "Total Revenue": 663000000.0,
        "Operating Revenue": 663000000.0
    },
    "2023-12-31": {
        "Tax Effect Of Unusual Items": 2423076.923077,
        "Tax Rate For Calcs": 0.269231,
        "Normalized EBITDA": 161000000.0,
        "Total Unusual Items": 9000000.0,
        "Total Unusual Items Excluding Goodwill": 9000000.0,
        "Net Income From Continuing Operation Net Minority Interest": 38000000.0,
        "Reconciled Depreciation": 84000000.0,
        "Reconciled Cost Of Revenue": 122000000.0,
        "EBITDA": 170000000.0,
        "EBIT": 86000000.0,
        "Net Interest Income": -37000000.0,
        "Interest Expense": 34000000.0,
        "Normalized Income": 31423076.923077,
        "Net Income From Continuing And Discontinued Operation": 38000000.0,
        "Total Expenses": 612000000.0,
        "Total Operating Income As Reported": 73000000.0,
        "Diluted Average Shares": 294000000.0,
        "Basic Average Shares": 274000000.0,
        "Diluted EPS": 0.1,
        "Basic EPS": 0.14,
        "Diluted NI Availto Com Stockholders": 38000000.0,
        "Average Dilution Earnings": NaN,
        "Net Income Common Stockholders": 38000000.0,
        "Net Income": 38000000.0,
        "Net Income Including Noncontrolling Interests": 38000000.0,
        "Net Income Continuous Operations": 38000000.0,
        "Tax Provision": 14000000.0,
        "Pretax Income": 52000000.0,
        "Other Income Expense": 9000000.0,
        "Special Income Charges": 13000000.0,
        "Restructuring And Mergern Acquisition": -13000000.0,
        "Gain On Sale Of Security": NaN,
        "Net Non Operating Interest Income Expense": -37000000.0,
        "Total Other Finance Cost": 0.0,
        "Interest Expense Non Operating": 34000000.0,
        "Operating Income": 80000000.0,
        "Operating Expense": 490000000.0,
        "Depreciation Amortization Depletion Income Statement": 84000000.0,
        "Depreciation And Amortization In Income Statement": 84000000.0,
        "Amortization": 45000000.0,
        "Amortization Of Intangibles Income Statement": 45000000.0,
        "Depreciation Income Statement": 39000000.0,
        "Selling General And Administration": 406000000.0,
        "General And Administrative Expense": 406000000.0,
        "Salaries And Wages": 406000000.0,
        "Gross Profit": 570000000.0,
        "Cost Of Revenue": 122000000.0,
        "Total Revenue": 692000000.0,
        "Operating Revenue": 405000000.0
    },
    "2024-03-31": {
        "Tax Effect Of Unusual Items": 6567567.567568,
        "Tax Rate For Calcs": 0.243243,
        "Normalized EBITDA": 124000000.0,
        "Total Unusual Items": 27000000.0,
        "Total Unusual Items Excluding Goodwill": 27000000.0,
        "Net Income From Continuing Operation Net Minority Interest": 28000000.0,
        "Reconciled Depreciation": 79000000.0,
        "Reconciled Cost Of Revenue": 116000000.0,
        "EBITDA": 151000000.0,
        "EBIT": 72000000.0,
        "Net Interest Income": -35000000.0,
        "Interest Expense": 35000000.0,
        "Normalized Income": 7567567.567568,
        "Net Income From Continuing And Discontinued Operation": 28000000.0,
        "Total Expenses": 612000000.0,
        "Total Operating Income As Reported": 38000000.0,
        "Diluted Average Shares": 289000000.0,
        "Basic Average Shares": 274000000.0,
        "Diluted EPS": 0.05,
        "Basic EPS": 0.1,
        "Diluted NI Availto Com Stockholders": 28000000.0,
        "Average Dilution Earnings": NaN,
        "Net Income Common Stockholders": 28000000.0,
        "Net Income": 28000000.0,
        "Net Income Including Noncontrolling Interests": 28000000.0,
        "Net Income Continuous Operations": 28000000.0,
        "Tax Provision": 9000000.0,
        "Pretax Income": 37000000.0,
        "Other Income Expense": 27000000.0,
        "Special Income Charges": 22000000.0,
        "Restructuring And Mergern Acquisition": -22000000.0,
        "Gain On Sale Of Security": 5000000.0,
        "Net Non Operating Interest Income Expense": -35000000.0,
        "Total Other Finance Cost": NaN,
        "Interest Expense Non Operating": 35000000.0,
        "Operating Income": 45000000.0,
        "Operating Expense": 496000000.0,
        "Depreciation Amortization Depletion Income Statement": 79000000.0,
        "Depreciation And Amortization In Income Statement": 79000000.0,
        "Amortization": 45000000.0,
        "Amortization Of Intangibles Income Statement": 45000000.0,
        "Depreciation Income Statement": 34000000.0,
        "Selling General And Administration": 417000000.0,
        "General And Administrative Expense": 417000000.0,
        "Salaries And Wages": 417000000.0,
        "Gross Profit": 541000000.0,
        "Cost Of Revenue": 116000000.0,
        "Total Revenue": 657000000.0,
        "Operating Revenue": 657000000.0
    },
    "2024-06-30": {
        "Tax Effect Of Unusual Items": 2550000.0,
        "Tax Rate For Calcs": 0.15,
        "Normalized EBITDA": 99000000.0,
        "Total Unusual Items": 17000000.0,
        "Total Unusual Items Excluding Goodwill": 17000000.0,
        "Net Income From Continuing Operation Net Minority Interest": -3000000.0,
        "Reconciled Depreciation": 79000000.0,
        "Reconciled Cost Of Revenue": 117000000.0,
        "EBITDA": 116000000.0,
        "EBIT": 37000000.0,
        "Net Interest Income": -36000000.0,
        "Interest Expense": 36000000.0,
        "Normalized Income": -17450000.0,
        "Net Income From Continuing And Discontinued Operation": -3000000.0,
        "Total Expenses": 632000000.0,
        "Total Operating Income As Reported": 11000000.0,
        "Diluted Average Shares": NaN,
        "Basic Average Shares": NaN,
        "Diluted EPS": NaN,
        "Basic EPS": NaN,
        "Diluted NI Availto Com Stockholders": -24000000.0,
        "Average Dilution Earnings": -21000000.0,
        "Net Income Common Stockholders": -3000000.0,
        "Net Income": -3000000.0,
        "Net Income Including Noncontrolling Interests": -3000000.0,
        "Net Income Continuous Operations": -3000000.0,
        "Tax Provision": 4000000.0,
        "Pretax Income": 1000000.0,
        "Other Income Expense": 17000000.0,
        "Special Income Charges": 22000000.0,
        "Restructuring And Mergern Acquisition": -22000000.0,
        "Gain On Sale Of Security": -5000000.0,
        "Net Non Operating Interest Income Expense": -36000000.0,
        "Total Other Finance Cost": NaN,
        "Interest Expense Non Operating": 36000000.0,
        "Operating Income": 20000000.0,
        "Operating Expense": 515000000.0,
        "Depreciation Amortization Depletion Income Statement": 79000000.0,
        "Depreciation And Amortization In Income Statement": 79000000.0,
        "Amortization": 44000000.0,
        "Amortization Of Intangibles Income Statement": 44000000.0,
        "Depreciation Income Statement": 35000000.0,
        "Selling General And Administration": 436000000.0,
        "General And Administrative Expense": 436000000.0,
        "Salaries And Wages": 436000000.0,
        "Gross Profit": 535000000.0,
        "Cost Of Revenue": 117000000.0,
        "Total Revenue": 652000000.0,
        "Operating Revenue": 584000000.0
    }
}