{
    "2023-03-31": {
        "Tax Effect Of Unusual Items": -7311700.0,
        "Tax Rate For Calcs": 0.253,
        "Normalized EBITDA": 266800000.0,
        "Total Unusual Items": -28900000.0,
        "Total Unusual Items Excluding Goodwill": -28900000.0,
        "Net Income From Continuing Operation Net Minority Interest": 122300000.0,
        "Reconciled Depreciation": 45600000.0,
        "Reconciled Cost Of Revenue": 813900000.0,
        "EBITDA": 237900000.0,
        "EBIT": 192300000.0,
        "Net Interest Income": -22600000.0,
        "Interest Expense": 24100000.0,
        "Interest Income": 1500000.0,
        "Normalized Income": 143888300.0,
        "Net Income From Continuing And Discontinued Operation": 122300000.0,
        "Total Expenses": 1046200000.0,
        "Total Operating Income As Reported": 187600000.0,
        "Diluted Average Shares": 73360854.0,
        "Basic Average Shares": 72499928.0,
        "Diluted EPS": 1.67,
        "Basic EPS": 1.69,
        "Diluted NI Availto Com Stockholders": 122300000.0,
        "Net Income Common Stockholders": 122300000.0,
        "Otherunder Preferred Stock Dividend": NaN,
        "Net Income": 122300000.0,
        "Minority Interests": -3400000.0,
        "Net Income Including Noncontrolling Interests": 125700000.0,
        "Net Income Continuous Operations": 125700000.0,
        "Tax Provision": 42500000.0,
        "Pretax Income": 168200000.0,
        "Other Income Expense": -25800000.0,
        "Other Non Operating Income Expenses": 3100000.0,
        "Special Income Charges": -28900000.0,
        "Write Off": 28300000.0,
        "Restructuring And Mergern Acquisition": 600000.0,
        "Net Non Operating Interest Income Expense": -22600000.0,
        "Interest Expense Non Operating": 24100000.0,
        "Interest Income Non Operating": 1500000.0,
        "Operating Income": 216600000.0,
        "Operating Expense": 200200000.0,
        "Depreciation Amortization Depletion Income Statement": 13500000.0,
        "Depreciation And Amortization In Income Statement": 13500000.0,
        "Amortization": 13500000.0,
        "Amortization Of Intangibles Income Statement": 13500000.0,
        "Selling General And Administration": 186700000.0,
        "General And Administrative Expense": 186700000.0,
        "Other Gand A": 186800000.0,
        "Salaries And Wages": -100000.0,
        "Gross Profit": 416800000.0,
        "Cost Of Revenue": 846000000.0,
        "Total Revenue": 1262800000.0,
        "Operating Revenue": 1262800000.0
    },
    "2022-12-31": {
        "Tax Effect Of Unusual Items": NaN,
        "Tax Rate For Calcs": NaN,
        "Normalized EBITDA": NaN,
        "Total Unusual Items": NaN,
        "Total Unusual Items Excluding Goodwill": NaN,
        "Net Income From Continuing Operation Net Minority Interest": NaN,
        "Reconciled Depreciation": NaN,
        "Reconciled Cost Of Revenue": NaN,
        "EBITDA": NaN,
        "EBIT": NaN,
        "Net Interest Income": NaN,
        "Interest Expense": NaN,
        "Interest Income": NaN,
        "Normalized Income": NaN,
        "Net Income From Continuing And Discontinued Operation": NaN,
        "Total Expenses": NaN,
        "Total Operating Income As Reported": NaN,
        "Diluted Average Shares": NaN,
        "Basic Average Shares": NaN,
        "Diluted EPS": NaN,
        "Basic EPS": NaN,
        "Diluted NI Availto Com Stockholders": NaN,
        "Net Income Common Stockholders": NaN,
        "Otherunder Preferred Stock Dividend": 0.0,
        "Net Income": NaN,
        "Minority Interests": NaN,
        "Net Income Including Noncontrolling Interests": NaN,
        "Net Income Continuous Operations": NaN,
        "Tax Provision": NaN,
        "Pretax Income": NaN,
        "Other Income Expense": NaN,
        "Other Non Operating Income Expenses": NaN,
        "Special Income Charges": NaN,
        "Write Off": 0.0,
        "Restructuring And Mergern Acquisition": NaN,
        "Net Non Operating Interest Income Expense": NaN,
        "Interest Expense Non Operating": NaN,
        "Interest Income Non Operating": NaN,
        "Operating Income": NaN,
        "Operating Expense": NaN,
        "Depreciation Amortization Depletion Income Statement": NaN,
        "Depreciation And Amortization In Income Statement": NaN,
        "Amortization": NaN,
        "Amortization Of Intangibles Income Statement": NaN,
        "Selling General And Administration": NaN,
        "General And Administrative Expense": NaN,
        "Other Gand A": NaN,
        "Salaries And Wages": NaN,
        "Gross Profit": NaN,
        "Cost Of Revenue": NaN,
        "Total Revenue": NaN,
        "Operating Revenue": NaN
    },
    "2022-09-30": {
        "Tax Effect Of Unusual Items": NaN,
        "Tax Rate For Calcs": NaN,
        "Normalized EBITDA": NaN,
        "Total Unusual Items": NaN,
        "Total Unusual Items Excluding Goodwill": NaN,
        "Net Income From Continuing Operation Net Minority Interest": NaN,
        "Reconciled Depreciation": NaN,
        "Reconciled Cost Of Revenue": NaN,
        "EBITDA": NaN,
        "EBIT": NaN,
        "Net Interest Income": NaN,
        "Interest Expense": NaN,
        "Interest Income": NaN,
        "Normalized Income": NaN,
        "Net Income From Continuing And Discontinued Operation": NaN,
        "Total Expenses": NaN,
        "Total Operating Income As Reported": NaN,
        "Diluted Average Shares": NaN,
        "Basic Average Shares": NaN,
        "Diluted EPS": NaN,
        "Basic EPS": NaN,
        "Diluted NI Availto Com Stockholders": NaN,
        "Net Income Common Stockholders": NaN,
        "Otherunder Preferred Stock Dividend": 0.0,
        "Net Income": NaN,
        "Minority Interests": NaN,
        "Net Income Including Noncontrolling Interests": NaN,
        "Net Income Continuous Operations": NaN,
        "Tax Provision": NaN,
        "Pretax Income": NaN,
        "Other Income Expense": NaN,
        "Other Non Operating Income Expenses": NaN,
        "Special Income Charges": NaN,
        "Write Off": 29500000.0,
        "Restructuring And Mergern Acquisition": NaN,
        "Net Non Operating Interest Income Expense": NaN,
        "Interest Expense Non Operating": NaN,
        "Interest Income Non Operating": NaN,
        "Operating Income": NaN,
        "Operating Expense": NaN,
        "Depreciation Amortization Depletion Income Statement": NaN,
        "Depreciation And Amortization In Income Statement": NaN,
        "Amortization": NaN,
        "Amortization Of Intangibles Income Statement": NaN,
        "Selling General And Administration": NaN,
        "General And Administrative Expense": 158500000.0,
        "Other Gand A": 159800000.0,
        "Salaries And Wages": -1300000.0,
        "Gross Profit": NaN,
        "Cost Of Revenue": NaN,
        "Total Revenue": NaN,
        "Operating Revenue": NaN
    },
    "2022-06-30": {
        "Tax Effect Of Unusual Items": -2941176.470588,
        "Tax Rate For Calcs": 0.294118,
        "Normalized EBITDA": 217600000.0,
        "Total Unusual Items": -10000000.0,
        "Total Unusual Items Excluding Goodwill": -10000000.0,
        "Net Income From Continuing Operation Net Minority Interest": 105000000.0,
        "Reconciled Depreciation": 40700000.0,
        "Reconciled Cost Of Revenue": 811900000.0,
        "EBITDA": 207600000.0,
        "EBIT": 166900000.0,
        "Net Interest Income": -17300000.0,
        "Interest Expense": 17300000.0,
        "Interest Income": 1000000.0,
        "Normalized Income": 112058823.529412,
        "Net Income From Continuing And Discontinued Operation": 105000000.0,
        "Total Expenses": 967800000.0,
        "Total Operating Income As Reported": 175900000.0,
        "Diluted Average Shares": 74182793.0,
        "Basic Average Shares": 73660410.0,
        "Diluted EPS": 1.42,
        "Basic EPS": 1.43,
        "Diluted NI Availto Com Stockholders": 105000000.0,
        "Net Income Common Stockholders": 105000000.0,
        "Otherunder Preferred Stock Dividend": 0.0,
        "Net Income": 105000000.0,
        "Minority Interests": -600000.0,
        "Net Income Including Noncontrolling Interests": 105600000.0,
        "Net Income Continuous Operations": 105600000.0,
        "Tax Provision": 44000000.0,
        "Pretax Income": 149600000.0,
        "Other Income Expense": -19000000.0,
        "Other Non Operating Income Expenses": -9000000.0,
        "Special Income Charges": -10000000.0,
        "Write Off": 10000000.0,
        "Restructuring And Mergern Acquisition": 1200000.0,
        "Net Non Operating Interest Income Expense": -17300000.0,
        "Interest Expense Non Operating": 17300000.0,
        "Interest Income Non Operating": 1000000.0,
        "Operating Income": 185900000.0,
        "Operating Expense": 155900000.0,
        "Depreciation Amortization Depletion Income Statement": NaN,
        "Depreciation And Amortization In Income Statement": NaN,
        "Amortization": NaN,
        "Amortization Of Intangibles Income Statement": NaN,
        "Selling General And Administration": 155900000.0,
        "Gross Profit": 341800000.0,
        "Cost Of Revenue": 811900000.0,
        "Total Revenue": 1153700000.0,
        "Operating Revenue": 1153700000.0
    },
    "2023-06-30": {
        "Tax Effect Of Unusual Items": -667500.0,
        "Tax Rate For Calcs": 0.267,
        "Normalized EBITDA": 258600000.0,
        "Total Unusual Items": -2500000.0,
        "Total Unusual Items Excluding Goodwill": -2500000.0,
        "Net Income From Continuing Operation Net Minority Interest": 125200000.0,
        "Reconciled Depreciation": 51200000.0,
        "Reconciled Cost Of Revenue": 833000000.0,
        "EBITDA": 256100000.0,
        "EBIT": 204900000.0,
        "Net Interest Income": -26400000.0,
        "Interest Expense": 28300000.0,
        "Interest Income": 1900000.0,
        "Normalized Income": 127032500.0,
        "Net Income From Continuing And Discontinued Operation": 125200000.0,
        "Total Expenses": 1069100000.0,
        "Total Operating Income As Reported": 200700000.0,
        "Diluted Average Shares": 72512991.0,
        "Basic Average Shares": 71882843.0,
        "Diluted EPS": 1.73,
        "Basic EPS": 1.74,
        "Diluted NI Availto Com Stockholders": 125200000.0,
        "Net Income Common Stockholders": 125200000.0,
        "Otherunder Preferred Stock Dividend": NaN,
        "Net Income": 125200000.0,
        "Minority Interests": -4300000.0,
        "Net Income Including Noncontrolling Interests": 129500000.0,
        "Net Income Continuous Operations": 129500000.0,
        "Tax Provision": 47100000.0,
        "Pretax Income": 176600000.0,
        "Other Income Expense": -200000.0,
        "Other Non Operating Income Expenses": 2300000.0,
        "Special Income Charges": -2500000.0,
        "Write Off": NaN,
        "Restructuring And Mergern Acquisition": 2500000.0,
        "Net Non Operating Interest Income Expense": -26400000.0,
        "Interest Expense Non Operating": 28300000.0,
        "Interest Income Non Operating": 1900000.0,
        "Operating Income": 203200000.0,
        "Operating Expense": 202200000.0,
        "Depreciation Amortization Depletion Income Statement": 17300000.0,
        "Depreciation And Amortization In Income Statement": 17300000.0,
        "Amortization": 17300000.0,
        "Amortization Of Intangibles Income Statement": 17300000.0,
        "Selling General And Administration": 184900000.0,
        "General And Administrative Expense": NaN,
        "Other Gand A": NaN,
        "Salaries And Wages": NaN,
        "Gross Profit": 405400000.0,
        "Cost Of Revenue": 866900000.0,
        "Total Revenue": 1272300000.0,
        "Operating Revenue": 1272300000.0
    },
    "2022-03-31": {
        "Diluted EPS": 1.56,
        "Total Revenue": NaN,
        "Gross Profit": 338,
        "Operating Income": 172,
        "EBIT": 214,
        "Net Income": 118
    },
    "2021-12-31": {
        "Diluted EPS": 0.82,
        "Total Revenue": NaN,
        "Gross Profit": 233,
        "Operating Income": 86,
        "EBIT": 127,
        "Net Income": 63
    },
    "2021-09-30": {
        "Diluted EPS": 1.14,
        "Total Revenue": NaN,
        "Gross Profit": 268,
        "Operating Income": 124,
        "EBIT": 166,
        "Net Income": 88
    },
    "2021-06-30": {
        "Diluted EPS": 1.36,
        "Total Revenue": NaN,
        "Gross Profit": 302,
        "Operating Income": 152,
        "EBIT": 194,
        "Net Income": 105
    },
    "2021-03-31": {
        "Diluted EPS": 1.47,
        "Total Revenue": NaN,
        "Gross Profit": 299,
        "Operating Income": 151,
        "EBIT": 194,
        "Net Income": 113
    },
    "2020-12-31": {
        "Diluted EPS": 0.68,
        "Total Revenue": 892,
        "Gross Profit": 237,
        "Operating Income": 99,
        "EBIT": 141,
        "Net Income": 53
    },
    "2020-09-30": {
        "Diluted EPS": 1.16,
        "Total Revenue": 895,
        "Gross Profit": 264,
        "Operating Income": 119,
        "EBIT": 160,
        "Net Income": 89
    },
    "2020-06-30": {
        "Diluted EPS": 0.82,
        "Total Revenue": 804,
        "Gross Profit": 230,
        "Operating Income": 115,
        "EBIT": 157,
        "Net Income": 62
    },
    "2020-03-31": {
        "Diluted EPS": 1.06,
        "Total Revenue": 923,
        "Gross Profit": 279,
        "Operating Income": 122,
        "EBIT": 164,
        "Net Income": 81
    },
    "2019-12-31": {
        "Diluted EPS": 1.48,
        "Total Revenue": 896,
        "Gross Profit": 256,
        "Operating Income": 94,
        "EBIT": 134,
        "Net Income": 114
    },
    "2019-09-30": {
        "Diluted EPS": 0.84,
        "Total Revenue": 914,
        "Gross Profit": 278,
        "Operating Income": 128,
        "EBIT": 167,
        "Net Income": 64
    },
    "2019-06-30": {
        "Diluted EPS": 1.2,
        "Total Revenue": NaN,
        "Gross Profit": 306,
        "Operating Income": 145,
        "EBIT": 187,
        "Net Income": 93
    },
    "2019-03-31": {
        "Diluted EPS": 1.19,
        "Total Revenue": 980,
        "Gross Profit": 303,
        "Operating Income": 150,
        "EBIT": 189,
        "Net Income": 92
    },
    "2018-12-31": {
        "Diluted EPS": 0.77,
        "Total Revenue": 910,
        "Gross Profit": 255,
        "Operating Income": 104,
        "EBIT": 145,
        "Net Income": 60
    },
    "2018-09-30": {
        "Diluted EPS": 0.91,
        "Total Revenue": 881,
        "Gross Profit": 253,
        "Operating Income": 109,
        "EBIT": 144,
        "Net Income": 72
    },
    "2018-06-30": {
        "Diluted EPS": 1.16,
        "Total Revenue": 906,
        "Gross Profit": 267,
        "Operating Income": 125,
        "EBIT": 160,
        "Net Income": 91
    },
    "2018-03-31": {
        "Diluted EPS": 1.02,
        "Total Revenue": 883,
        "Gross Profit": 265,
        "Operating Income": 116,
        "EBIT": 152,
        "Net Income": 80
    },
    "2017-12-31": {
        "Diluted EPS": 0.38,
        "Total Revenue": 778,
        "Gross Profit": 213,
        "Operating Income": 79,
        "EBIT": 115,
        "Net Income": 29
    },
    "2017-09-30": {
        "Diluted EPS": 0.68,
        "Total Revenue": 771,
        "Gross Profit": 216,
        "Operating Income": 81,
        "EBIT": 117,
        "Net Income": 54
    },
    "2017-06-30": {
        "Diluted EPS": 1.04,
        "Total Revenue": 751,
        "Gross Profit": 201,
        "Operating Income": 76,
        "EBIT": 110,
        "Net Income": 83
    },
    "2017-03-31": {
        "Diluted EPS": 0.48,
        "Total Revenue": 704,
        "Gross Profit": 182,
        "Operating Income": 63,
        "EBIT": 96,
        "Net Income": 38
    },
    "2016-12-31": {
        "Diluted EPS": -0.08,
        "Total Revenue": 655,
        "Gross Profit": 169,
        "Operating Income": 58,
        "EBIT": 92,
        "Net Income": -7
    },
    "2016-09-30": {
        "Diluted EPS": 0.43,
        "Total Revenue": 657,
        "Gross Profit": 170,
        "Operating Income": 57,
        "EBIT": 90,
        "Net Income": 34
    },
    "2016-06-30": {
        "Diluted EPS": 0.61,
        "Total Revenue": 674,
        "Gross Profit": 185,
        "Operating Income": 74,
        "EBIT": 106,
        "Net Income": 48
    },
    "2016-03-31": {
        "Diluted EPS": 0.82,
        "Total Revenue": 684,
        "Gross Profit": 183,
        "Operating Income": 55,
        "EBIT": 88,
        "Net Income": 66
    },
    "2015-12-31": {
        "Diluted EPS": 2.57,
        "Total Revenue": 714,
        "Gross Profit": 217,
        "Operating Income": 264,
        "EBIT": 297,
        "Net Income": 224
    },
    "2015-09-30": {
        "Diluted EPS": 0.75,
        "Total Revenue": 707,
        "Gross Profit": 195,
        "Operating Income": 67,
        "EBIT": 99,
        "Net Income": 63
    },
    "2015-06-30": {
        "Diluted EPS": 0.43,
        "Total Revenue": 728,
        "Gross Profit": 205,
        "Operating Income": 73,
        "EBIT": 105,
        "Net Income": 37
    },
    "2015-03-31": {
        "Diluted EPS": -1.54,
        "Total Revenue": 723,
        "Gross Profit": 203,
        "Operating Income": -147,
        "EBIT": -114,
        "Net Income": -135
    },
    "2014-12-31": {
        "Diluted EPS": 0.53,
        "Total Revenue": 762,
        "Gross Profit": 221,
        "Operating Income": 51,
        "EBIT": 84,
        "Net Income": 47
    },
    "2014-09-30": {
        "Diluted EPS": -0.24,
        "Total Revenue": 788,
        "Gross Profit": 226,
        "Operating Income": -6,
        "EBIT": 28,
        "Net Income": -22
    },
    "2014-06-30": {
        "Diluted EPS": 0.68,
        "Total Revenue": 789,
        "Gross Profit": 234,
        "Operating Income": 91,
        "EBIT": 126,
        "Net Income": 63
    },
    "2014-03-31": {
        "Diluted EPS": 0.9,
        "Total Revenue": 737,
        "Gross Profit": 218,
        "Operating Income": 72,
        "EBIT": 108,
        "Net Income": 84
    },
    "2013-12-31": {
        "Diluted EPS": 0.57,
        "Total Revenue": 423,
        "Gross Profit": 152,
        "Operating Income": 34,
        "EBIT": 70,
        "Net Income": 53
    },
    "2013-09-30": {
        "Diluted EPS": 0.54,
        "Total Revenue": 731,
        "Gross Profit": 202,
        "Operating Income": 59,
        "EBIT": 94,
        "Net Income": 52
    },
    "2013-06-30": {
        "Diluted EPS": 0.86,
        "Total Revenue": 791,
        "Gross Profit": 240,
        "Operating Income": 94,
        "EBIT": 117,
        "Net Income": 83
    },
    "2013-03-31": {
        "Diluted EPS": 0.77,
        "Total Revenue": NaN,
        "Gross Profit": 275,
        "Operating Income": 120,
        "EBIT": 168,
        "Net Income": 75
    },
    "2012-12-31": {
        "Diluted EPS": 0.78,
        "Total Revenue": NaN,
        "Gross Profit": 279,
        "Operating Income": 114,
        "EBIT": 115,
        "Net Income": 75
    },
    "2012-09-30": {
        "Diluted EPS": 0.83,
        "Total Revenue": NaN,
        "Gross Profit": 299,
        "Operating Income": 134,
        "EBIT": 183,
        "Net Income": 81
    },
    "2012-06-30": {
        "Diluted EPS": 1.86,
        "Total Revenue": NaN,
        "Gross Profit": 377,
        "Operating Income": 198,
        "EBIT": 248,
        "Net Income": 183
    },
    "2012-03-31": {
        "Diluted EPS": 1.58,
        "Total Revenue": NaN,
        "Gross Profit": 412,
        "Operating Income": 247,
        "EBIT": 297,
        "Net Income": 155
    },
    "2011-12-31": {
        "Diluted EPS": 1.12,
        "Total Revenue": NaN,
        "Gross Profit": 343,
        "Operating Income": 170,
        "EBIT": 219,
        "Net Income": 109
    },
    "2011-09-30": {
        "Diluted EPS": 1.12,
        "Total Revenue": NaN,
        "Gross Profit": 343,
        "Operating Income": 187,
        "EBIT": 236,
        "Net Income": 111
    },
    "2011-06-30": {
        "Diluted EPS": 1.22,
        "Total Revenue": NaN,
        "Gross Profit": 351,
        "Operating Income": 191,
        "EBIT": 237,
        "Net Income": 121
    },
    "2011-03-31": {
        "Diluted EPS": 1.13,
        "Total Revenue": NaN,
        "Gross Profit": 333,
        "Operating Income": 182,
        "EBIT": 229,
        "Net Income": 112
    },
    "2010-12-31": {
        "Diluted EPS": 0.92,
        "Total Revenue": NaN,
        "Gross Profit": 266,
        "Operating Income": 104,
        "EBIT": 151,
        "Net Income": 89
    },
    "2010-09-30": {
        "Diluted EPS": 0.72,
        "Total Revenue": NaN,
        "Gross Profit": 265,
        "Operating Income": 122,
        "EBIT": 169,
        "Net Income": 70
    },
    "2010-06-30": {
        "Diluted EPS": 0.88,
        "Total Revenue": NaN,
        "Gross Profit": 268,
        "Operating Income": 127,
        "EBIT": 174,
        "Net Income": 86
    },
    "2010-03-31": {
        "Diluted EPS": 0.29,
        "Total Revenue": 914,
        "Gross Profit": 223,
        "Operating Income": 84,
        "EBIT": 132,
        "Net Income": 29
    },
    "2009-12-31": {
        "Diluted EPS": -0.21,
        "Total Revenue": 775,
        "Gross Profit": 173,
        "Operating Income": -21,
        "EBIT": 30,
        "Net Income": -20
    },
    "2009-09-30": {
        "Diluted EPS": -0.52,
        "Total Revenue": 764,
        "Gross Profit": 130,
        "Operating Income": 3,
        "EBIT": 52,
        "Net Income": -50
    },
    "2009-06-30": {
        "Diluted EPS": -0.67,
        "Total Revenue": 737,
        "Gross Profit": 125,
        "Operating Income": -53,
        "EBIT": -2,
        "Net Income": -65
    },
    "2009-03-31": {
        "Diluted EPS": 0.01,
        "Total Revenue": 867,
        "Gross Profit": 155,
        "Operating Income": 17,
        "EBIT": 68,
        "Net Income": 1
    },
    "2023-09-30": {
        "Tax Effect Of Unusual Items": -2385200.0,
        "Tax Rate For Calcs": 0.268,
        "Normalized EBITDA": 212800000.0,
        "Total Unusual Items": -8900000.0,
        "Total Unusual Items Excluding Goodwill": -8900000.0,
        "Net Income From Continuing Operation Net Minority Interest": 87900000.0,
        "Reconciled Depreciation": 52200000.0,
        "Reconciled Cost Of Revenue": 752400000.0,
        "EBITDA": 203900000.0,
        "EBIT": 151700000.0,
        "Net Interest Income": -24900000.0,
        "Interest Expense": 27500000.0,
        "Interest Income": 2600000.0,
        "Normalized Income": 94414800.0,
        "Net Income From Continuing And Discontinued Operation": 87900000.0,
        "Total Expenses": 985100000.0,
        "Total Operating Income As Reported": 149600000.0,
        "Diluted Average Shares": 71535609.0,
        "Basic Average Shares": 70878673.0,
        "Diluted EPS": 1.23,
        "Basic EPS": 1.24,
        "Diluted NI Availto Com Stockholders": 87900000.0,
        "Net Income Common Stockholders": 87900000.0,
        "Otherunder Preferred Stock Dividend": NaN,
        "Net Income": 87900000.0,
        "Minority Interests": -3000000.0,
        "Net Income Including Noncontrolling Interests": 90900000.0,
        "Net Income Continuous Operations": 90900000.0,
        "Tax Provision": 33300000.0,
        "Pretax Income": 124200000.0,
        "Other Income Expense": -8500000.0,
        "Other Non Operating Income Expenses": 400000.0,
        "Special Income Charges": -8900000.0,
        "Write Off": 4900000.0,
        "Restructuring And Mergern Acquisition": 4000000.0,
        "Net Non Operating Interest Income Expense": -24900000.0,
        "Interest Expense Non Operating": 27500000.0,
        "Interest Income Non Operating": 2600000.0,
        "Operating Income": 157600000.0,
        "Operating Expense": 198000000.0,
        "Depreciation Amortization Depletion Income Statement": 17500000.0,
        "Depreciation And Amortization In Income Statement": 17500000.0,
        "Amortization": 17500000.0,
        "Amortization Of Intangibles Income Statement": 17500000.0,
        "Selling General And Administration": 180500000.0,
        "General And Administrative Expense": 180500000.0,
        "Other Gand A": 179600000.0,
        "Salaries And Wages": 900000.0,
        "Gross Profit": 355600000.0,
        "Cost Of Revenue": 787100000.0,
        "Total Revenue": 1142700000.0,
        "Operating Revenue": 1142700000.0
    },
    "2023-12-31": {
        "Tax Effect Of Unusual Items": -1092000.0,
        "Tax Rate For Calcs": 0.21,
        "Normalized EBITDA": 149800000.0,
        "Total Unusual Items": -5200000.0,
        "Total Unusual Items Excluding Goodwill": -5200000.0,
        "Net Income From Continuing Operation Net Minority Interest": 58700000.0,
        "Reconciled Depreciation": 52300000.0,
        "Reconciled Cost Of Revenue": 725000000.0,
        "EBITDA": 144600000.0,
        "EBIT": 92300000.0,
        "Net Interest Income": -27500000.0,
        "Interest Expense": 30800000.0,
        "Interest Income": 3300000.0,
        "Normalized Income": 62808000.0,
        "Net Income From Continuing And Discontinued Operation": 58700000.0,
        "Total Expenses": 966000000.0,
        "Total Operating Income As Reported": 119200000.0,
        "Diluted Average Shares": 70932017.0,
        "Basic Average Shares": 70263115.0,
        "Diluted EPS": 0.83,
        "Basic EPS": 0.84,
        "Diluted NI Availto Com Stockholders": 58700000.0,
        "Net Income Common Stockholders": 58700000.0,
        "Otherunder Preferred Stock Dividend": NaN,
        "Net Income": 58700000.0,
        "Minority Interests": -3200000.0,
        "Net Income Including Noncontrolling Interests": 61900000.0,
        "Net Income Continuous Operations": 61900000.0,
        "Tax Provision": -400000.0,
        "Pretax Income": 61500000.0,
        "Other Income Expense": -36200000.0,
        "Other Non Operating Income Expenses": -31000000.0,
        "Special Income Charges": -5200000.0,
        "Write Off": 0.0,
        "Restructuring And Mergern Acquisition": 5200000.0,
        "Net Non Operating Interest Income Expense": -27500000.0,
        "Interest Expense Non Operating": 30800000.0,
        "Interest Income Non Operating": 3300000.0,
        "Operating Income": 125200000.0,
        "Operating Expense": 206100000.0,
        "Depreciation Amortization Depletion Income Statement": 17400000.0,
        "Depreciation And Amortization In Income Statement": 17400000.0,
        "Amortization": 17400000.0,
        "Amortization Of Intangibles Income Statement": 17400000.0,
        "Selling General And Administration": 188700000.0,
        "General And Administrative Expense": NaN,
        "Other Gand A": NaN,
        "Salaries And Wages": NaN,
        "Gross Profit": 331300000.0,
        "Cost Of Revenue": 759900000.0,
        "Total Revenue": 1091200000.0,
        "Operating Revenue": 1091200000.0
    },
    "2024-03-31": {
        "Tax Effect Of Unusual Items": -641700.0,
        "Tax Rate For Calcs": 0.279,
        "Normalized EBITDA": 243100000.0,
        "Total Unusual Items": -2300000.0,
        "Total Unusual Items Excluding Goodwill": -2300000.0,
        "Net Income From Continuing Operation Net Minority Interest": 103500000.0,
        "Reconciled Depreciation": 55300000.0,
        "Reconciled Cost Of Revenue": 757400000.0,
        "EBITDA": 240800000.0,
        "EBIT": 185500000.0,
        "Net Interest Income": -29400000.0,
        "Interest Expense": 32200000.0,
        "Interest Income": 2800000.0,
        "Normalized Income": 105158300.0,
        "Net Income From Continuing And Discontinued Operation": 103500000.0,
        "Total Expenses": 1004400000.0,
        "Total Operating Income As Reported": 184600000.0,
        "Diluted Average Shares": 70880015.0,
        "Basic Average Shares": 70266660.0,
        "Diluted EPS": 1.46,
        "Basic EPS": 1.47,
        "Diluted NI Availto Com Stockholders": 103500000.0,
        "Net Income Common Stockholders": 103500000.0,
        "Otherunder Preferred Stock Dividend": NaN,
        "Net Income": 103500000.0,
        "Minority Interests": -7100000.0,
        "Net Income Including Noncontrolling Interests": 110600000.0,
        "Net Income Continuous Operations": 110600000.0,
        "Tax Provision": 42700000.0,
        "Pretax Income": 153300000.0,
        "Other Income Expense": -3200000.0,
        "Other Non Operating Income Expenses": -900000.0,
        "Special Income Charges": -2300000.0,
        "Write Off": NaN,
        "Restructuring And Mergern Acquisition": 2300000.0,
        "Net Non Operating Interest Income Expense": -29400000.0,
        "Interest Expense Non Operating": 32200000.0,
        "Interest Income Non Operating": 2800000.0,
        "Operating Income": 185900000.0,
        "Operating Expense": 211700000.0,
        "Depreciation Amortization Depletion Income Statement": 20000000.0,
        "Depreciation And Amortization In Income Statement": 20000000.0,
        "Amortization": 20000000.0,
        "Amortization Of Intangibles Income Statement": 20000000.0,
        "Selling General And Administration": 191700000.0,
        "General And Administrative Expense": 191700000.0,
        "Other Gand A": 190700000.0,
        "Salaries And Wages": 1000000.0,
        "Gross Profit": 397600000.0,
        "Cost Of Revenue": 792700000.0,
        "Total Revenue": 1190300000.0,
        "Operating Revenue": 1190300000.0
    }
}