{
    "2023-05-31": {
        "Tax Effect Of Unusual Items": 73069600.0,
        "Tax Rate For Calcs": 0.4,
        "Normalized EBITDA": -227316000.0,
        "Total Unusual Items": 182674000.0,
        "Total Unusual Items Excluding Goodwill": 182674000.0,
        "Net Income From Continuing Operation Net Minority Interest": -138713000.0,
        "Reconciled Depreciation": 28993000.0,
        "Reconciled Cost Of Revenue": 109649000.0,
        "EBITDA": -44642000.0,
        "EBIT": -73635000.0,
        "Net Interest Income": -5027000.0,
        "Interest Expense": 38052000.0,
        "Normalized Income": -248317400.0,
        "Net Income From Continuing And Discontinued Operation": -138713000.0,
        "Total Expenses": 203490000.0,
        "Rent Expense Supplemental": 768000.0,
        "Total Operating Income As Reported": -89980000.0,
        "Diluted Average Shares": 798793333.0,
        "Basic Average Shares": 798793333.0,
        "Diluted EPS": -0.15,
        "Basic EPS": -0.15,
        "Diluted NI Availto Com Stockholders": -138713000.0,
        "Net Income Common Stockholders": -138713000.0,
        "Net Income": -138713000.0,
        "Minority Interests": -18894000.0,
        "Net Income Including Noncontrolling Interests": -119819000.0,
        "Net Income Continuous Operations": -119819000.0,
        "Tax Provision": 8132000.0,
        "Pretax Income": -111687000.0,
        "Other Income Expense": -87358000.0,
        "Other Non Operating Income Expenses": -270032000.0,
        "Special Income Charges": 175652000.0,
        "Gain On Sale Of Ppe": 46000.0,
        "Other Special Charges": 1465000.0,
        "Write Off": NaN,
        "Impairment Of Capital Assets": -181376000.0,
        "Restructuring And Mergern Acquisition": 4305000.0,
        "Gain On Sale Of Security": 7022000.0,
        "Net Non Operating Interest Income Expense": -5027000.0,
        "Interest Expense Non Operating": 38052000.0,
        "Operating Income": -19302000.0,
        "Operating Expense": 86465000.0,
        "Depreciation Amortization Depletion Income Statement": 21617000.0,
        "Depreciation And Amortization In Income Statement": 21617000.0,
        "Amortization": 21617000.0,
        "Amortization Of Intangibles Income Statement": 21617000.0,
        "Research And Development": 180000.0,
        "Selling General And Administration": 64668000.0,
        "Selling And Marketing Expense": 16848000.0,
        "General And Administrative Expense": 47820000.0,
        "Other Gand A": 10661000.0,
        "Insurance And Claims": 3445000.0,
        "Rent And Landing Fees": 768000.0,
        "Salaries And Wages": 32946000.0,
        "Gross Profit": 67163000.0,
        "Cost Of Revenue": 117025000.0,
        "Total Revenue": 184188000.0,
        "Excise Taxes": NaN,
        "Operating Revenue": 184188000.0
    },
    "2023-02-28": {
        "Tax Effect Of Unusual Items": -10000902.789162,
        "Tax Rate For Calcs": 0.00896,
        "Normalized EBITDA": -55602000.0,
        "Total Unusual Items": -1116152000.0,
        "Total Unusual Items Excluding Goodwill": -1116152000.0,
        "Net Income From Continuing Operation Net Minority Interest": -1170998000.0,
        "Reconciled Depreciation": 33769000.0,
        "Reconciled Cost Of Revenue": 147037000.0,
        "EBITDA": -1171754000.0,
        "EBIT": -1205523000.0,
        "Net Interest Income": -1040000.0,
        "Interest Expense": 1040000.0,
        "Normalized Income": -64846902.789162,
        "Net Income From Continuing And Discontinued Operation": -1170998000.0,
        "Total Expenses": 233797000.0,
        "Rent Expense Supplemental": 782000.0,
        "Total Operating Income As Reported": -1206736000.0,
        "Diluted Average Shares": 629343158.0,
        "Basic Average Shares": 629343158.0,
        "Diluted EPS": -1.9,
        "Basic EPS": -1.9,
        "Diluted NI Availto Com Stockholders": -1170998000.0,
        "Net Income Common Stockholders": -1170998000.0,
        "Net Income": -1170998000.0,
        "Minority Interests": 24754000.0,
        "Net Income Including Noncontrolling Interests": -1195752000.0,
        "Net Income Continuous Operations": -1195752000.0,
        "Tax Provision": -10811000.0,
        "Pretax Income": -1206563000.0,
        "Other Income Expense": -1117315000.0,
        "Other Non Operating Income Expenses": -1163000.0,
        "Special Income Charges": -937152000.0,
        "Gain On Sale Of Ppe": 15000.0,
        "Other Special Charges": -5230000.0,
        "Write Off": 934000000.0,
        "Impairment Of Capital Assets": 1115376000.0,
        "Restructuring And Mergern Acquisition": 8397000.0,
        "Gain On Sale Of Security": -179000000.0,
        "Net Non Operating Interest Income Expense": -1040000.0,
        "Interest Expense Non Operating": 1040000.0,
        "Operating Income": -88208000.0,
        "Operating Expense": 76509000.0,
        "Depreciation Amortization Depletion Income Statement": 23518000.0,
        "Depreciation And Amortization In Income Statement": 23518000.0,
        "Amortization": 23518000.0,
        "Amortization Of Intangibles Income Statement": 23518000.0,
        "Research And Development": 171000.0,
        "Selling General And Administration": 52820000.0,
        "Selling And Marketing Expense": 13806000.0,
        "General And Administrative Expense": 39014000.0,
        "Other Gand A": 9068000.0,
        "Insurance And Claims": 3159000.0,
        "Rent And Landing Fees": 782000.0,
        "Salaries And Wages": 26005000.0,
        "Gross Profit": -11699000.0,
        "Cost Of Revenue": 157288000.0,
        "Total Revenue": 145589000.0,
        "Excise Taxes": NaN,
        "Operating Revenue": 145589000.0
    },
    "2022-11-30": {
        "Tax Effect Of Unusual Items": -4266458.812783,
        "Tax Rate For Calcs": 0.159691,
        "Normalized EBITDA": -10206000.0,
        "Total Unusual Items": -26717000.0,
        "Total Unusual Items Excluding Goodwill": -26717000.0,
        "Net Income From Continuing Operation Net Minority Interest": -69463000.0,
        "Reconciled Depreciation": 33318000.0,
        "Reconciled Cost Of Revenue": 91931000.0,
        "EBITDA": -36923000.0,
        "EBIT": -70241000.0,
        "Net Interest Income": -3107000.0,
        "Interest Expense": 3107000.0,
        "Normalized Income": -47012458.812783,
        "Net Income From Continuing And Discontinued Operation": -69463000.0,
        "Total Expenses": 181560000.0,
        "Rent Expense Supplemental": 740000.0,
        "Total Operating Income As Reported": -51791000.0,
        "Diluted Average Shares": 611711377.0,
        "Basic Average Shares": 611711377.0,
        "Diluted EPS": -0.11,
        "Basic EPS": -0.11,
        "Diluted NI Availto Com Stockholders": -69463000.0,
        "Net Income Common Stockholders": -69463000.0,
        "Net Income": -69463000.0,
        "Minority Interests": -7828000.0,
        "Net Income Including Noncontrolling Interests": -61635000.0,
        "Net Income Continuous Operations": -61635000.0,
        "Tax Provision": -11713000.0,
        "Pretax Income": -73348000.0,
        "Other Income Expense": -32817000.0,
        "Other Non Operating Income Expenses": -6100000.0,
        "Special Income Charges": -14367000.0,
        "Gain On Sale Of Ppe": 64000.0,
        "Other Special Charges": 2815000.0,
        "Impairment Of Capital Assets": NaN,
        "Restructuring And Mergern Acquisition": 11616000.0,
        "Gain On Sale Of Security": -12350000.0,
        "Net Non Operating Interest Income Expense": -3107000.0,
        "Interest Expense Non Operating": 3107000.0,
        "Operating Income": -37424000.0,
        "Operating Expense": 80306000.0,
        "Depreciation Amortization Depletion Income Statement": 23995000.0,
        "Depreciation And Amortization In Income Statement": 23995000.0,
        "Amortization": 23995000.0,
        "Amortization Of Intangibles Income Statement": 23995000.0,
        "Research And Development": 165000.0,
        "Selling General And Administration": 56146000.0,
        "Selling And Marketing Expense": 18204000.0,
        "General And Administrative Expense": 37942000.0,
        "Other Gand A": 10332000.0,
        "Insurance And Claims": 2726000.0,
        "Rent And Landing Fees": 740000.0,
        "Salaries And Wages": 24144000.0,
        "Gross Profit": 42882000.0,
        "Cost Of Revenue": 101254000.0,
        "Total Revenue": 144136000.0,
        "Excise Taxes": NaN,
        "Operating Revenue": 144136000.0
    },
    "2022-08-31": {
        "Tax Effect Of Unusual Items": -8333600.0,
        "Tax Rate For Calcs": 0.4,
        "Normalized EBITDA": 733000.0,
        "Total Unusual Items": -20834000.0,
        "Total Unusual Items Excluding Goodwill": -20834000.0,
        "Net Income From Continuing Operation Net Minority Interest": -73482000.0,
        "Reconciled Depreciation": 34069000.0,
        "Reconciled Cost Of Revenue": 94887000.0,
        "EBITDA": -20101000.0,
        "EBIT": -54170000.0,
        "Net Interest Income": -4413000.0,
        "Interest Expense": 4413000.0,
        "Normalized Income": -60981600.0,
        "Net Income From Continuing And Discontinued Operation": -73482000.0,
        "Total Expenses": 186472000.0,
        "Rent Expense Supplemental": 865000.0,
        "Total Operating Income As Reported": -21178000.0,
        "Diluted Average Shares": 575301374.0,
        "Basic Average Shares": 575301374.0,
        "Diluted EPS": -0.13,
        "Basic EPS": -0.13,
        "Diluted NI Availto Com Stockholders": -73482000.0,
        "Net Income Common Stockholders": -73482000.0,
        "Net Income": -73482000.0,
        "Minority Interests": -7688000.0,
        "Net Income Including Noncontrolling Interests": -65794000.0,
        "Net Income Continuous Operations": -65794000.0,
        "Tax Provision": 7211000.0,
        "Pretax Income": -58583000.0,
        "Other Income Expense": -20909000.0,
        "Other Non Operating Income Expenses": -75000.0,
        "Special Income Charges": 4199000.0,
        "Gain On Sale Of Ppe": -77000.0,
        "Other Special Charges": 8329000.0,
        "Impairment Of Capital Assets": NaN,
        "Restructuring And Mergern Acquisition": -12605000.0,
        "Gain On Sale Of Security": -25033000.0,
        "Net Non Operating Interest Income Expense": -4413000.0,
        "Interest Expense Non Operating": 4413000.0,
        "Operating Income": -33261000.0,
        "Operating Expense": 81875000.0,
        "Depreciation Amortization Depletion Income Statement": 24359000.0,
        "Depreciation And Amortization In Income Statement": 24359000.0,
        "Amortization": 24359000.0,
        "Amortization Of Intangibles Income Statement": 24359000.0,
        "Research And Development": 166000.0,
        "Selling General And Administration": 57350000.0,
        "Selling And Marketing Expense": 16919000.0,
        "General And Administrative Expense": 40431000.0,
        "Other Gand A": 9480000.0,
        "Insurance And Claims": 2703000.0,
        "Rent And Landing Fees": 865000.0,
        "Salaries And Wages": 27383000.0,
        "Gross Profit": 48614000.0,
        "Cost Of Revenue": 104597000.0,
        "Total Revenue": 153211000.0,
        "Excise Taxes": 18328000.0,
        "Operating Revenue": 171539000.0
    },
    "2022-05-31": {
        "Tax Effect Of Unusual Items": -3031636.986761,
        "Tax Rate For Calcs": 0.008239,
        "Normalized EBITDA": 299375000.0,
        "Total Unusual Items": -367976000.0,
        "Total Unusual Items Excluding Goodwill": -367976000.0,
        "Net Income From Continuing Operation Net Minority Interest": -457800000.0,
        "Reconciled Depreciation": 30846000.0,
        "Reconciled Cost Of Revenue": 160058000.0,
        "EBIT": -99447000.0,
        "Net Interest Income": -5522000.0,
        "Interest Expense": 17258000.0,
        "Normalized Income": -92855636.986761,
        "Net Income From Continuing And Discontinued Operation": -457800000.0,
        "Total Expenses": 252772000.0,
        "Rent Expense Supplemental": 584000.0,
        "Total Operating Income As Reported": -467423000.0,
        "Diluted Average Shares": 513967010.0,
        "Basic Average Shares": 513967010.0,
        "Diluted EPS": -0.9,
        "Basic EPS": -0.9,
        "Diluted NI Availto Com Stockholders": -457800000.0,
        "Net Income Common Stockholders": -457800000.0,
        "Net Income": -457800000.0,
        "Minority Interests": -20341000.0,
        "Net Income Including Noncontrolling Interests": -457800000.0,
        "Net Income Continuous Operations": -457800000.0,
        "Tax Provision": -3803000.0,
        "Pretax Income": -461603000.0,
        "Other Income Expense": -356634000.0,
        "Other Non Operating Income Expenses": 11342000.0,
        "Special Income Charges": -367976000.0,
        "Gain On Sale Of Ppe": 51000.0,
        "Other Special Charges": 4099000.0,
        "Impairment Of Capital Assets": 378241000.0,
        "Restructuring And Mergern Acquisition": -14364000.0,
        "Gain On Sale Of Security": -4723000.0,
        "Net Non Operating Interest Income Expense": -5522000.0,
        "Total Other Finance Cost": 5522000.0,
        "Interest Expense Non Operating": 17258000.0,
        "Operating Income": -99447000.0,
        "Operating Expense": 92714000.0,
        "Depreciation Amortization Depletion Income Statement": 30846000.0,
        "Depreciation And Amortization In Income Statement": 30846000.0,
        "Amortization": 30846000.0,
        "Amortization Of Intangibles Income Statement": 30846000.0,
        "Research And Development": 54000.0,
        "Selling General And Administration": 61814000.0,
        "Selling And Marketing Expense": 20414000.0,
        "General And Administrative Expense": 41400000.0,
        "Other Gand A": 41400000.0,
        "Insurance And Claims": 3075000.0,
        "Rent And Landing Fees": 584000.0,
        "Salaries And Wages": 27689000.0,
        "Gross Profit": -6733000.0,
        "Cost Of Revenue": 160058000.0,
        "Total Revenue": 153325000.0,
        "Excise Taxes": NaN,
        "Operating Revenue": 153325000.0
    },
    "2022-02-28": {
        "Diluted EPS": 0.09,
        "Total Revenue": 152,
        "Gross Profit": 40,
        "Operating Income": -18,
        "EBIT": 19,
        "Net Income": 43
    },
    "2021-11-30": {
        "Diluted EPS": 0.0,
        "Total Revenue": 155,
        "Gross Profit": 33,
        "Operating Income": -56,
        "EBIT": -18,
        "Net Income": 0
    },
    "2021-08-31": {
        "Diluted EPS": -0.08,
        "Total Revenue": 168,
        "Gross Profit": 51,
        "Operating Income": -69,
        "EBIT": -30,
        "Net Income": -42
    },
    "2021-05-31": {
        "Diluted EPS": 0.45,
        "Total Revenue": 290,
        "Gross Profit": 97,
        "Operating Income": 3,
        "EBIT": 27,
        "Net Income": 249
    },
    "2021-03-31": {
        "Diluted EPS": -2.01,
        "Total Revenue": 48,
        "Gross Profit": 14,
        "Operating Income": -73,
        "EBIT": -59,
        "Net Income": -341
    },
    "2021-02-28": {
        "Diluted EPS": -1.03,
        "Total Revenue": 124,
        "Gross Profit": 30,
        "Operating Income": -24,
        "EBIT": -4,
        "Net Income": -274
    },
    "2020-12-31": {
        "Diluted EPS": 0.0,
        "Total Revenue": NaN,
        "Gross Profit": NaN,
        "Operating Income": NaN,
        "EBIT": NaN,
        "Net Income": NaN
    },
    "2020-11-30": {
        "Diluted EPS": -0.41,
        "Total Revenue": 129,
        "Gross Profit": 35,
        "Operating Income": -26,
        "EBIT": -18,
        "Net Income": -100
    },
    "2020-09-30": {
        "Diluted EPS": -0.02,
        "Total Revenue": 51,
        "Gross Profit": 4,
        "Operating Income": -33,
        "EBIT": -24,
        "Net Income": -2
    },
    "2020-08-31": {
        "Diluted EPS": -0.09,
        "Total Revenue": 117,
        "Gross Profit": 35,
        "Operating Income": -8,
        "EBIT": 6,
        "Net Income": -34
    },
    "2020-06-30": {
        "Diluted EPS": -0.65,
        "Total Revenue": 50,
        "Gross Profit": -5,
        "Operating Income": -76,
        "EBIT": -61,
        "Net Income": -82
    },
    "2020-03-31": {
        "Diluted EPS": -1.73,
        "Total Revenue": 52,
        "Gross Profit": 11,
        "Operating Income": -71,
        "EBIT": -64,
        "Net Income": -184
    },
    "2019-12-31": {
        "Diluted EPS": 0.0,
        "Total Revenue": NaN,
        "Gross Profit": NaN,
        "Operating Income": NaN,
        "EBIT": NaN,
        "Net Income": NaN
    },
    "2019-09-30": {
        "Diluted EPS": -0.37,
        "Total Revenue": 51,
        "Gross Profit": 16,
        "Operating Income": -24,
        "EBIT": -13,
        "Net Income": -36
    },
    "2019-06-30": {
        "Diluted EPS": -0.37,
        "Total Revenue": 46,
        "Gross Profit": 12,
        "Operating Income": -33,
        "EBIT": -26,
        "Net Income": -36
    },
    "2019-03-31": {
        "Diluted EPS": -0.31,
        "Total Revenue": 23,
        "Gross Profit": 5,
        "Operating Income": -28,
        "EBIT": -23,
        "Net Income": -29
    },
    "2018-12-31": {
        "Diluted EPS": 0.0,
        "Total Revenue": 22,
        "Gross Profit": 4,
        "Operating Income": -52,
        "EBIT": -48,
        "Net Income": -58
    },
    "2018-09-30": {
        "Diluted EPS": -0.2,
        "Total Revenue": 10,
        "Gross Profit": 3,
        "Operating Income": -20,
        "EBIT": -23,
        "Net Income": -19
    },
    "2018-06-30": {
        "Diluted EPS": -0.17,
        "Total Revenue": 10,
        "Gross Profit": 4,
        "Operating Income": -11,
        "EBIT": -6,
        "Net Income": -13
    },
    "2018-03-31": {
        "Diluted EPS": -0.07,
        "Total Revenue": 8,
        "Gross Profit": 4,
        "Operating Income": -4,
        "EBIT": -3,
        "Net Income": -5
    },
    "2018-02-28": {
        "Diluted EPS": 0.0,
        "Total Revenue": 8,
        "Gross Profit": 4,
        "Operating Income": -4,
        "EBIT": -3,
        "Net Income": -5
    },
    "2017-12-31": {
        "Diluted EPS": 0.0,
        "Total Revenue": NaN,
        "Gross Profit": NaN,
        "Operating Income": NaN,
        "EBIT": NaN,
        "Net Income": NaN
    },
    "2017-11-30": {
        "Diluted EPS": 0.0,
        "Total Revenue": NaN,
        "Gross Profit": NaN,
        "Operating Income": -4,
        "EBIT": -4,
        "Net Income": -2
    },
    "2017-09-30": {
        "Diluted EPS": -0.02,
        "Total Revenue": 5,
        "Gross Profit": 3,
        "Operating Income": -2,
        "EBIT": -2,
        "Net Income": -2
    },
    "2017-08-31": {
        "Diluted EPS": 0.0,
        "Total Revenue": NaN,
        "Gross Profit": NaN,
        "Operating Income": -4,
        "EBIT": -3,
        "Net Income": -2
    },
    "2017-06-30": {
        "Diluted EPS": -0.01,
        "Total Revenue": 5,
        "Gross Profit": 3,
        "Operating Income": -2,
        "EBIT": -1,
        "Net Income": -2
    },
    "2017-05-31": {
        "Diluted EPS": 0.0,
        "Total Revenue": NaN,
        "Gross Profit": NaN,
        "Operating Income": NaN,
        "EBIT": NaN,
        "Net Income": NaN
    },
    "2017-03-31": {
        "Diluted EPS": -0.01,
        "Total Revenue": 5,
        "Gross Profit": 3,
        "Operating Income": 0,
        "EBIT": 0,
        "Net Income": -1
    },
    "2017-02-28": {
        "Diluted EPS": 0.0,
        "Total Revenue": 5,
        "Gross Profit": 3,
        "Operating Income": 0,
        "EBIT": 0,
        "Net Income": -1
    },
    "2016-11-30": {
        "Diluted EPS": 0.0,
        "Total Revenue": NaN,
        "Gross Profit": NaN,
        "Operating Income": NaN,
        "EBIT": NaN,
        "Net Income": NaN
    },
    "2023-08-31": {
        "Tax Effect Of Unusual Items": -954800.0,
        "Tax Rate For Calcs": 0.4,
        "Normalized EBITDA": -5588000.0,
        "Total Unusual Items": -2387000.0,
        "Total Unusual Items Excluding Goodwill": -2387000.0,
        "Net Income From Continuing Operation Net Minority Interest": -71525000.0,
        "Reconciled Depreciation": 30789000.0,
        "Reconciled Cost Of Revenue": 124189000.0,
        "EBITDA": -7975000.0,
        "EBIT": -38764000.0,
        "Net Interest Income": -9835000.0,
        "Interest Expense": 9835000.0,
        "Normalized Income": -70092800.0,
        "Net Income From Continuing And Discontinued Operation": -71525000.0,
        "Total Expenses": 210964000.0,
        "Rent Expense Supplemental": 858000.0,
        "Total Operating Income As Reported": -34362000.0,
        "Diluted Average Shares": 558630000.0,
        "Basic Average Shares": 558630000.0,
        "Diluted EPS": -0.1,
        "Basic EPS": -0.1,
        "Diluted NI Availto Com Stockholders": -71525000.0,
        "Net Income Common Stockholders": -71525000.0,
        "Net Income": -71525000.0,
        "Minority Interests": -15662000.0,
        "Net Income Including Noncontrolling Interests": -55863000.0,
        "Net Income Continuous Operations": -55863000.0,
        "Tax Provision": 7264000.0,
        "Pretax Income": -48599000.0,
        "Other Income Expense": -4749000.0,
        "Other Non Operating Income Expenses": -2362000.0,
        "Special Income Charges": -347000.0,
        "Gain On Sale Of Ppe": -3000.0,
        "Other Special Charges": 2034000.0,
        "Write Off": NaN,
        "Impairment Of Capital Assets": NaN,
        "Restructuring And Mergern Acquisition": -1690000.0,
        "Gain On Sale Of Security": -2040000.0,
        "Net Non Operating Interest Income Expense": -9835000.0,
        "Interest Expense Non Operating": 9835000.0,
        "Operating Income": -34015000.0,
        "Operating Expense": 78211000.0,
        "Depreciation Amortization Depletion Income Statement": 22225000.0,
        "Depreciation And Amortization In Income Statement": 22225000.0,
        "Amortization": 22225000.0,
        "Amortization Of Intangibles Income Statement": 22225000.0,
        "Research And Development": 79000.0,
        "Selling General And Administration": 55907000.0,
        "Selling And Marketing Expense": 15394000.0,
        "General And Administrative Expense": 40513000.0,
        "Other Gand A": 10774000.0,
        "Insurance And Claims": 3849000.0,
        "Rent And Landing Fees": 858000.0,
        "Salaries And Wages": 25032000.0,
        "Gross Profit": 44196000.0,
        "Cost Of Revenue": 132753000.0,
        "Total Revenue": 176949000.0,
        "Excise Taxes": 27728000.0,
        "Operating Revenue": 204677000.0
    },
    "2023-11-30": {
        "Tax Effect Of Unusual Items": -360075.055989,
        "Tax Rate For Calcs": 0.068196,
        "Normalized EBITDA": -4106000.0,
        "Total Unusual Items": -5280000.0,
        "Total Unusual Items Excluding Goodwill": -5280000.0,
        "Net Income From Continuing Operation Net Minority Interest": -49008000.0,
        "Reconciled Depreciation": 31552000.0,
        "Reconciled Cost Of Revenue": 136727000.0,
        "EBITDA": -9386000.0,
        "EBIT": -40938000.0,
        "Net Interest Income": -8625000.0,
        "Interest Expense": 8625000.0,
        "Normalized Income": -44088075.055989,
        "Net Income From Continuing And Discontinued Operation": -49008000.0,
        "Total Expenses": 228462000.0,
        "Rent Expense Supplemental": 1575000.0,
        "Total Operating Income As Reported": -41759000.0,
        "Diluted Average Shares": 659757143.0,
        "Basic Average Shares": 659757143.0,
        "Diluted EPS": -0.07,
        "Basic EPS": -0.07,
        "Diluted NI Availto Com Stockholders": -49008000.0,
        "Net Income Common Stockholders": -49008000.0,
        "Net Income": -49008000.0,
        "Minority Interests": -2825000.0,
        "Net Income Including Noncontrolling Interests": -46183000.0,
        "Net Income Continuous Operations": -46183000.0,
        "Tax Provision": -3380000.0,
        "Pretax Income": -49563000.0,
        "Other Income Expense": -6247000.0,
        "Other Non Operating Income Expenses": -967000.0,
        "Special Income Charges": -7068000.0,
        "Gain On Sale Of Ppe": 23000.0,
        "Other Special Charges": 3042000.0,
        "Write Off": NaN,
        "Impairment Of Capital Assets": NaN,
        "Restructuring And Mergern Acquisition": 4049000.0,
        "Gain On Sale Of Security": 1788000.0,
        "Net Non Operating Interest Income Expense": -8625000.0,
        "Interest Expense Non Operating": 8625000.0,
        "Operating Income": -34691000.0,
        "Operating Expense": 82100000.0,
        "Depreciation Amortization Depletion Income Statement": 21917000.0,
        "Depreciation And Amortization In Income Statement": 21917000.0,
        "Amortization": 21917000.0,
        "Amortization Of Intangibles Income Statement": 21917000.0,
        "Research And Development": 56000.0,
        "Selling General And Administration": 60127000.0,
        "Selling And Marketing Expense": 16791000.0,
        "General And Administrative Expense": 43336000.0,
        "Other Gand A": 11942000.0,
        "Insurance And Claims": 2499000.0,
        "Rent And Landing Fees": 1575000.0,
        "Salaries And Wages": 27320000.0,
        "Gross Profit": 47409000.0,
        "Cost Of Revenue": 146362000.0,
        "Total Revenue": 193771000.0,
        "Excise Taxes": NaN,
        "Operating Revenue": 193771000.0
    },
    "2024-02-29": {
        "Tax Effect Of Unusual Items": -1368499.17481,
        "Tax Rate For Calcs": 0.026619,
        "Normalized EBITDA": -15085000.0,
        "Total Unusual Items": -51410000.0,
        "Total Unusual Items Excluding Goodwill": -51410000.0,
        "Net Income From Continuing Operation Net Minority Interest": -92701000.0,
        "Reconciled Depreciation": 32842000.0,
        "Reconciled Cost Of Revenue": 127660000.0,
        "EBITDA": -66495000.0,
        "EBIT": -99337000.0,
        "Net Interest Income": -8517000.0,
        "Interest Expense": 8517000.0,
        "Normalized Income": -42659499.17481,
        "Net Income From Continuing And Discontinued Operation": -92701000.0,
        "Total Expenses": 221711000.0,
        "Rent Expense Supplemental": 1024000.0,
        "Total Operating Income As Reported": -82098000.0,
        "Diluted Average Shares": 754439331.0,
        "Basic Average Shares": 754439331.0,
        "Diluted EPS": -0.12,
        "Basic EPS": -0.12,
        "Diluted NI Availto Com Stockholders": -92701000.0,
        "Net Income Common Stockholders": -92701000.0,
        "Net Income": -92701000.0,
        "Minority Interests": 12282000.0,
        "Net Income Including Noncontrolling Interests": -104983000.0,
        "Net Income Continuous Operations": -104983000.0,
        "Tax Provision": -2871000.0,
        "Pretax Income": -107854000.0,
        "Other Income Expense": -65966000.0,
        "Other Non Operating Income Expenses": -14556000.0,
        "Special Income Charges": -6046000.0,
        "Gain On Sale Of Ppe": -23000.0,
        "Other Special Charges": 3363000.0,
        "Write Off": 0.0,
        "Impairment Of Capital Assets": NaN,
        "Restructuring And Mergern Acquisition": 2660000.0,
        "Gain On Sale Of Security": -45364000.0,
        "Net Non Operating Interest Income Expense": -8517000.0,
        "Interest Expense Non Operating": 8517000.0,
        "Operating Income": -33371000.0,
        "Operating Expense": 82767000.0,
        "Depreciation Amortization Depletion Income Statement": 21558000.0,
        "Depreciation And Amortization In Income Statement": 21558000.0,
        "Amortization": 21558000.0,
        "Amortization Of Intangibles Income Statement": 21558000.0,
        "Research And Development": 106000.0,
        "Selling General And Administration": 61103000.0,
        "Selling And Marketing Expense": 21186000.0,
        "General And Administrative Expense": 39917000.0,
        "Other Gand A": 6092000.0,
        "Insurance And Claims": 3569000.0,
        "Rent And Landing Fees": 1024000.0,
        "Salaries And Wages": 29232000.0,
        "Gross Profit": 49396000.0,
        "Cost Of Revenue": 138944000.0,
        "Total Revenue": 188340000.0,
        "Excise Taxes": NaN,
        "Operating Revenue": 188340000.0
    }
}