{
    "2023-03-31": {
        "Tax Effect Of Unusual Items": NaN,
        "Tax Rate For Calcs": NaN,
        "Normalized EBITDA": NaN,
        "Total Unusual Items": NaN,
        "Total Unusual Items Excluding Goodwill": NaN,
        "Net Income From Continuing Operation Net Minority Interest": NaN,
        "Reconciled Depreciation": NaN,
        "Reconciled Cost Of Revenue": NaN,
        "EBITDA": NaN,
        "EBIT": NaN,
        "Net Interest Income": NaN,
        "Interest Expense": NaN,
        "Normalized Income": NaN,
        "Net Income From Continuing And Discontinued Operation": NaN,
        "Total Expenses": NaN,
        "Total Operating Income As Reported": NaN,
        "Diluted Average Shares": NaN,
        "Basic Average Shares": NaN,
        "Diluted EPS": NaN,
        "Basic EPS": NaN,
        "Diluted NI Availto Com Stockholders": NaN,
        "Net Income Common Stockholders": NaN,
        "Net Income": NaN,
        "Net Income Including Noncontrolling Interests": NaN,
        "Net Income Continuous Operations": NaN,
        "Tax Provision": NaN,
        "Pretax Income": NaN,
        "Other Income Expense": NaN,
        "Other Non Operating Income Expenses": NaN,
        "Special Income Charges": NaN,
        "Impairment Of Capital Assets": NaN,
        "Net Non Operating Interest Income Expense": NaN,
        "Interest Expense Non Operating": NaN,
        "Operating Income": NaN,
        "Operating Expense": NaN,
        "Research And Development": NaN,
        "Selling General And Administration": NaN,
        "Selling And Marketing Expense": 1643000.0,
        "General And Administrative Expense": 21976000.0,
        "Other Gand A": 21976000.0,
        "Gross Profit": NaN,
        "Cost Of Revenue": NaN,
        "Total Revenue": NaN,
        "Operating Revenue": NaN
    },
    "2022-12-31": {
        "Tax Effect Of Unusual Items": NaN,
        "Tax Rate For Calcs": NaN,
        "Normalized EBITDA": NaN,
        "Net Income From Continuing Operation Net Minority Interest": NaN,
        "Reconciled Depreciation": NaN,
        "Reconciled Cost Of Revenue": NaN,
        "EBITDA": NaN,
        "EBIT": NaN,
        "Net Interest Income": NaN,
        "Interest Expense": NaN,
        "Normalized Income": NaN,
        "Net Income From Continuing And Discontinued Operation": NaN,
        "Total Expenses": NaN,
        "Total Operating Income As Reported": NaN,
        "Diluted Average Shares": NaN,
        "Basic Average Shares": NaN,
        "Diluted EPS": NaN,
        "Basic EPS": NaN,
        "Diluted NI Availto Com Stockholders": NaN,
        "Net Income Common Stockholders": NaN,
        "Net Income": NaN,
        "Net Income Including Noncontrolling Interests": NaN,
        "Net Income Continuous Operations": NaN,
        "Tax Provision": NaN,
        "Pretax Income": NaN,
        "Other Income Expense": NaN,
        "Other Non Operating Income Expenses": NaN,
        "Net Non Operating Interest Income Expense": NaN,
        "Interest Expense Non Operating": NaN,
        "Operating Income": NaN,
        "Operating Expense": NaN,
        "Research And Development": NaN,
        "Selling General And Administration": NaN,
        "Selling And Marketing Expense": 3547000.0,
        "General And Administrative Expense": 31014000.0,
        "Other Gand A": 31014000.0,
        "Gross Profit": NaN,
        "Cost Of Revenue": NaN,
        "Total Revenue": NaN,
        "Operating Revenue": NaN
    },
    "2022-09-30": {
        "Tax Effect Of Unusual Items": 0.0,
        "Tax Rate For Calcs": 0.21,
        "Normalized EBITDA": -7151000.0,
        "Net Income From Continuing Operation Net Minority Interest": -7340000.0,
        "Reconciled Depreciation": 1517000.0,
        "Reconciled Cost Of Revenue": 42648000.0,
        "EBITDA": -7151000.0,
        "EBIT": -7151000.0,
        "Net Interest Income": -181000.0,
        "Interest Expense": 181000.0,
        "Normalized Income": -7340000.0,
        "Net Income From Continuing And Discontinued Operation": -7340000.0,
        "Total Expenses": 71262000.0,
        "Total Operating Income As Reported": -7669000.0,
        "Diluted Average Shares": 67493000.0,
        "Basic Average Shares": 67493000.0,
        "Diluted EPS": -0.13,
        "Basic EPS": -0.13,
        "Diluted NI Availto Com Stockholders": -7340000.0,
        "Net Income Common Stockholders": -7340000.0,
        "Net Income": -7340000.0,
        "Net Income Including Noncontrolling Interests": -7340000.0,
        "Net Income Continuous Operations": -7340000.0,
        "Tax Provision": 8000.0,
        "Pretax Income": -7332000.0,
        "Other Income Expense": 518000.0,
        "Other Non Operating Income Expenses": 518000.0,
        "Net Non Operating Interest Income Expense": -181000.0,
        "Interest Expense Non Operating": 181000.0,
        "Operating Income": -7669000.0,
        "Operating Expense": 28614000.0,
        "Research And Development": 3981000.0,
        "Selling General And Administration": 24633000.0,
        "Selling And Marketing Expense": 3042000.0,
        "General And Administrative Expense": 21591000.0,
        "Other Gand A": 21591000.0,
        "Gross Profit": 20945000.0,
        "Cost Of Revenue": 42648000.0,
        "Total Revenue": 63593000.0,
        "Operating Revenue": 63593000.0
    },
    "2022-06-30": {
        "Tax Effect Of Unusual Items": 0.0,
        "Tax Rate For Calcs": 0.4,
        "Normalized EBITDA": -10543000.0,
        "Net Income From Continuing Operation Net Minority Interest": -12289000.0,
        "Reconciled Depreciation": 1505000.0,
        "Reconciled Cost Of Revenue": 34862000.0,
        "EBITDA": -10543000.0,
        "EBIT": -12048000.0,
        "Net Interest Income": -187000.0,
        "Interest Expense": 187000.0,
        "Normalized Income": -12289000.0,
        "Net Income From Continuing And Discontinued Operation": -12289000.0,
        "Total Expenses": 67957000.0,
        "Total Operating Income As Reported": -12166000.0,
        "Diluted Average Shares": 67876000.0,
        "Basic Average Shares": 67876000.0,
        "Diluted EPS": -0.21,
        "Basic EPS": -0.21,
        "Diluted NI Availto Com Stockholders": -12289000.0,
        "Net Income Common Stockholders": -12289000.0,
        "Net Income": -12289000.0,
        "Net Income Including Noncontrolling Interests": -12289000.0,
        "Net Income Continuous Operations": -12289000.0,
        "Tax Provision": 54000.0,
        "Pretax Income": -12235000.0,
        "Other Income Expense": 118000.0,
        "Other Non Operating Income Expenses": 118000.0,
        "Net Non Operating Interest Income Expense": -187000.0,
        "Interest Expense Non Operating": 187000.0,
        "Operating Income": -12166000.0,
        "Operating Expense": 33095000.0,
        "Research And Development": 4489000.0,
        "Selling General And Administration": 28606000.0,
        "Selling And Marketing Expense": 4741000.0,
        "General And Administrative Expense": 23865000.0,
        "Other Gand A": 23865000.0,
        "Gross Profit": 20929000.0,
        "Cost Of Revenue": 34862000.0,
        "Total Revenue": 55791000.0,
        "Operating Revenue": 55791000.0
    },
    "2022-03-31": {
        "Diluted EPS": -0.25,
        "Total Revenue": 50,
        "Gross Profit": 19,
        "Operating Income": -16,
        "EBIT": -15,
        "Net Income": -17
    },
    "2021-12-31": {
        "Diluted EPS": -0.08,
        "Total Revenue": 64,
        "Gross Profit": 24,
        "Operating Income": -5,
        "EBIT": -4,
        "Net Income": -5
    },
    "2021-09-30": {
        "Diluted EPS": -0.08,
        "Total Revenue": 69,
        "Gross Profit": 25,
        "Operating Income": -5,
        "EBIT": -4,
        "Net Income": -5
    },
    "2021-06-30": {
        "Diluted EPS": -0.26,
        "Total Revenue": 54,
        "Gross Profit": 23,
        "Operating Income": -17,
        "EBIT": -16,
        "Net Income": -18
    },
    "2021-03-31": {
        "Diluted EPS": -0.23,
        "Total Revenue": 56,
        "Gross Profit": 14,
        "Operating Income": -13,
        "EBIT": -12,
        "Net Income": -15
    },
    "2020-12-31": {
        "Diluted EPS": 0.1,
        "Total Revenue": 45,
        "Gross Profit": 16,
        "Operating Income": -10,
        "EBIT": -8,
        "Net Income": 4
    },
    "2020-09-30": {
        "Diluted EPS": -0.01,
        "Total Revenue": 47,
        "Gross Profit": 17,
        "Operating Income": 5,
        "EBIT": 6,
        "Net Income": 0
    },
    "2020-06-30": {
        "Diluted EPS": 0.01,
        "Total Revenue": 49,
        "Gross Profit": 18,
        "Operating Income": 5,
        "EBIT": 7,
        "Net Income": 0
    },
    "2020-03-31": {
        "Diluted EPS": -0.06,
        "Total Revenue": 39,
        "Gross Profit": 12,
        "Operating Income": 0,
        "EBIT": 2,
        "Net Income": -2
    },
    "2019-12-31": {
        "Diluted EPS": 0.0,
        "Total Revenue": NaN,
        "Gross Profit": NaN,
        "Operating Income": NaN,
        "EBIT": NaN,
        "Net Income": NaN
    },
    "2019-09-30": {
        "Diluted EPS": 0.06,
        "Total Revenue": 46,
        "Gross Profit": 16,
        "Operating Income": 6,
        "EBIT": 6,
        "Net Income": 2
    },
    "2018-12-31": {
        "Diluted EPS": 0.0,
        "Total Revenue": NaN,
        "Gross Profit": NaN,
        "Operating Income": NaN,
        "EBIT": NaN,
        "Net Income": NaN
    },
    "2023-06-30": {
        "Tax Effect Of Unusual Items": NaN,
        "Tax Rate For Calcs": NaN,
        "Normalized EBITDA": NaN,
        "Total Unusual Items": NaN,
        "Total Unusual Items Excluding Goodwill": NaN,
        "Net Income From Continuing Operation Net Minority Interest": NaN,
        "Reconciled Depreciation": NaN,
        "Reconciled Cost Of Revenue": NaN,
        "EBITDA": NaN,
        "EBIT": NaN,
        "Net Interest Income": NaN,
        "Interest Expense": NaN,
        "Normalized Income": NaN,
        "Net Income From Continuing And Discontinued Operation": NaN,
        "Total Expenses": NaN,
        "Total Operating Income As Reported": NaN,
        "Diluted Average Shares": 69424000.0,
        "Basic Average Shares": 69424000.0,
        "Diluted EPS": -0.12,
        "Basic EPS": -0.12,
        "Diluted NI Availto Com Stockholders": NaN,
        "Net Income Common Stockholders": NaN,
        "Net Income": NaN,
        "Net Income Including Noncontrolling Interests": NaN,
        "Net Income Continuous Operations": NaN,
        "Tax Provision": NaN,
        "Pretax Income": NaN,
        "Other Income Expense": NaN,
        "Other Non Operating Income Expenses": NaN,
        "Special Income Charges": NaN,
        "Impairment Of Capital Assets": NaN,
        "Net Non Operating Interest Income Expense": NaN,
        "Interest Expense Non Operating": NaN,
        "Operating Income": NaN,
        "Operating Expense": NaN,
        "Research And Development": NaN,
        "Selling General And Administration": NaN,
        "Selling And Marketing Expense": 1793000.0,
        "General And Administrative Expense": 17387000.0,
        "Other Gand A": 17387000.0,
        "Gross Profit": NaN,
        "Cost Of Revenue": NaN,
        "Total Revenue": NaN,
        "Operating Revenue": NaN
    },
    "2023-09-30": {
        "Tax Effect Of Unusual Items": -73290.0,
        "Tax Rate For Calcs": 0.21,
        "Normalized EBITDA": -5256000.0,
        "Total Unusual Items": -349000.0,
        "Total Unusual Items Excluding Goodwill": -349000.0,
        "Net Income From Continuing Operation Net Minority Interest": -8672000.0,
        "Reconciled Depreciation": 2866000.0,
        "Reconciled Cost Of Revenue": 23173000.0,
        "EBITDA": -5605000.0,
        "EBIT": -8471000.0,
        "Net Interest Income": -178000.0,
        "Interest Expense": 178000.0,
        "Normalized Income": -8396290.0,
        "Net Income From Continuing And Discontinued Operation": -8672000.0,
        "Total Expenses": 45530000.0,
        "Total Operating Income As Reported": -9693000.0,
        "Diluted Average Shares": 69571000.0,
        "Basic Average Shares": 69571000.0,
        "Diluted EPS": -0.12,
        "Basic EPS": -0.12,
        "Diluted NI Availto Com Stockholders": -8672000.0,
        "Net Income Common Stockholders": -8672000.0,
        "Net Income": -8672000.0,
        "Net Income Including Noncontrolling Interests": -8672000.0,
        "Net Income Continuous Operations": -8672000.0,
        "Tax Provision": 23000.0,
        "Pretax Income": -8649000.0,
        "Other Income Expense": 873000.0,
        "Other Non Operating Income Expenses": 1222000.0,
        "Special Income Charges": -349000.0,
        "Impairment Of Capital Assets": 349000.0,
        "Net Non Operating Interest Income Expense": -178000.0,
        "Interest Expense Non Operating": 178000.0,
        "Operating Income": -9344000.0,
        "Operating Expense": 22357000.0,
        "Research And Development": 2805000.0,
        "Selling General And Administration": 19552000.0,
        "Selling And Marketing Expense": 1728000.0,
        "General And Administrative Expense": 17824000.0,
        "Other Gand A": 17824000.0,
        "Gross Profit": 13013000.0,
        "Cost Of Revenue": 23173000.0,
        "Total Revenue": 36186000.0,
        "Operating Revenue": 36186000.0
    },
    "2023-12-31": {
        "Tax Effect Of Unusual Items": 0.0,
        "Tax Rate For Calcs": 0.004564,
        "Normalized EBITDA": -3744000.0,
        "Total Unusual Items": NaN,
        "Total Unusual Items Excluding Goodwill": NaN,
        "Net Income From Continuing Operation Net Minority Interest": -6980000.0,
        "Reconciled Depreciation": 3093000.0,
        "Reconciled Cost Of Revenue": 26971000.0,
        "EBITDA": -3744000.0,
        "EBIT": -6837000.0,
        "Net Interest Income": -175000.0,
        "Interest Expense": 175000.0,
        "Normalized Income": -6980000.0,
        "Net Income From Continuing And Discontinued Operation": -6980000.0,
        "Total Expenses": 49244000.0,
        "Total Operating Income As Reported": -8185000.0,
        "Diluted Average Shares": NaN,
        "Basic Average Shares": NaN,
        "Diluted EPS": NaN,
        "Basic EPS": NaN,
        "Diluted NI Availto Com Stockholders": -6980000.0,
        "Net Income Common Stockholders": -6980000.0,
        "Net Income": -6980000.0,
        "Net Income Including Noncontrolling Interests": -6980000.0,
        "Net Income Continuous Operations": -6980000.0,
        "Tax Provision": -32000.0,
        "Pretax Income": -7012000.0,
        "Other Income Expense": 1348000.0,
        "Other Non Operating Income Expenses": 1348000.0,
        "Special Income Charges": NaN,
        "Impairment Of Capital Assets": NaN,
        "Net Non Operating Interest Income Expense": -175000.0,
        "Interest Expense Non Operating": 175000.0,
        "Operating Income": -8185000.0,
        "Operating Expense": 22273000.0,
        "Research And Development": 3614000.0,
        "Selling General And Administration": 18659000.0,
        "Selling And Marketing Expense": 1958000.0,
        "General And Administrative Expense": 16701000.0,
        "Other Gand A": 16701000.0,
        "Gross Profit": 14088000.0,
        "Cost Of Revenue": 26971000.0,
        "Total Revenue": 41059000.0,
        "Operating Revenue": 41059000.0
    },
    "2024-03-31": {
        "Tax Effect Of Unusual Items": 0.0,
        "Tax Rate For Calcs": 0.21,
        "Normalized EBITDA": -4057000.0,
        "Total Unusual Items": NaN,
        "Total Unusual Items Excluding Goodwill": NaN,
        "Net Income From Continuing Operation Net Minority Interest": -7378000.0,
        "Reconciled Depreciation": 3129000.0,
        "Reconciled Cost Of Revenue": 18658000.0,
        "EBITDA": -4057000.0,
        "EBIT": -7186000.0,
        "Net Interest Income": -175000.0,
        "Interest Expense": 175000.0,
        "Normalized Income": -7378000.0,
        "Net Income From Continuing And Discontinued Operation": -7378000.0,
        "Total Expenses": 38057000.0,
        "Total Operating Income As Reported": -8438000.0,
        "Diluted Average Shares": 70628000.0,
        "Basic Average Shares": 70628000.0,
        "Diluted EPS": -0.1,
        "Basic EPS": -0.1,
        "Diluted NI Availto Com Stockholders": -7378000.0,
        "Net Income Common Stockholders": -7378000.0,
        "Net Income": -7378000.0,
        "Net Income Including Noncontrolling Interests": -7378000.0,
        "Net Income Continuous Operations": -7378000.0,
        "Tax Provision": 17000.0,
        "Pretax Income": -7361000.0,
        "Other Income Expense": 1252000.0,
        "Other Non Operating Income Expenses": 1252000.0,
        "Special Income Charges": NaN,
        "Impairment Of Capital Assets": NaN,
        "Net Non Operating Interest Income Expense": -175000.0,
        "Interest Expense Non Operating": 175000.0,
        "Operating Income": -8438000.0,
        "Operating Expense": 19399000.0,
        "Research And Development": 3170000.0,
        "Selling General And Administration": 16229000.0,
        "Selling And Marketing Expense": NaN,
        "General And Administrative Expense": NaN,
        "Other Gand A": NaN,
        "Gross Profit": 10961000.0,
        "Cost Of Revenue": 18658000.0,
        "Total Revenue": 29619000.0,
        "Operating Revenue": 29619000.0
    },
    "2024-06-30": {
        "Tax Effect Of Unusual Items": 0.0,
        "Tax Rate For Calcs": 0.21,
        "Normalized EBITDA": -4089000.0,
        "Total Unusual Items": NaN,
        "Total Unusual Items Excluding Goodwill": NaN,
        "Net Income From Continuing Operation Net Minority Interest": -7757000.0,
        "Reconciled Depreciation": 3491000.0,
        "Reconciled Cost Of Revenue": 18791000.0,
        "EBITDA": -4089000.0,
        "EBIT": -7580000.0,
        "Net Interest Income": -160000.0,
        "Interest Expense": 160000.0,
        "Normalized Income": -7757000.0,
        "Net Income From Continuing And Discontinued Operation": -7757000.0,
        "Total Expenses": 37142000.0,
        "Total Operating Income As Reported": -8644000.0,
        "Diluted Average Shares": 72017000.0,
        "Basic Average Shares": 72017000.0,
        "Diluted EPS": -0.11,
        "Basic EPS": -0.11,
        "Diluted NI Availto Com Stockholders": -7757000.0,
        "Net Income Common Stockholders": -7757000.0,
        "Net Income": -7757000.0,
        "Net Income Including Noncontrolling Interests": -7757000.0,
        "Net Income Continuous Operations": -7757000.0,
        "Tax Provision": 17000.0,
        "Pretax Income": -7740000.0,
        "Other Income Expense": 1064000.0,
        "Other Non Operating Income Expenses": 1064000.0,
        "Special Income Charges": NaN,
        "Impairment Of Capital Assets": NaN,
        "Net Non Operating Interest Income Expense": -160000.0,
        "Interest Expense Non Operating": 160000.0,
        "Operating Income": -8644000.0,
        "Operating Expense": 18351000.0,
        "Research And Development": 1459000.0,
        "Selling General And Administration": 16892000.0,
        "Selling And Marketing Expense": NaN,
        "General And Administrative Expense": NaN,
        "Other Gand A": NaN,
        "Gross Profit": 9707000.0,
        "Cost Of Revenue": 18791000.0,
        "Total Revenue": 28498000.0,
        "Operating Revenue": 28498000.0
    },
    "2024-09-30": {
        "Tax Effect Of Unusual Items": -1338330.0,
        "Tax Rate For Calcs": 0.21,
        "Normalized EBITDA": -18760000.0,
        "Total Unusual Items": -6373000.0,
        "Total Unusual Items Excluding Goodwill": -6373000.0,
        "Net Income From Continuing Operation Net Minority Interest": -28055000.0,
        "Reconciled Depreciation": 2748000.0,
        "Reconciled Cost Of Revenue": 20640000.0,
        "EBITDA": -25133000.0,
        "EBIT": -27881000.0,
        "Net Interest Income": -157000.0,
        "Interest Expense": 157000.0,
        "Normalized Income": -23020330.0,
        "Net Income From Continuing And Discontinued Operation": -28055000.0,
        "Total Expenses": 46274000.0,
        "Total Operating Income As Reported": -28864000.0,
        "Diluted Average Shares": 72309000.0,
        "Basic Average Shares": 72309000.0,
        "Diluted EPS": -0.39,
        "Basic EPS": -0.39,
        "Diluted NI Availto Com Stockholders": -28055000.0,
        "Net Income Common Stockholders": -28055000.0,
        "Net Income": -28055000.0,
        "Net Income Including Noncontrolling Interests": -28055000.0,
        "Net Income Continuous Operations": -28055000.0,
        "Tax Provision": 17000.0,
        "Pretax Income": -28038000.0,
        "Other Income Expense": -5390000.0,
        "Other Non Operating Income Expenses": 983000.0,
        "Special Income Charges": -6373000.0,
        "Impairment Of Capital Assets": 6373000.0,
        "Net Non Operating Interest Income Expense": -157000.0,
        "Interest Expense Non Operating": 157000.0,
        "Operating Income": -22491000.0,
        "Operating Expense": 25634000.0,
        "Research And Development": 2409000.0,
        "Selling General And Administration": 23225000.0,
        "Selling And Marketing Expense": NaN,
        "General And Administrative Expense": NaN,
        "Other Gand A": NaN,
        "Gross Profit": 3143000.0,
        "Cost Of Revenue": 20640000.0,
        "Total Revenue": 23783000.0,
        "Operating Revenue": 23783000.0
    }
}