{
    "2023-03-31": {
        "Tax Effect Of Unusual Items": 0.0,
        "Tax Rate For Calcs": 0.0,
        "Normalized EBITDA": -11245000.0,
        "Total Unusual Items": NaN,
        "Total Unusual Items Excluding Goodwill": NaN,
        "Net Income From Continuing Operation Net Minority Interest": -13454000.0,
        "Reconciled Depreciation": 924000.0,
        "Reconciled Cost Of Revenue": 8039000.0,
        "EBITDA": -11245000.0,
        "EBIT": -12169000.0,
        "Net Interest Income": 194000.0,
        "Interest Expense": 1285000.0,
        "Interest Income": 1479000.0,
        "Normalized Income": -13454000.0,
        "Net Income From Continuing And Discontinued Operation": -13454000.0,
        "Total Expenses": 55971000.0,
        "Total Operating Income As Reported": -13776000.0,
        "Diluted Average Shares": 58723760.0,
        "Basic Average Shares": 58723760.0,
        "Diluted EPS": -0.23,
        "Basic EPS": -0.23,
        "Diluted NI Availto Com Stockholders": -13454000.0,
        "Net Income Common Stockholders": -13454000.0,
        "Net Income": -13454000.0,
        "Net Income Including Noncontrolling Interests": -13454000.0,
        "Net Income Continuous Operations": -13454000.0,
        "Pretax Income": -13454000.0,
        "Other Income Expense": 128000.0,
        "Other Non Operating Income Expenses": 128000.0,
        "Special Income Charges": NaN,
        "Other Special Charges": NaN,
        "Net Non Operating Interest Income Expense": 194000.0,
        "Interest Expense Non Operating": 1285000.0,
        "Interest Income Non Operating": 1479000.0,
        "Operating Income": -13776000.0,
        "Operating Expense": 47932000.0,
        "Research And Development": 3412000.0,
        "Selling General And Administration": 44520000.0,
        "Selling And Marketing Expense": 33655000.0,
        "General And Administrative Expense": 10865000.0,
        "Other Gand A": 10865000.0,
        "Salaries And Wages": NaN,
        "Gross Profit": 34156000.0,
        "Cost Of Revenue": 8039000.0,
        "Total Revenue": 42195000.0,
        "Operating Revenue": 42195000.0
    },
    "2022-12-31": {
        "Tax Effect Of Unusual Items": NaN,
        "Tax Rate For Calcs": NaN,
        "Normalized EBITDA": NaN,
        "Total Unusual Items": 0.0,
        "Total Unusual Items Excluding Goodwill": 0.0,
        "Net Income From Continuing Operation Net Minority Interest": NaN,
        "Reconciled Depreciation": NaN,
        "Reconciled Cost Of Revenue": NaN,
        "EBITDA": NaN,
        "EBIT": NaN,
        "Net Interest Income": NaN,
        "Interest Expense": NaN,
        "Interest Income": NaN,
        "Normalized Income": NaN,
        "Net Income From Continuing And Discontinued Operation": NaN,
        "Total Expenses": NaN,
        "Total Operating Income As Reported": NaN,
        "Diluted Average Shares": NaN,
        "Basic Average Shares": NaN,
        "Diluted EPS": NaN,
        "Basic EPS": NaN,
        "Diluted NI Availto Com Stockholders": NaN,
        "Net Income Common Stockholders": NaN,
        "Net Income": NaN,
        "Net Income Including Noncontrolling Interests": NaN,
        "Net Income Continuous Operations": NaN,
        "Pretax Income": NaN,
        "Other Income Expense": NaN,
        "Other Non Operating Income Expenses": NaN,
        "Special Income Charges": 0.0,
        "Other Special Charges": 0.0,
        "Net Non Operating Interest Income Expense": NaN,
        "Interest Expense Non Operating": NaN,
        "Interest Income Non Operating": NaN,
        "Operating Income": NaN,
        "Operating Expense": NaN,
        "Research And Development": NaN,
        "Selling General And Administration": NaN,
        "Selling And Marketing Expense": NaN,
        "General And Administrative Expense": NaN,
        "Other Gand A": NaN,
        "Salaries And Wages": NaN,
        "Gross Profit": NaN,
        "Cost Of Revenue": NaN,
        "Total Revenue": NaN,
        "Operating Revenue": NaN
    },
    "2022-09-30": {
        "Tax Effect Of Unusual Items": NaN,
        "Tax Rate For Calcs": NaN,
        "Normalized EBITDA": NaN,
        "Total Unusual Items": 0.0,
        "Total Unusual Items Excluding Goodwill": 0.0,
        "Net Income From Continuing Operation Net Minority Interest": NaN,
        "Reconciled Depreciation": NaN,
        "Reconciled Cost Of Revenue": NaN,
        "EBITDA": NaN,
        "EBIT": NaN,
        "Net Interest Income": NaN,
        "Interest Expense": NaN,
        "Interest Income": NaN,
        "Normalized Income": NaN,
        "Net Income From Continuing And Discontinued Operation": NaN,
        "Total Expenses": NaN,
        "Total Operating Income As Reported": NaN,
        "Diluted Average Shares": NaN,
        "Basic Average Shares": NaN,
        "Diluted EPS": NaN,
        "Basic EPS": NaN,
        "Diluted NI Availto Com Stockholders": NaN,
        "Net Income Common Stockholders": NaN,
        "Net Income": NaN,
        "Net Income Including Noncontrolling Interests": NaN,
        "Net Income Continuous Operations": NaN,
        "Pretax Income": NaN,
        "Other Income Expense": NaN,
        "Other Non Operating Income Expenses": NaN,
        "Special Income Charges": 0.0,
        "Other Special Charges": NaN,
        "Net Non Operating Interest Income Expense": NaN,
        "Interest Expense Non Operating": NaN,
        "Interest Income Non Operating": NaN,
        "Operating Income": NaN,
        "Operating Expense": NaN,
        "Research And Development": NaN,
        "Selling General And Administration": NaN,
        "Selling And Marketing Expense": NaN,
        "General And Administrative Expense": NaN,
        "Other Gand A": NaN,
        "Salaries And Wages": NaN,
        "Gross Profit": NaN,
        "Cost Of Revenue": NaN,
        "Total Revenue": NaN,
        "Operating Revenue": NaN
    },
    "2022-06-30": {
        "Tax Effect Of Unusual Items": 0.0,
        "Tax Rate For Calcs": 0.0,
        "Normalized EBITDA": -11805000.0,
        "Total Unusual Items": -4483000.0,
        "Total Unusual Items Excluding Goodwill": -4483000.0,
        "Net Income From Continuing Operation Net Minority Interest": -17234000.0,
        "Reconciled Depreciation": 423000.0,
        "Reconciled Cost Of Revenue": 5651000.0,
        "EBITDA": -16288000.0,
        "EBIT": -16288000.0,
        "Net Interest Income": -818000.0,
        "Interest Expense": 946000.0,
        "Interest Income": 128000.0,
        "Normalized Income": -12751000.0,
        "Net Income From Continuing And Discontinued Operation": -17234000.0,
        "Total Expenses": 41900000.0,
        "Total Operating Income As Reported": -11933000.0,
        "Diluted Average Shares": 55308273.0,
        "Basic Average Shares": 55308273.0,
        "Diluted EPS": -0.31,
        "Basic EPS": -0.31,
        "Diluted NI Availto Com Stockholders": -17234000.0,
        "Net Income Common Stockholders": -17234000.0,
        "Net Income": -17234000.0,
        "Net Income Including Noncontrolling Interests": -17234000.0,
        "Net Income Continuous Operations": -17234000.0,
        "Pretax Income": -17234000.0,
        "Other Income Expense": -4483000.0,
        "Other Non Operating Income Expenses": NaN,
        "Special Income Charges": -4483000.0,
        "Other Special Charges": 4483000.0,
        "Net Non Operating Interest Income Expense": -818000.0,
        "Interest Expense Non Operating": 946000.0,
        "Interest Income Non Operating": 128000.0,
        "Operating Income": -11933000.0,
        "Operating Expense": 36249000.0,
        "Research And Development": 2984000.0,
        "Selling General And Administration": 33265000.0,
        "Selling And Marketing Expense": 26250000.0,
        "General And Administrative Expense": 7015000.0,
        "Other Gand A": 7015000.0,
        "Salaries And Wages": NaN,
        "Gross Profit": 24316000.0,
        "Cost Of Revenue": 5651000.0,
        "Total Revenue": 29967000.0,
        "Operating Revenue": 29967000.0
    },
    "2022-03-31": {
        "Diluted EPS": -0.16,
        "Total Revenue": 29,
        "Gross Profit": 24,
        "Operating Income": -8,
        "EBIT": -8,
        "Net Income": -9
    },
    "2021-12-31": {
        "Diluted EPS": -0.14,
        "Total Revenue": 33,
        "Gross Profit": 27,
        "Operating Income": -6,
        "EBIT": -5,
        "Net Income": -7
    },
    "2021-09-30": {
        "Diluted EPS": -0.12,
        "Total Revenue": 22,
        "Gross Profit": 17,
        "Operating Income": -5,
        "EBIT": -5,
        "Net Income": -6
    },
    "2021-06-30": {
        "Diluted EPS": -0.1,
        "Total Revenue": 21,
        "Gross Profit": 17,
        "Operating Income": -4,
        "EBIT": -4,
        "Net Income": -5
    },
    "2021-03-31": {
        "Diluted EPS": -0.07,
        "Total Revenue": 19,
        "Gross Profit": 15,
        "Operating Income": -1,
        "EBIT": -1,
        "Net Income": -3
    },
    "2020-12-31": {
        "Diluted EPS": 0.07,
        "Total Revenue": 24,
        "Gross Profit": 19,
        "Operating Income": 4,
        "EBIT": 4,
        "Net Income": 3
    },
    "2020-09-30": {
        "Diluted EPS": -0.08,
        "Total Revenue": 14,
        "Gross Profit": 11,
        "Operating Income": 0,
        "EBIT": 0,
        "Net Income": -3
    },
    "2020-06-30": {
        "Diluted EPS": -0.06,
        "Total Revenue": 8,
        "Gross Profit": 6,
        "Operating Income": -2,
        "EBIT": -1,
        "Net Income": -2
    },
    "2020-03-31": {
        "Diluted EPS": -0.05,
        "Total Revenue": 11,
        "Gross Profit": 9,
        "Operating Income": -1,
        "EBIT": -1,
        "Net Income": -2
    },
    "2019-12-31": {
        "Diluted EPS": 0.0,
        "Total Revenue": NaN,
        "Gross Profit": NaN,
        "Operating Income": NaN,
        "EBIT": NaN,
        "Net Income": NaN
    },
    "2023-06-30": {
        "Tax Effect Of Unusual Items": 0.0,
        "Tax Rate For Calcs": 0.0,
        "Normalized EBITDA": -9894000.0,
        "Total Unusual Items": 0.0,
        "Total Unusual Items Excluding Goodwill": 0.0,
        "Net Income From Continuing Operation Net Minority Interest": -12271000.0,
        "Reconciled Depreciation": 1095000.0,
        "Reconciled Cost Of Revenue": 7675000.0,
        "EBITDA": -9894000.0,
        "EBIT": -10989000.0,
        "Net Interest Income": 686000.0,
        "Interest Expense": 1282000.0,
        "Interest Income": 1968000.0,
        "Normalized Income": -12271000.0,
        "Net Income From Continuing And Discontinued Operation": -12271000.0,
        "Total Expenses": 55005000.0,
        "Total Operating Income As Reported": -13052000.0,
        "Diluted Average Shares": 61382514.0,
        "Basic Average Shares": 61382514.0,
        "Diluted EPS": -0.2,
        "Basic EPS": -0.2,
        "Diluted NI Availto Com Stockholders": -12271000.0,
        "Net Income Common Stockholders": -12271000.0,
        "Net Income": -12271000.0,
        "Net Income Including Noncontrolling Interests": -12271000.0,
        "Net Income Continuous Operations": -12271000.0,
        "Pretax Income": -12271000.0,
        "Other Income Expense": 95000.0,
        "Other Non Operating Income Expenses": 95000.0,
        "Special Income Charges": 0.0,
        "Net Non Operating Interest Income Expense": 686000.0,
        "Interest Expense Non Operating": 1282000.0,
        "Interest Income Non Operating": 1968000.0,
        "Operating Income": -13052000.0,
        "Operating Expense": 47330000.0,
        "Research And Development": 3526000.0,
        "Selling General And Administration": 43804000.0,
        "Selling And Marketing Expense": 33773000.0,
        "General And Administrative Expense": 10031000.0,
        "Other Gand A": 10031000.0,
        "Salaries And Wages": 3168000.0,
        "Gross Profit": 34278000.0,
        "Cost Of Revenue": 7675000.0,
        "Total Revenue": 41953000.0,
        "Operating Revenue": 41953000.0
    },
    "2023-09-30": {
        "Tax Effect Of Unusual Items": 0.0,
        "Tax Rate For Calcs": 0.0,
        "Normalized EBITDA": -14661000.0,
        "Total Unusual Items": 0.0,
        "Total Unusual Items Excluding Goodwill": 0.0,
        "Net Income From Continuing Operation Net Minority Interest": -17521000.0,
        "Reconciled Depreciation": 1564000.0,
        "Reconciled Cost Of Revenue": 7998000.0,
        "EBITDA": -14661000.0,
        "EBIT": -16225000.0,
        "Net Interest Income": 274000.0,
        "Interest Expense": 1296000.0,
        "Interest Income": 1570000.0,
        "Normalized Income": -17521000.0,
        "Net Income From Continuing And Discontinued Operation": -17521000.0,
        "Total Expenses": 58576000.0,
        "Total Operating Income As Reported": -17818000.0,
        "Diluted Average Shares": 61562494.0,
        "Basic Average Shares": 61562494.0,
        "Diluted EPS": -0.28,
        "Basic EPS": -0.28,
        "Diluted NI Availto Com Stockholders": -17521000.0,
        "Net Income Common Stockholders": -17521000.0,
        "Net Income": -17521000.0,
        "Net Income Including Noncontrolling Interests": -17521000.0,
        "Net Income Continuous Operations": -17521000.0,
        "Pretax Income": -17521000.0,
        "Other Income Expense": 23000.0,
        "Other Non Operating Income Expenses": 23000.0,
        "Special Income Charges": 0.0,
        "Net Non Operating Interest Income Expense": 274000.0,
        "Interest Expense Non Operating": 1296000.0,
        "Interest Income Non Operating": 1570000.0,
        "Operating Income": -17818000.0,
        "Operating Expense": 50578000.0,
        "Research And Development": 4350000.0,
        "Selling General And Administration": 46228000.0,
        "Selling And Marketing Expense": 33542000.0,
        "General And Administrative Expense": 12686000.0,
        "Other Gand A": 12686000.0,
        "Salaries And Wages": NaN,
        "Gross Profit": 32760000.0,
        "Cost Of Revenue": 7998000.0,
        "Total Revenue": 40758000.0,
        "Operating Revenue": 40758000.0
    },
    "2023-12-31": {
        "Tax Effect Of Unusual Items": 0.0,
        "Tax Rate For Calcs": 0.0,
        "Normalized EBITDA": -3208000.0,
        "Total Unusual Items": 0.0,
        "Total Unusual Items Excluding Goodwill": 0.0,
        "Net Income From Continuing Operation Net Minority Interest": -6281000.0,
        "Reconciled Depreciation": 1769000.0,
        "Reconciled Cost Of Revenue": 11469000.0,
        "EBITDA": -3208000.0,
        "EBIT": -4977000.0,
        "Net Interest Income": 405000.0,
        "Interest Expense": 1304000.0,
        "Interest Income": 1709000.0,
        "Normalized Income": -6281000.0,
        "Net Income From Continuing And Discontinued Operation": -6281000.0,
        "Total Expenses": 68994000.0,
        "Total Operating Income As Reported": -6782000.0,
        "Diluted Average Shares": 61699336.0,
        "Basic Average Shares": 61699336.0,
        "Diluted EPS": -0.1,
        "Basic EPS": -0.1,
        "Diluted NI Availto Com Stockholders": -6281000.0,
        "Net Income Common Stockholders": -6281000.0,
        "Net Income": -6281000.0,
        "Net Income Including Noncontrolling Interests": -6281000.0,
        "Net Income Continuous Operations": -6281000.0,
        "Pretax Income": -6281000.0,
        "Other Income Expense": 96000.0,
        "Other Non Operating Income Expenses": 96000.0,
        "Special Income Charges": 0.0,
        "Net Non Operating Interest Income Expense": 405000.0,
        "Interest Expense Non Operating": 1304000.0,
        "Interest Income Non Operating": 1709000.0,
        "Operating Income": -6782000.0,
        "Operating Expense": 57525000.0,
        "Research And Development": 4152000.0,
        "Selling General And Administration": 53373000.0,
        "Selling And Marketing Expense": 39924000.0,
        "General And Administrative Expense": 13449000.0,
        "Other Gand A": 13449000.0,
        "Salaries And Wages": NaN,
        "Gross Profit": 50743000.0,
        "Cost Of Revenue": 11469000.0,
        "Total Revenue": 62212000.0,
        "Operating Revenue": 62212000.0
    },
    "2024-03-31": {
        "Tax Effect Of Unusual Items": 0.0,
        "Tax Rate For Calcs": 0.0,
        "Normalized EBITDA": -15450000.0,
        "Total Unusual Items": NaN,
        "Total Unusual Items Excluding Goodwill": NaN,
        "Net Income From Continuing Operation Net Minority Interest": -18676000.0,
        "Reconciled Depreciation": 1909000.0,
        "Reconciled Cost Of Revenue": 10127000.0,
        "EBITDA": -15450000.0,
        "EBIT": -17359000.0,
        "Net Interest Income": 218000.0,
        "Interest Expense": 1317000.0,
        "Interest Income": 1535000.0,
        "Normalized Income": -18676000.0,
        "Net Income From Continuing And Discontinued Operation": -18676000.0,
        "Total Expenses": 70076000.0,
        "Total Operating Income As Reported": -18968000.0,
        "Diluted Average Shares": 61792788.0,
        "Basic Average Shares": 61792788.0,
        "Diluted EPS": -0.302236,
        "Basic EPS": -0.3,
        "Diluted NI Availto Com Stockholders": -18676000.0,
        "Net Income Common Stockholders": -18676000.0,
        "Net Income": -18676000.0,
        "Net Income Including Noncontrolling Interests": -18676000.0,
        "Net Income Continuous Operations": -18676000.0,
        "Pretax Income": -18676000.0,
        "Other Income Expense": 74000.0,
        "Other Non Operating Income Expenses": 74000.0,
        "Special Income Charges": NaN,
        "Net Non Operating Interest Income Expense": 218000.0,
        "Interest Expense Non Operating": 1317000.0,
        "Interest Income Non Operating": 1535000.0,
        "Operating Income": -18968000.0,
        "Operating Expense": 59949000.0,
        "Research And Development": 5259000.0,
        "Selling General And Administration": 54690000.0,
        "Selling And Marketing Expense": 40328000.0,
        "General And Administrative Expense": 14362000.0,
        "Other Gand A": 14362000.0,
        "Salaries And Wages": NaN,
        "Gross Profit": 40981000.0,
        "Cost Of Revenue": 10127000.0,
        "Total Revenue": 51108000.0,
        "Operating Revenue": 51108000.0
    },
    "2024-06-30": {
        "Tax Effect Of Unusual Items": 0.0,
        "Tax Rate For Calcs": 0.0,
        "Normalized EBITDA": -17778000.0,
        "Total Unusual Items": NaN,
        "Total Unusual Items Excluding Goodwill": NaN,
        "Net Income From Continuing Operation Net Minority Interest": -21206000.0,
        "Reconciled Depreciation": 2116000.0,
        "Reconciled Cost Of Revenue": 8781000.0,
        "EBITDA": -17778000.0,
        "EBIT": -19894000.0,
        "Net Interest Income": 64000.0,
        "Interest Expense": 1312000.0,
        "Interest Income": 1376000.0,
        "Normalized Income": -21206000.0,
        "Net Income From Continuing And Discontinued Operation": -21206000.0,
        "Total Expenses": 65837000.0,
        "Total Operating Income As Reported": -21382000.0,
        "Diluted Average Shares": 62081494.0,
        "Basic Average Shares": 62081494.0,
        "Diluted EPS": -0.34,
        "Basic EPS": -0.34,
        "Diluted NI Availto Com Stockholders": -21206000.0,
        "Net Income Common Stockholders": -21206000.0,
        "Net Income": -21206000.0,
        "Net Income Including Noncontrolling Interests": -21206000.0,
        "Net Income Continuous Operations": -21206000.0,
        "Pretax Income": -21206000.0,
        "Other Income Expense": 112000.0,
        "Other Non Operating Income Expenses": 112000.0,
        "Special Income Charges": NaN,
        "Net Non Operating Interest Income Expense": 64000.0,
        "Interest Expense Non Operating": 1312000.0,
        "Interest Income Non Operating": 1376000.0,
        "Operating Income": -21382000.0,
        "Operating Expense": 57056000.0,
        "Research And Development": 5157000.0,
        "Selling General And Administration": 51899000.0,
        "Selling And Marketing Expense": 37681000.0,
        "General And Administrative Expense": 14218000.0,
        "Other Gand A": 14218000.0,
        "Salaries And Wages": NaN,
        "Gross Profit": 35674000.0,
        "Cost Of Revenue": 8781000.0,
        "Total Revenue": 44455000.0,
        "Operating Revenue": 44455000.0
    }
}