{
    "2023-06-30": {
        "Tax Effect Of Unusual Items": 0.0,
        "Tax Rate For Calcs": 0.256,
        "Normalized EBITDA": 323393000.0,
        "Total Unusual Items": 0.0,
        "Total Unusual Items Excluding Goodwill": 0.0,
        "Net Income From Continuing Operation Net Minority Interest": 234602000.0,
        "Reconciled Depreciation": 7391000.0,
        "Reconciled Cost Of Revenue": 1560879000.0,
        "EBITDA": 323393000.0,
        "EBIT": 316002000.0,
        "Net Interest Income": 5120000.0,
        "Interest Income": NaN,
        "Normalized Income": 234602000.0,
        "Net Income From Continuing And Discontinued Operation": 234602000.0,
        "Total Expenses": 1744562000.0,
        "Diluted Average Shares": 110856000.0,
        "Basic Average Shares": 109210000.0,
        "Diluted EPS": 2.12,
        "Basic EPS": 2.15,
        "Diluted NI Availto Com Stockholders": 234602000.0,
        "Net Income Common Stockholders": 234602000.0,
        "Net Income": 234602000.0,
        "Minority Interests": -303000.0,
        "Net Income Including Noncontrolling Interests": 234905000.0,
        "Net Income Continuous Operations": 234905000.0,
        "Tax Provision": 80854000.0,
        "Pretax Income": 315759000.0,
        "Other Income Expense": -5363000.0,
        "Other Non Operating Income Expenses": -8549000.0,
        "Special Income Charges": 0.0,
        "Other Special Charges": NaN,
        "Earnings From Equity Interest": 3186000.0,
        "Net Non Operating Interest Income Expense": 5120000.0,
        "Total Other Finance Cost": -5120000.0,
        "Interest Income Non Operating": NaN,
        "Operating Income": 316002000.0,
        "Operating Expense": 183683000.0,
        "Selling General And Administration": 183683000.0,
        "Selling And Marketing Expense": 113034000.0,
        "General And Administrative Expense": 70649000.0,
        "Other Gand A": 70649000.0,
        "Gross Profit": 499685000.0,
        "Cost Of Revenue": 1560879000.0,
        "Total Revenue": 2060564000.0,
        "Operating Revenue": 2060564000.0
    },
    "2023-03-31": {
        "Tax Effect Of Unusual Items": 0.0,
        "Tax Rate For Calcs": 0.23,
        "Normalized EBITDA": 247632000.0,
        "Total Unusual Items": NaN,
        "Total Unusual Items Excluding Goodwill": NaN,
        "Net Income From Continuing Operation Net Minority Interest": 191051000.0,
        "Reconciled Depreciation": 7087000.0,
        "Reconciled Cost Of Revenue": 1262291000.0,
        "EBITDA": 247632000.0,
        "EBIT": 240545000.0,
        "Net Interest Income": 1111000.0,
        "Interest Income": 1111000.0,
        "Normalized Income": 191051000.0,
        "Net Income From Continuing And Discontinued Operation": 191051000.0,
        "Total Expenses": 1421312000.0,
        "Diluted Average Shares": 110053000.0,
        "Basic Average Shares": 108429000.0,
        "Diluted EPS": 1.74,
        "Basic EPS": 1.76,
        "Diluted NI Availto Com Stockholders": 191051000.0,
        "Net Income Common Stockholders": 191051000.0,
        "Net Income": 191051000.0,
        "Minority Interests": -177000.0,
        "Net Income Including Noncontrolling Interests": 191228000.0,
        "Net Income Continuous Operations": 191228000.0,
        "Tax Provision": 57191000.0,
        "Pretax Income": 248419000.0,
        "Other Income Expense": 6763000.0,
        "Other Non Operating Income Expenses": 4834000.0,
        "Special Income Charges": NaN,
        "Other Special Charges": NaN,
        "Earnings From Equity Interest": 1929000.0,
        "Net Non Operating Interest Income Expense": 1111000.0,
        "Total Other Finance Cost": -1111000.0,
        "Interest Income Non Operating": 1111000.0,
        "Operating Income": 240545000.0,
        "Operating Expense": 159021000.0,
        "Selling General And Administration": 159021000.0,
        "Selling And Marketing Expense": 92760000.0,
        "General And Administrative Expense": 66261000.0,
        "Other Gand A": 66261000.0,
        "Gross Profit": 399566000.0,
        "Cost Of Revenue": 1262291000.0,
        "Total Revenue": 1661857000.0,
        "Operating Revenue": 1661857000.0
    },
    "2022-12-31": {
        "Tax Effect Of Unusual Items": NaN,
        "Tax Rate For Calcs": NaN,
        "Normalized EBITDA": NaN,
        "Total Unusual Items": 334000.0,
        "Total Unusual Items Excluding Goodwill": 334000.0,
        "Net Income From Continuing Operation Net Minority Interest": NaN,
        "Reconciled Depreciation": NaN,
        "Reconciled Cost Of Revenue": NaN,
        "EBITDA": NaN,
        "EBIT": NaN,
        "Net Interest Income": NaN,
        "Interest Income": NaN,
        "Normalized Income": NaN,
        "Net Income From Continuing And Discontinued Operation": NaN,
        "Total Expenses": NaN,
        "Diluted Average Shares": NaN,
        "Basic Average Shares": NaN,
        "Diluted EPS": NaN,
        "Basic EPS": NaN,
        "Diluted NI Availto Com Stockholders": NaN,
        "Net Income Common Stockholders": NaN,
        "Net Income": NaN,
        "Minority Interests": NaN,
        "Net Income Including Noncontrolling Interests": NaN,
        "Net Income Continuous Operations": NaN,
        "Tax Provision": NaN,
        "Pretax Income": NaN,
        "Other Income Expense": NaN,
        "Other Non Operating Income Expenses": NaN,
        "Special Income Charges": 334000.0,
        "Other Special Charges": -334000.0,
        "Earnings From Equity Interest": NaN,
        "Net Non Operating Interest Income Expense": NaN,
        "Total Other Finance Cost": 3851000.0,
        "Interest Income Non Operating": NaN,
        "Operating Income": NaN,
        "Operating Expense": NaN,
        "Selling General And Administration": NaN,
        "Selling And Marketing Expense": NaN,
        "General And Administrative Expense": NaN,
        "Other Gand A": NaN,
        "Gross Profit": NaN,
        "Cost Of Revenue": NaN,
        "Total Revenue": NaN,
        "Operating Revenue": NaN
    },
    "2022-09-30": {
        "Tax Effect Of Unusual Items": NaN,
        "Tax Rate For Calcs": NaN,
        "Normalized EBITDA": NaN,
        "Total Unusual Items": 71000.0,
        "Total Unusual Items Excluding Goodwill": 71000.0,
        "Net Income From Continuing Operation Net Minority Interest": NaN,
        "Reconciled Depreciation": NaN,
        "Reconciled Cost Of Revenue": NaN,
        "EBITDA": NaN,
        "EBIT": NaN,
        "Net Interest Income": NaN,
        "Interest Income": NaN,
        "Normalized Income": NaN,
        "Net Income From Continuing And Discontinued Operation": NaN,
        "Total Expenses": NaN,
        "Diluted Average Shares": NaN,
        "Basic Average Shares": NaN,
        "Diluted EPS": NaN,
        "Basic EPS": NaN,
        "Diluted NI Availto Com Stockholders": NaN,
        "Net Income Common Stockholders": NaN,
        "Net Income": NaN,
        "Minority Interests": NaN,
        "Net Income Including Noncontrolling Interests": NaN,
        "Net Income Continuous Operations": NaN,
        "Tax Provision": NaN,
        "Pretax Income": NaN,
        "Other Income Expense": NaN,
        "Other Non Operating Income Expenses": NaN,
        "Special Income Charges": 71000.0,
        "Other Special Charges": -71000.0,
        "Earnings From Equity Interest": NaN,
        "Net Non Operating Interest Income Expense": NaN,
        "Total Other Finance Cost": NaN,
        "Interest Income Non Operating": NaN,
        "Operating Income": NaN,
        "Operating Expense": NaN,
        "Selling General And Administration": NaN,
        "Selling And Marketing Expense": NaN,
        "General And Administrative Expense": NaN,
        "Other Gand A": NaN,
        "Gross Profit": NaN,
        "Cost Of Revenue": NaN,
        "Total Revenue": NaN,
        "Operating Revenue": NaN
    },
    "2022-06-30": {
        "Tax Effect Of Unusual Items": 3386455.087756,
        "Tax Rate For Calcs": 0.251389,
        "Normalized EBITDA": 362467000.0,
        "Total Unusual Items": 13471000.0,
        "Total Unusual Items Excluding Goodwill": 13471000.0,
        "Net Income From Continuing Operation Net Minority Interest": 290987000.0,
        "Reconciled Depreciation": 8917000.0,
        "Reconciled Cost Of Revenue": 1453543000.0,
        "EBITDA": 375938000.0,
        "EBIT": 375938000.0,
        "Net Interest Income": -5189000.0,
        "Interest Expense": NaN,
        "Normalized Income": 280902455.087756,
        "Net Income From Continuing And Discontinued Operation": 290987000.0,
        "Total Expenses": 1619085000.0,
        "Diluted Average Shares": 118931000.0,
        "Basic Average Shares": 117932000.0,
        "Diluted EPS": 2.45,
        "Basic EPS": 2.47,
        "Diluted NI Availto Com Stockholders": 290987000.0,
        "Net Income Common Stockholders": 290987000.0,
        "Net Income": 290987000.0,
        "Minority Interests": -2167000.0,
        "Net Income Including Noncontrolling Interests": 293154000.0,
        "Net Income Continuous Operations": 293154000.0,
        "Tax Provision": 98443000.0,
        "Pretax Income": 391597000.0,
        "Other Income Expense": 20848000.0,
        "Other Non Operating Income Expenses": 11014000.0,
        "Special Income Charges": 13471000.0,
        "Other Special Charges": -13471000.0,
        "Earnings From Equity Interest": -3637000.0,
        "Net Non Operating Interest Income Expense": -5189000.0,
        "Total Other Finance Cost": 5189000.0,
        "Interest Expense Non Operating": NaN,
        "Operating Income": 375938000.0,
        "Operating Expense": 165542000.0,
        "Selling General And Administration": 165542000.0,
        "Selling And Marketing Expense": 96135000.0,
        "General And Administrative Expense": 69407000.0,
        "Other Gand A": 69407000.0,
        "Gross Profit": 541480000.0,
        "Cost Of Revenue": 1453543000.0,
        "Total Revenue": 1995023000.0,
        "Operating Revenue": 1995023000.0
    },
    "2022-03-31": {
        "Diluted EPS": 1.44,
        "Total Revenue": NaN,
        "Gross Profit": 393,
        "Operating Income": 236,
        "EBIT": 245,
        "Net Income": 177
    },
    "2021-12-31": {
        "Diluted EPS": 2.14,
        "Total Revenue": NaN,
        "Gross Profit": 552,
        "Operating Income": 367,
        "EBIT": 377,
        "Net Income": 273
    },
    "2021-09-30": {
        "Diluted EPS": 1.34,
        "Total Revenue": NaN,
        "Gross Profit": 392,
        "Operating Income": 225,
        "EBIT": 235,
        "Net Income": 168
    },
    "2021-06-30": {
        "Diluted EPS": 0.95,
        "Total Revenue": NaN,
        "Gross Profit": 329,
        "Operating Income": 161,
        "EBIT": 171,
        "Net Income": 124
    },
    "2021-03-31": {
        "Diluted EPS": 0.75,
        "Total Revenue": NaN,
        "Gross Profit": 274,
        "Operating Income": 127,
        "EBIT": 137,
        "Net Income": 98
    },
    "2020-12-31": {
        "Diluted EPS": 0.77,
        "Total Revenue": NaN,
        "Gross Profit": 293,
        "Operating Income": 149,
        "EBIT": 160,
        "Net Income": 94
    },
    "2020-09-30": {
        "Diluted EPS": 0.87,
        "Total Revenue": NaN,
        "Gross Profit": 310,
        "Operating Income": 163,
        "EBIT": 172,
        "Net Income": 115
    },
    "2020-06-30": {
        "Diluted EPS": 0.5,
        "Total Revenue": NaN,
        "Gross Profit": 244,
        "Operating Income": 99,
        "EBIT": 107,
        "Net Income": 66
    },
    "2020-03-31": {
        "Diluted EPS": -0.26,
        "Total Revenue": NaN,
        "Gross Profit": 198,
        "Operating Income": 61,
        "EBIT": 69,
        "Net Income": -31
    },
    "2019-12-31": {
        "Diluted EPS": 0.5,
        "Total Revenue": NaN,
        "Gross Profit": 207,
        "Operating Income": 65,
        "EBIT": 75,
        "Net Income": 55
    },
    "2019-09-30": {
        "Diluted EPS": 0.63,
        "Total Revenue": NaN,
        "Gross Profit": 211,
        "Operating Income": 92,
        "EBIT": 100,
        "Net Income": 67
    },
    "2019-06-30": {
        "Diluted EPS": 0.76,
        "Total Revenue": NaN,
        "Gross Profit": 234,
        "Operating Income": 109,
        "EBIT": 115,
        "Net Income": 82
    },
    "2019-03-31": {
        "Diluted EPS": 0.46,
        "Total Revenue": 925,
        "Gross Profit": 172,
        "Operating Income": 68,
        "EBIT": 76,
        "Net Income": 51
    },
    "2018-12-31": {
        "Diluted EPS": 0.07,
        "Total Revenue": NaN,
        "Gross Profit": 217,
        "Operating Income": 88,
        "EBIT": 97,
        "Net Income": 9
    },
    "2018-09-30": {
        "Diluted EPS": 0.83,
        "Total Revenue": NaN,
        "Gross Profit": 199,
        "Operating Income": 98,
        "EBIT": 106,
        "Net Income": 94
    },
    "2018-06-30": {
        "Diluted EPS": 0.52,
        "Total Revenue": 981,
        "Gross Profit": 179,
        "Operating Income": 79,
        "EBIT": 86,
        "Net Income": 59
    },
    "2018-03-31": {
        "Diluted EPS": 0.41,
        "Total Revenue": 752,
        "Gross Profit": 143,
        "Operating Income": 56,
        "EBIT": 62,
        "Net Income": 45
    },
    "2017-12-31": {
        "Diluted EPS": 0.26,
        "Total Revenue": NaN,
        "Gross Profit": 254,
        "Operating Income": 143,
        "EBIT": 145,
        "Net Income": 19
    },
    "2017-09-30": {
        "Diluted EPS": 0.45,
        "Total Revenue": 908,
        "Gross Profit": 171,
        "Operating Income": 76,
        "EBIT": 78,
        "Net Income": 33
    },
    "2017-06-30": {
        "Diluted EPS": 0.46,
        "Total Revenue": 908,
        "Gross Profit": 171,
        "Operating Income": 76,
        "EBIT": 78,
        "Net Income": 27
    },
    "2017-03-31": {
        "Diluted EPS": 0.3,
        "Total Revenue": 769,
        "Gross Profit": 142,
        "Operating Income": 53,
        "EBIT": 55,
        "Net Income": 11
    },
    "2016-12-31": {
        "Diluted EPS": 0.62,
        "Total Revenue": NaN,
        "Gross Profit": 223,
        "Operating Income": 118,
        "EBIT": 120,
        "Net Income": 19
    },
    "2016-09-30": {
        "Diluted EPS": 0.49,
        "Total Revenue": 853,
        "Gross Profit": 179,
        "Operating Income": 91,
        "EBIT": 93,
        "Net Income": 15
    },
    "2016-06-30": {
        "Diluted EPS": 0.37,
        "Total Revenue": 854,
        "Gross Profit": 160,
        "Operating Income": 69,
        "EBIT": 71,
        "Net Income": 12
    },
    "2016-03-31": {
        "Diluted EPS": 0.21,
        "Total Revenue": 645,
        "Gross Profit": 119,
        "Operating Income": 41,
        "EBIT": 43,
        "Net Income": 7
    },
    "2015-12-31": {
        "Diluted EPS": 0.54,
        "Total Revenue": 970,
        "Gross Profit": 187,
        "Operating Income": 100,
        "EBIT": 102,
        "Net Income": 18
    },
    "2015-09-30": {
        "Diluted EPS": 0.37,
        "Total Revenue": 796,
        "Gross Profit": 149,
        "Operating Income": 71,
        "EBIT": 73,
        "Net Income": 12
    },
    "2015-06-30": {
        "Diluted EPS": 0.15,
        "Total Revenue": 701,
        "Gross Profit": 137,
        "Operating Income": 65,
        "EBIT": 69,
        "Net Income": 5
    },
    "2015-03-31": {
        "Diluted EPS": 0.79,
        "Total Revenue": 509,
        "Gross Profit": 95,
        "Operating Income": 38,
        "EBIT": 39,
        "Net Income": 26
    },
    "2014-12-31": {
        "Diluted EPS": 0.85,
        "Total Revenue": NaN,
        "Gross Profit": 204,
        "Operating Income": 125,
        "EBIT": 131,
        "Net Income": 28
    },
    "2014-09-30": {
        "Diluted EPS": 0.54,
        "Total Revenue": 629,
        "Gross Profit": 132,
        "Operating Income": 71,
        "EBIT": 73,
        "Net Income": 18
    },
    "2014-06-30": {
        "Diluted EPS": 0.45,
        "Total Revenue": 597,
        "Gross Profit": 127,
        "Operating Income": 69,
        "EBIT": 72,
        "Net Income": 15
    },
    "2014-03-31": {
        "Diluted EPS": 0.33,
        "Total Revenue": 470,
        "Gross Profit": 103,
        "Operating Income": 51,
        "EBIT": 50,
        "Net Income": 11
    },
    "2013-12-31": {
        "Diluted EPS": 0.79,
        "Total Revenue": 391,
        "Gross Profit": 95,
        "Operating Income": 56,
        "EBIT": 57,
        "Net Income": 26
    },
    "2013-09-30": {
        "Diluted EPS": 0.43,
        "Total Revenue": 634,
        "Gross Profit": 134,
        "Operating Income": 75,
        "EBIT": 75,
        "Net Income": 14
    },
    "2013-06-30": {
        "Diluted EPS": 0.16,
        "Total Revenue": 509,
        "Gross Profit": 105,
        "Operating Income": 45,
        "EBIT": 46,
        "Net Income": 5
    },
    "2013-03-31": {
        "Diluted EPS": 0.0,
        "Total Revenue": 382,
        "Gross Profit": 82,
        "Operating Income": 35,
        "EBIT": 37,
        "Net Income": NaN
    },
    "2012-12-31": {
        "Diluted EPS": 0.6,
        "Total Revenue": NaN,
        "Gross Profit": NaN,
        "Operating Income": NaN,
        "EBIT": NaN,
        "Net Income": 431
    },
    "2012-09-30": {
        "Diluted EPS": 0.0,
        "Total Revenue": 321,
        "Gross Profit": 74,
        "Operating Income": 42,
        "EBIT": 44,
        "Net Income": 43
    },
    "2012-06-30": {
        "Diluted EPS": 0.0,
        "Total Revenue": 318,
        "Gross Profit": 62,
        "Operating Income": 33,
        "EBIT": 33,
        "Net Income": 29
    },
    "2012-03-31": {
        "Diluted EPS": 0.02,
        "Total Revenue": 239,
        "Gross Profit": 239,
        "Operating Income": 239,
        "EBIT": 239,
        "Net Income": 10
    },
    "2011-12-31": {
        "Diluted EPS": 0.0,
        "Total Revenue": NaN,
        "Gross Profit": NaN,
        "Operating Income": NaN,
        "EBIT": NaN,
        "Net Income": NaN
    },
    "2023-09-30": {
        "Tax Effect Of Unusual Items": -68326.0,
        "Tax Rate For Calcs": 0.254,
        "Normalized EBITDA": 233435000.0,
        "Total Unusual Items": -269000.0,
        "Total Unusual Items Excluding Goodwill": -269000.0,
        "Net Income From Continuing Operation Net Minority Interest": 170691000.0,
        "Reconciled Depreciation": 9239000.0,
        "Reconciled Cost Of Revenue": 1283827000.0,
        "EBITDA": 233166000.0,
        "EBIT": 223927000.0,
        "Net Interest Income": 5782000.0,
        "Interest Income": NaN,
        "Normalized Income": 170891674.0,
        "Net Income From Continuing And Discontinued Operation": 170691000.0,
        "Total Expenses": 1451618000.0,
        "Diluted Average Shares": 110622000.0,
        "Basic Average Shares": 108837000.0,
        "Diluted EPS": 1.54,
        "Basic EPS": 1.57,
        "Diluted NI Availto Com Stockholders": 170691000.0,
        "Net Income Common Stockholders": 170691000.0,
        "Net Income": 170691000.0,
        "Minority Interests": 245000.0,
        "Net Income Including Noncontrolling Interests": 170446000.0,
        "Net Income Continuous Operations": 170446000.0,
        "Tax Provision": 57960000.0,
        "Pretax Income": 228406000.0,
        "Other Income Expense": -1303000.0,
        "Other Non Operating Income Expenses": -2968000.0,
        "Special Income Charges": -269000.0,
        "Other Special Charges": 269000.0,
        "Earnings From Equity Interest": 1934000.0,
        "Net Non Operating Interest Income Expense": 5782000.0,
        "Total Other Finance Cost": -5782000.0,
        "Interest Income Non Operating": NaN,
        "Operating Income": 223927000.0,
        "Operating Expense": 167791000.0,
        "Selling General And Administration": 167791000.0,
        "Selling And Marketing Expense": 98797000.0,
        "General And Administrative Expense": 68994000.0,
        "Other Gand A": 68994000.0,
        "Gross Profit": 391718000.0,
        "Cost Of Revenue": 1283827000.0,
        "Total Revenue": 1675545000.0,
        "Operating Revenue": 1675545000.0
    },
    "2023-12-31": {
        "Tax Effect Of Unusual Items": -6012.732293,
        "Tax Rate For Calcs": 0.231259,
        "Normalized EBITDA": 313607000.0,
        "Total Unusual Items": -26000.0,
        "Total Unusual Items Excluding Goodwill": -26000.0,
        "Net Income From Continuing Operation Net Minority Interest": 172585000.0,
        "Reconciled Depreciation": 9689000.0,
        "Reconciled Cost Of Revenue": 1527761000.0,
        "EBITDA": 313581000.0,
        "EBIT": 303892000.0,
        "Net Interest Income": 564000.0,
        "Interest Income": NaN,
        "Normalized Income": 172604987.267707,
        "Net Income From Continuing And Discontinued Operation": 172585000.0,
        "Total Expenses": 1715973000.0,
        "Diluted Average Shares": 108969000.0,
        "Basic Average Shares": 107227000.0,
        "Diluted EPS": 1.58,
        "Basic EPS": 1.61,
        "Diluted NI Availto Com Stockholders": 172585000.0,
        "Net Income Common Stockholders": 172585000.0,
        "Net Income": 172585000.0,
        "Minority Interests": -577000.0,
        "Net Income Including Noncontrolling Interests": 173162000.0,
        "Net Income Continuous Operations": 173162000.0,
        "Tax Provision": 52092000.0,
        "Pretax Income": 225254000.0,
        "Other Income Expense": -79202000.0,
        "Other Non Operating Income Expenses": -80884000.0,
        "Special Income Charges": -26000.0,
        "Other Special Charges": 26000.0,
        "Earnings From Equity Interest": 1708000.0,
        "Net Non Operating Interest Income Expense": 564000.0,
        "Total Other Finance Cost": -564000.0,
        "Interest Income Non Operating": NaN,
        "Operating Income": 303892000.0,
        "Operating Expense": 188212000.0,
        "Selling General And Administration": 188212000.0,
        "Selling And Marketing Expense": 113543000.0,
        "General And Administrative Expense": 74669000.0,
        "Other Gand A": 74669000.0,
        "Gross Profit": 492104000.0,
        "Cost Of Revenue": 1527761000.0,
        "Total Revenue": 2019865000.0,
        "Operating Revenue": 2019865000.0
    },
    "2024-03-31": {
        "Tax Effect Of Unusual Items": 0.0,
        "Tax Rate For Calcs": 0.232,
        "Normalized EBITDA": 256931000.0,
        "Total Unusual Items": NaN,
        "Total Unusual Items Excluding Goodwill": NaN,
        "Net Income From Continuing Operation Net Minority Interest": 190270000.0,
        "Reconciled Depreciation": 10250000.0,
        "Reconciled Cost Of Revenue": 1282907000.0,
        "EBITDA": 256931000.0,
        "EBIT": 246681000.0,
        "Net Interest Income": 43000.0,
        "Interest Income": 43000.0,
        "Normalized Income": 190270000.0,
        "Net Income From Continuing And Discontinued Operation": 190270000.0,
        "Total Expenses": 1453071000.0,
        "Diluted Average Shares": 108564000.0,
        "Basic Average Shares": 106457000.0,
        "Diluted EPS": 1.75,
        "Basic EPS": 1.79,
        "Diluted NI Availto Com Stockholders": 190270000.0,
        "Net Income Common Stockholders": 190270000.0,
        "Net Income": 190270000.0,
        "Minority Interests": -891000.0,
        "Net Income Including Noncontrolling Interests": 191161000.0,
        "Net Income Continuous Operations": 191161000.0,
        "Tax Provision": 57719000.0,
        "Pretax Income": 248880000.0,
        "Other Income Expense": 2156000.0,
        "Other Non Operating Income Expenses": -595000.0,
        "Special Income Charges": NaN,
        "Other Special Charges": NaN,
        "Earnings From Equity Interest": 2751000.0,
        "Net Non Operating Interest Income Expense": 43000.0,
        "Total Other Finance Cost": NaN,
        "Interest Income Non Operating": 43000.0,
        "Operating Income": 246681000.0,
        "Operating Expense": 170164000.0,
        "Selling General And Administration": 170164000.0,
        "Selling And Marketing Expense": 102600000.0,
        "General And Administrative Expense": 67564000.0,
        "Other Gand A": 67564000.0,
        "Gross Profit": 416845000.0,
        "Cost Of Revenue": 1282907000.0,
        "Total Revenue": 1699752000.0,
        "Operating Revenue": 1699752000.0
    }
}