{
    "2023-03-31": {
        "Tax Effect Of Unusual Items": -24100.0,
        "Tax Rate For Calcs": 0.241,
        "Normalized EBITDA": 48000000.0,
        "Total Unusual Items": -100000.0,
        "Total Unusual Items Excluding Goodwill": -100000.0,
        "Net Income From Continuing Operation Net Minority Interest": 24300000.0,
        "Reconciled Depreciation": 12200000.0,
        "Reconciled Cost Of Revenue": 180300000.0,
        "EBITDA": 47900000.0,
        "EBIT": 35700000.0,
        "Net Interest Income": -3700000.0,
        "Interest Expense": 3700000.0,
        "Normalized Income": 24375900.0,
        "Net Income From Continuing And Discontinued Operation": 24300000.0,
        "Total Expenses": 269900000.0,
        "Total Operating Income As Reported": 35900000.0,
        "Diluted Average Shares": 18682268.0,
        "Basic Average Shares": 18449430.0,
        "Diluted EPS": 1.3,
        "Basic EPS": 1.32,
        "Diluted NI Availto Com Stockholders": 24300000.0,
        "Net Income Common Stockholders": 24300000.0,
        "Net Income": 24300000.0,
        "Net Income Including Noncontrolling Interests": 24300000.0,
        "Net Income Continuous Operations": 24300000.0,
        "Tax Provision": 7700000.0,
        "Pretax Income": 32000000.0,
        "Other Income Expense": -200000.0,
        "Other Non Operating Income Expenses": -100000.0,
        "Special Income Charges": NaN,
        "Gain On Sale Of Ppe": NaN,
        "Gain On Sale Of Security": -100000.0,
        "Net Non Operating Interest Income Expense": -3700000.0,
        "Interest Expense Non Operating": 3700000.0,
        "Operating Income": 35900000.0,
        "Operating Expense": 89600000.0,
        "Research And Development": 7900000.0,
        "Selling General And Administration": 81700000.0,
        "Gross Profit": 125500000.0,
        "Cost Of Revenue": 180300000.0,
        "Total Revenue": 305800000.0,
        "Operating Revenue": 305800000.0
    },
    "2022-12-31": {
        "Tax Effect Of Unusual Items": -28800.0,
        "Tax Rate For Calcs": 0.036,
        "Normalized EBITDA": 28900000.0,
        "Total Unusual Items": -800000.0,
        "Total Unusual Items Excluding Goodwill": -800000.0,
        "Net Income From Continuing Operation Net Minority Interest": 23800000.0,
        "Reconciled Depreciation": 12600000.0,
        "Reconciled Cost Of Revenue": 175800000.0,
        "EBITDA": 28100000.0,
        "EBIT": 28100000.0,
        "Net Interest Income": -3400000.0,
        "Interest Expense": 3400000.0,
        "Normalized Income": 24571200.0,
        "Net Income From Continuing And Discontinued Operation": 23800000.0,
        "Total Expenses": 262600000.0,
        "Total Operating Income As Reported": 28400000.0,
        "Diluted Average Shares": 18649009.0,
        "Basic Average Shares": 18490504.0,
        "Diluted EPS": 1.27,
        "Basic EPS": 1.29,
        "Diluted NI Availto Com Stockholders": 23800000.0,
        "Net Income Common Stockholders": 23800000.0,
        "Net Income": 23800000.0,
        "Net Income Including Noncontrolling Interests": 23800000.0,
        "Net Income Continuous Operations": 23800000.0,
        "Tax Provision": 900000.0,
        "Pretax Income": 24700000.0,
        "Other Income Expense": -300000.0,
        "Other Non Operating Income Expenses": 500000.0,
        "Special Income Charges": 0.0,
        "Gain On Sale Of Ppe": 0.0,
        "Gain On Sale Of Security": -800000.0,
        "Net Non Operating Interest Income Expense": -3400000.0,
        "Interest Expense Non Operating": 3400000.0,
        "Operating Income": 28400000.0,
        "Operating Expense": 86800000.0,
        "Research And Development": 7600000.0,
        "Selling General And Administration": 79200000.0,
        "Gross Profit": 115200000.0,
        "Cost Of Revenue": 175800000.0,
        "Total Revenue": 291000000.0,
        "Operating Revenue": 291000000.0
    },
    "2022-09-30": {
        "Tax Effect Of Unusual Items": 0.0,
        "Tax Rate For Calcs": 0.212,
        "Normalized EBITDA": 33300000.0,
        "Total Unusual Items": 0.0,
        "Total Unusual Items Excluding Goodwill": 0.0,
        "Net Income From Continuing Operation Net Minority Interest": 15600000.0,
        "Reconciled Depreciation": 11300000.0,
        "Reconciled Cost Of Revenue": 162200000.0,
        "EBITDA": 33300000.0,
        "EBIT": 22000000.0,
        "Net Interest Income": -2200000.0,
        "Interest Expense": 2200000.0,
        "Normalized Income": 15600000.0,
        "Net Income From Continuing And Discontinued Operation": 15600000.0,
        "Total Expenses": 241500000.0,
        "Total Operating Income As Reported": 21400000.0,
        "Diluted Average Shares": 18691916.0,
        "Basic Average Shares": 18515851.0,
        "Diluted EPS": 0.83,
        "Basic EPS": 0.84,
        "Diluted NI Availto Com Stockholders": 15600000.0,
        "Net Income Common Stockholders": 15600000.0,
        "Net Income": 15600000.0,
        "Net Income Including Noncontrolling Interests": 15600000.0,
        "Net Income Continuous Operations": 15600000.0,
        "Tax Provision": 4200000.0,
        "Pretax Income": 19800000.0,
        "Other Income Expense": 600000.0,
        "Other Non Operating Income Expenses": 600000.0,
        "Special Income Charges": 0.0,
        "Gain On Sale Of Ppe": 0.0,
        "Gain On Sale Of Security": NaN,
        "Net Non Operating Interest Income Expense": -2200000.0,
        "Interest Expense Non Operating": 2200000.0,
        "Operating Income": 21400000.0,
        "Operating Expense": 79300000.0,
        "Research And Development": 7900000.0,
        "Selling General And Administration": 71400000.0,
        "Gross Profit": 100700000.0,
        "Cost Of Revenue": 162200000.0,
        "Total Revenue": 262900000.0,
        "Operating Revenue": 262900000.0
    },
    "2022-06-30": {
        "Tax Effect Of Unusual Items": 491400.0,
        "Tax Rate For Calcs": 0.182,
        "Normalized EBITDA": 30900000.0,
        "Total Unusual Items": 2700000.0,
        "Total Unusual Items Excluding Goodwill": 2700000.0,
        "Net Income From Continuing Operation Net Minority Interest": 16600000.0,
        "Reconciled Depreciation": 12100000.0,
        "Reconciled Cost Of Revenue": 174100000.0,
        "EBITDA": 33600000.0,
        "EBIT": 21500000.0,
        "Net Interest Income": -1200000.0,
        "Interest Expense": 1200000.0,
        "Interest Income": 0.0,
        "Normalized Income": 14391400.0,
        "Net Income From Continuing And Discontinued Operation": 16600000.0,
        "Total Expenses": 261100000.0,
        "Total Operating Income As Reported": 22800000.0,
        "Diluted Average Shares": 18683798.0,
        "Basic Average Shares": 18507073.0,
        "Diluted EPS": 0.89,
        "Basic EPS": 0.9,
        "Diluted NI Availto Com Stockholders": 16600000.0,
        "Net Income Common Stockholders": 16600000.0,
        "Net Income": 16600000.0,
        "Net Income Including Noncontrolling Interests": 16600000.0,
        "Net Income Continuous Operations": 16600000.0,
        "Tax Provision": 3700000.0,
        "Pretax Income": 20300000.0,
        "Other Income Expense": 2400000.0,
        "Other Non Operating Income Expenses": -300000.0,
        "Special Income Charges": 3700000.0,
        "Gain On Sale Of Ppe": 3700000.0,
        "Gain On Sale Of Security": -1000000.0,
        "Net Non Operating Interest Income Expense": -1200000.0,
        "Interest Expense Non Operating": 1200000.0,
        "Interest Income Non Operating": 0.0,
        "Operating Income": 19100000.0,
        "Operating Expense": 87000000.0,
        "Research And Development": 7900000.0,
        "Selling General And Administration": 79100000.0,
        "Gross Profit": 106100000.0,
        "Cost Of Revenue": 174100000.0,
        "Total Revenue": 280200000.0,
        "Operating Revenue": 280200000.0
    },
    "2022-03-31": {
        "Diluted EPS": 0.55,
        "Total Revenue": 258,
        "Gross Profit": 99,
        "Operating Income": 15,
        "EBIT": 27,
        "Net Income": 10
    },
    "2021-12-31": {
        "Diluted EPS": 0.42,
        "Total Revenue": 276,
        "Gross Profit": 101,
        "Operating Income": 13,
        "EBIT": 27,
        "Net Income": 8
    },
    "2021-09-30": {
        "Diluted EPS": 1.14,
        "Total Revenue": 272,
        "Gross Profit": 109,
        "Operating Income": 24,
        "EBIT": 37,
        "Net Income": 22
    },
    "2021-06-30": {
        "Diluted EPS": 0.51,
        "Total Revenue": 279,
        "Gross Profit": 115,
        "Operating Income": 20,
        "EBIT": 33,
        "Net Income": 10
    },
    "2021-03-31": {
        "Diluted EPS": 1.37,
        "Total Revenue": 263,
        "Gross Profit": 113,
        "Operating Income": 36,
        "EBIT": 50,
        "Net Income": 26
    },
    "2020-12-31": {
        "Diluted EPS": 0.13,
        "Total Revenue": 273,
        "Gross Profit": 112,
        "Operating Income": 8,
        "EBIT": 22,
        "Net Income": 3
    },
    "2020-09-30": {
        "Diluted EPS": 0.63,
        "Total Revenue": 262,
        "Gross Profit": 104,
        "Operating Income": 18,
        "EBIT": 32,
        "Net Income": 12
    },
    "2020-06-30": {
        "Diluted EPS": 0.77,
        "Total Revenue": 214,
        "Gross Profit": 90,
        "Operating Income": 23,
        "EBIT": 36,
        "Net Income": 14
    },
    "2020-03-31": {
        "Diluted EPS": 0.28,
        "Total Revenue": 252,
        "Gross Profit": 103,
        "Operating Income": 14,
        "EBIT": 28,
        "Net Income": 5
    },
    "2019-12-31": {
        "Diluted EPS": 0.59,
        "Total Revenue": 295,
        "Gross Profit": 119,
        "Operating Income": 20,
        "EBIT": 32,
        "Net Income": 11
    },
    "2019-09-30": {
        "Diluted EPS": 0.79,
        "Total Revenue": 281,
        "Gross Profit": 114,
        "Operating Income": 22,
        "EBIT": 35,
        "Net Income": 15
    },
    "2019-06-30": {
        "Diluted EPS": 0.81,
        "Total Revenue": 300,
        "Gross Profit": 121,
        "Operating Income": 20,
        "EBIT": 34,
        "Net Income": 15
    },
    "2019-03-31": {
        "Diluted EPS": 0.29,
        "Total Revenue": 263,
        "Gross Profit": 108,
        "Operating Income": 11,
        "EBIT": 25,
        "Net Income": 5
    },
    "2018-12-31": {
        "Diluted EPS": 0.43,
        "Total Revenue": 285,
        "Gross Profit": 112,
        "Operating Income": 13,
        "EBIT": 27,
        "Net Income": 8
    },
    "2018-09-30": {
        "Diluted EPS": 0.52,
        "Total Revenue": 273,
        "Gross Profit": 107,
        "Operating Income": 15,
        "EBIT": 30,
        "Net Income": 10
    },
    "2018-06-30": {
        "Diluted EPS": 0.69,
        "Total Revenue": 292,
        "Gross Profit": 117,
        "Operating Income": 19,
        "EBIT": 34,
        "Net Income": 13
    },
    "2018-03-31": {
        "Diluted EPS": 0.18,
        "Total Revenue": 273,
        "Gross Profit": 109,
        "Operating Income": 10,
        "EBIT": 25,
        "Net Income": 3
    },
    "2017-12-31": {
        "Diluted EPS": -0.18,
        "Total Revenue": 279,
        "Gross Profit": 111,
        "Operating Income": 15,
        "EBIT": 30,
        "Net Income": -3
    },
    "2017-09-30": {
        "Diluted EPS": 0.2,
        "Total Revenue": 262,
        "Gross Profit": 105,
        "Operating Income": 11,
        "EBIT": 27,
        "Net Income": 4
    },
    "2017-06-30": {
        "Diluted EPS": -0.15,
        "Total Revenue": 271,
        "Gross Profit": 105,
        "Operating Income": 9,
        "EBIT": 20,
        "Net Income": -3
    },
    "2017-03-31": {
        "Diluted EPS": -0.22,
        "Total Revenue": 191,
        "Gross Profit": 80,
        "Operating Income": -3,
        "EBIT": 2,
        "Net Income": -4
    },
    "2016-12-31": {
        "Diluted EPS": 0.85,
        "Total Revenue": 212,
        "Gross Profit": 94,
        "Operating Income": 22,
        "EBIT": 27,
        "Net Income": 15
    },
    "2016-09-30": {
        "Diluted EPS": 0.64,
        "Total Revenue": 200,
        "Gross Profit": 85,
        "Operating Income": 16,
        "EBIT": 21,
        "Net Income": 11
    },
    "2016-06-30": {
        "Diluted EPS": 0.85,
        "Total Revenue": 217,
        "Gross Profit": 95,
        "Operating Income": 23,
        "EBIT": 27,
        "Net Income": 15
    },
    "2016-03-31": {
        "Diluted EPS": 0.25,
        "Total Revenue": 180,
        "Gross Profit": 78,
        "Operating Income": 7,
        "EBIT": 11,
        "Net Income": 4
    },
    "2015-12-31": {
        "Diluted EPS": 0.73,
        "Total Revenue": 206,
        "Gross Profit": 87,
        "Operating Income": 18,
        "EBIT": 22,
        "Net Income": 13
    },
    "2015-09-30": {
        "Diluted EPS": -0.05,
        "Total Revenue": 205,
        "Gross Profit": 89,
        "Operating Income": 5,
        "EBIT": 9,
        "Net Income": -1
    },
    "2015-06-30": {
        "Diluted EPS": 0.79,
        "Total Revenue": 215,
        "Gross Profit": 95,
        "Operating Income": 23,
        "EBIT": 27,
        "Net Income": 15
    },
    "2015-03-31": {
        "Diluted EPS": 0.27,
        "Total Revenue": 186,
        "Gross Profit": 78,
        "Operating Income": 8,
        "EBIT": 13,
        "Net Income": 5
    },
    "2014-12-31": {
        "Diluted EPS": 0.93,
        "Total Revenue": 216,
        "Gross Profit": 93,
        "Operating Income": 23,
        "EBIT": 28,
        "Net Income": 18
    },
    "2014-09-30": {
        "Diluted EPS": 0.63,
        "Total Revenue": 203,
        "Gross Profit": 87,
        "Operating Income": 17,
        "EBIT": 22,
        "Net Income": 12
    },
    "2014-06-30": {
        "Diluted EPS": 0.83,
        "Total Revenue": 219,
        "Gross Profit": 95,
        "Operating Income": 23,
        "EBIT": 28,
        "Net Income": 16
    },
    "2014-03-31": {
        "Diluted EPS": 0.31,
        "Total Revenue": 184,
        "Gross Profit": 77,
        "Operating Income": 9,
        "EBIT": 14,
        "Net Income": 6
    },
    "2013-12-31": {
        "Diluted EPS": 0.55,
        "Total Revenue": 195,
        "Gross Profit": 84,
        "Operating Income": 18,
        "EBIT": 23,
        "Net Income": 10
    },
    "2013-09-30": {
        "Diluted EPS": 0.56,
        "Total Revenue": 189,
        "Gross Profit": 82,
        "Operating Income": 16,
        "EBIT": 21,
        "Net Income": 11
    },
    "2013-06-30": {
        "Diluted EPS": 0.76,
        "Total Revenue": 200,
        "Gross Profit": 88,
        "Operating Income": 22,
        "EBIT": 27,
        "Net Income": 14
    },
    "2013-03-31": {
        "Diluted EPS": 0.27,
        "Total Revenue": 168,
        "Gross Profit": 73,
        "Operating Income": 7,
        "EBIT": 12,
        "Net Income": 5
    },
    "2012-12-31": {
        "Diluted EPS": 0.73,
        "Total Revenue": 188,
        "Gross Profit": 83,
        "Operating Income": 19,
        "EBIT": 25,
        "Net Income": 14
    },
    "2012-09-30": {
        "Diluted EPS": 0.46,
        "Total Revenue": 178,
        "Gross Profit": 78,
        "Operating Income": 14,
        "EBIT": 19,
        "Net Income": 9
    },
    "2012-06-30": {
        "Diluted EPS": 0.71,
        "Total Revenue": 199,
        "Gross Profit": 89,
        "Operating Income": 22,
        "EBIT": 27,
        "Net Income": 14
    },
    "2012-03-31": {
        "Diluted EPS": 0.28,
        "Total Revenue": 174,
        "Gross Profit": 75,
        "Operating Income": 8,
        "EBIT": 14,
        "Net Income": 5
    },
    "2011-12-31": {
        "Diluted EPS": 0.59,
        "Total Revenue": 193,
        "Gross Profit": 84,
        "Operating Income": 15,
        "EBIT": 22,
        "Net Income": 11
    },
    "2011-09-30": {
        "Diluted EPS": 0.5,
        "Total Revenue": 187,
        "Gross Profit": 80,
        "Operating Income": 16,
        "EBIT": 21,
        "Net Income": 10
    },
    "2011-06-30": {
        "Diluted EPS": 0.3,
        "Total Revenue": 201,
        "Gross Profit": 83,
        "Operating Income": 10,
        "EBIT": 15,
        "Net Income": 6
    },
    "2011-03-31": {
        "Diluted EPS": 0.3,
        "Total Revenue": 173,
        "Gross Profit": 72,
        "Operating Income": 8,
        "EBIT": 13,
        "Net Income": 6
    },
    "2010-12-31": {
        "Diluted EPS": 0.88,
        "Total Revenue": 183,
        "Gross Profit": 77,
        "Operating Income": 9,
        "EBIT": 15,
        "Net Income": 17
    },
    "2010-09-30": {
        "Diluted EPS": 0.39,
        "Total Revenue": 169,
        "Gross Profit": 72,
        "Operating Income": 11,
        "EBIT": 16,
        "Net Income": 8
    },
    "2010-06-30": {
        "Diluted EPS": 0.32,
        "Total Revenue": 166,
        "Gross Profit": 72,
        "Operating Income": 11,
        "EBIT": 16,
        "Net Income": 6
    },
    "2010-03-31": {
        "Diluted EPS": 0.21,
        "Total Revenue": 150,
        "Gross Profit": 64,
        "Operating Income": 6,
        "EBIT": 12,
        "Net Income": 4
    },
    "2009-12-31": {
        "Diluted EPS": 0.4,
        "Total Revenue": 164,
        "Gross Profit": 68,
        "Operating Income": 6,
        "EBIT": 12,
        "Net Income": 7
    },
    "2009-09-30": {
        "Diluted EPS": 0.31,
        "Total Revenue": 154,
        "Gross Profit": 65,
        "Operating Income": 8,
        "EBIT": 13,
        "Net Income": 6
    },
    "2009-06-30": {
        "Diluted EPS": 0.16,
        "Total Revenue": 149,
        "Gross Profit": 60,
        "Operating Income": 5,
        "EBIT": 11,
        "Net Income": 3
    },
    "2009-03-31": {
        "Diluted EPS": -2.29,
        "Total Revenue": 129,
        "Gross Profit": 53,
        "Operating Income": -42,
        "EBIT": 8,
        "Net Income": -42
    },
    "2023-06-30": {
        "Tax Effect Of Unusual Items": 216000.0,
        "Tax Rate For Calcs": 0.216,
        "Normalized EBITDA": 55400000.0,
        "Total Unusual Items": 1000000.0,
        "Total Unusual Items Excluding Goodwill": 1000000.0,
        "Net Income From Continuing Operation Net Minority Interest": 31300000.0,
        "Reconciled Depreciation": 12500000.0,
        "Reconciled Cost Of Revenue": 182200000.0,
        "EBITDA": 56400000.0,
        "EBIT": 43900000.0,
        "Net Interest Income": -4000000.0,
        "Interest Expense": 4000000.0,
        "Normalized Income": 30516000.0,
        "Net Income From Continuing And Discontinued Operation": 31300000.0,
        "Total Expenses": 278200000.0,
        "Total Operating Income As Reported": 43500000.0,
        "Diluted Average Shares": 18713455.0,
        "Basic Average Shares": 18436367.0,
        "Diluted EPS": 1.68,
        "Basic EPS": 1.7,
        "Diluted NI Availto Com Stockholders": 31300000.0,
        "Net Income Common Stockholders": 31300000.0,
        "Net Income": 31300000.0,
        "Net Income Including Noncontrolling Interests": 31300000.0,
        "Net Income Continuous Operations": 31300000.0,
        "Tax Provision": 8600000.0,
        "Pretax Income": 39900000.0,
        "Other Income Expense": 400000.0,
        "Other Non Operating Income Expenses": -600000.0,
        "Special Income Charges": 0.0,
        "Gain On Sale Of Ppe": 0.0,
        "Gain On Sale Of Security": 1000000.0,
        "Net Non Operating Interest Income Expense": -4000000.0,
        "Interest Expense Non Operating": 4000000.0,
        "Operating Income": 43500000.0,
        "Operating Expense": 96000000.0,
        "Research And Development": 9000000.0,
        "Selling General And Administration": 87000000.0,
        "Gross Profit": 139500000.0,
        "Cost Of Revenue": 182200000.0,
        "Total Revenue": 321700000.0,
        "Operating Revenue": 321700000.0
    }
}