{
    "2023-03-31": {
        "Tax Effect Of Unusual Items": 0.0,
        "Tax Rate For Calcs": 0.21,
        "Normalized EBITDA": -119112000.0,
        "Total Unusual Items": 0.0,
        "Total Unusual Items Excluding Goodwill": 0.0,
        "Net Income From Continuing Operation Net Minority Interest": -123873000.0,
        "Reconciled Depreciation": 3396000.0,
        "Reconciled Cost Of Revenue": 86476000.0,
        "EBITDA": -119112000.0,
        "EBIT": -122508000.0,
        "Net Interest Income": 4231000.0,
        "Interest Expense": 1078000.0,
        "Interest Income": 5865000.0,
        "Normalized Income": -123873000.0,
        "Net Income From Continuing And Discontinued Operation": -123873000.0,
        "Total Expenses": 297200000.0,
        "Total Operating Income As Reported": -127817000.0,
        "Diluted Average Shares": 64549000.0,
        "Basic Average Shares": 64549000.0,
        "Diluted EPS": -1.92,
        "Basic EPS": -1.92,
        "Diluted NI Availto Com Stockholders": -123873000.0,
        "Net Income Common Stockholders": -123873000.0,
        "Net Income": -123873000.0,
        "Net Income Including Noncontrolling Interests": -123873000.0,
        "Net Income Continuous Operations": -123873000.0,
        "Tax Provision": 287000.0,
        "Pretax Income": -123586000.0,
        "Other Income Expense": NaN,
        "Special Income Charges": 0.0,
        "Other Special Charges": NaN,
        "Restructuring And Mergern Acquisition": NaN,
        "Net Non Operating Interest Income Expense": 4231000.0,
        "Total Other Finance Cost": 556000.0,
        "Interest Expense Non Operating": 1078000.0,
        "Interest Income Non Operating": 5865000.0,
        "Operating Income": -127817000.0,
        "Operating Expense": 210724000.0,
        "Research And Development": 120910000.0,
        "Selling General And Administration": 89814000.0,
        "Gross Profit": 82907000.0,
        "Cost Of Revenue": 86476000.0,
        "Total Revenue": 169383000.0,
        "Operating Revenue": 169383000.0
    },
    "2022-12-31": {
        "Tax Effect Of Unusual Items": 712.672211,
        "Tax Rate For Calcs": 0.016197,
        "Normalized EBITDA": -11438000.0,
        "Total Unusual Items": 44000.0,
        "Total Unusual Items Excluding Goodwill": 44000.0,
        "Net Income From Continuing Operation Net Minority Interest": -15853000.0,
        "Reconciled Depreciation": 3641000.0,
        "Reconciled Cost Of Revenue": 104979000.0,
        "EBITDA": -11394000.0,
        "EBIT": -15035000.0,
        "Net Interest Income": 1619000.0,
        "Interest Expense": 1079000.0,
        "Interest Income": 3199000.0,
        "Normalized Income": -15896287.327789,
        "Net Income From Continuing And Discontinued Operation": -15853000.0,
        "Total Expenses": 238279000.0,
        "Total Operating Income As Reported": -17778000.0,
        "Diluted Average Shares": 64384000.0,
        "Basic Average Shares": 64384000.0,
        "Diluted EPS": -0.25,
        "Basic EPS": -0.25,
        "Diluted NI Availto Com Stockholders": -15853000.0,
        "Net Income Common Stockholders": -15853000.0,
        "Net Income": -15853000.0,
        "Net Income Including Noncontrolling Interests": -15853000.0,
        "Net Income Continuous Operations": -15853000.0,
        "Tax Provision": -261000.0,
        "Pretax Income": -16114000.0,
        "Other Income Expense": 44000.0,
        "Special Income Charges": NaN,
        "Other Special Charges": NaN,
        "Restructuring And Mergern Acquisition": NaN,
        "Gain On Sale Of Security": 44000.0,
        "Net Non Operating Interest Income Expense": 1619000.0,
        "Total Other Finance Cost": 501000.0,
        "Interest Expense Non Operating": 1079000.0,
        "Interest Income Non Operating": 3199000.0,
        "Operating Income": -17778000.0,
        "Operating Expense": 133300000.0,
        "Research And Development": 35608000.0,
        "Selling General And Administration": 97692000.0,
        "Gross Profit": 115522000.0,
        "Cost Of Revenue": 104979000.0,
        "Total Revenue": 220501000.0,
        "Operating Revenue": 220501000.0
    },
    "2022-09-30": {
        "Tax Effect Of Unusual Items": 4800.0,
        "Tax Rate For Calcs": 0.4,
        "Normalized EBITDA": -42775000.0,
        "Total Unusual Items": 12000.0,
        "Total Unusual Items Excluding Goodwill": 12000.0,
        "Net Income From Continuing Operation Net Minority Interest": -48970000.0,
        "Reconciled Depreciation": 3508000.0,
        "Reconciled Cost Of Revenue": 100122000.0,
        "EBITDA": -42763000.0,
        "EBIT": -46271000.0,
        "Net Interest Income": 131000.0,
        "Interest Expense": 1078000.0,
        "Interest Income": 1708000.0,
        "Normalized Income": -48977200.0,
        "Net Income From Continuing And Discontinued Operation": -48970000.0,
        "Total Expenses": 252040000.0,
        "Total Operating Income As Reported": -47493000.0,
        "Diluted Average Shares": 64237000.0,
        "Basic Average Shares": 64236000.0,
        "Diluted EPS": -0.76,
        "Basic EPS": -0.76,
        "Diluted NI Availto Com Stockholders": -48970000.0,
        "Net Income Common Stockholders": -48970000.0,
        "Net Income": -48970000.0,
        "Net Income Including Noncontrolling Interests": -48970000.0,
        "Net Income Continuous Operations": -48970000.0,
        "Tax Provision": 1621000.0,
        "Pretax Income": -47349000.0,
        "Other Income Expense": 12000.0,
        "Other Non Operating Income Expenses": NaN,
        "Special Income Charges": NaN,
        "Other Special Charges": NaN,
        "Restructuring And Mergern Acquisition": NaN,
        "Gain On Sale Of Security": 12000.0,
        "Net Non Operating Interest Income Expense": 131000.0,
        "Total Other Finance Cost": 499000.0,
        "Interest Expense Non Operating": 1078000.0,
        "Interest Income Non Operating": 1708000.0,
        "Operating Income": -47493000.0,
        "Operating Expense": 151918000.0,
        "Research And Development": 67814000.0,
        "Selling General And Administration": 84104000.0,
        "Gross Profit": 104425000.0,
        "Cost Of Revenue": 100122000.0,
        "Total Revenue": 204547000.0,
        "Operating Revenue": 204547000.0
    },
    "2022-06-30": {
        "Tax Effect Of Unusual Items": 22800.0,
        "Tax Rate For Calcs": 0.4,
        "Normalized EBITDA": -8376000.0,
        "Total Unusual Items": 57000.0,
        "Total Unusual Items Excluding Goodwill": 57000.0,
        "Net Income From Continuing Operation Net Minority Interest": -15056000.0,
        "Reconciled Depreciation": 3553000.0,
        "Reconciled Cost Of Revenue": 98316000.0,
        "EBITDA": -8319000.0,
        "EBIT": -11872000.0,
        "Net Interest Income": -767000.0,
        "Interest Expense": 1078000.0,
        "Interest Income": 769000.0,
        "Normalized Income": -15090200.0,
        "Net Income From Continuing And Discontinued Operation": -15056000.0,
        "Total Expenses": 212501000.0,
        "Total Operating Income As Reported": -12239000.0,
        "Diluted Average Shares": 64078000.0,
        "Basic Average Shares": 64077000.0,
        "Diluted EPS": -0.24,
        "Basic EPS": -0.23,
        "Diluted NI Availto Com Stockholders": -15056000.0,
        "Net Income Common Stockholders": -15056000.0,
        "Net Income": -15056000.0,
        "Net Income Including Noncontrolling Interests": -15056000.0,
        "Net Income Continuous Operations": -15056000.0,
        "Tax Provision": 2106000.0,
        "Pretax Income": -12950000.0,
        "Other Income Expense": 57000.0,
        "Other Non Operating Income Expenses": NaN,
        "Special Income Charges": NaN,
        "Other Special Charges": NaN,
        "Restructuring And Mergern Acquisition": NaN,
        "Gain On Sale Of Security": 57000.0,
        "Net Non Operating Interest Income Expense": -767000.0,
        "Total Other Finance Cost": 458000.0,
        "Interest Expense Non Operating": 1078000.0,
        "Interest Income Non Operating": 769000.0,
        "Operating Income": -12239000.0,
        "Operating Expense": 114185000.0,
        "Research And Development": 33571000.0,
        "Selling General And Administration": 80614000.0,
        "Gross Profit": 101946000.0,
        "Cost Of Revenue": 98316000.0,
        "Total Revenue": 200262000.0,
        "Operating Revenue": 200262000.0
    },
    "2023-06-30": {
        "Tax Effect Of Unusual Items": 0.0,
        "Tax Rate For Calcs": 0.21,
        "Normalized EBITDA": -28759000.0,
        "Total Unusual Items": 0.0,
        "Total Unusual Items Excluding Goodwill": 0.0,
        "Net Income From Continuing Operation Net Minority Interest": -35775000.0,
        "Reconciled Depreciation": 4265000.0,
        "Reconciled Cost Of Revenue": 94182000.0,
        "EBITDA": -28759000.0,
        "EBIT": -33024000.0,
        "Net Interest Income": 4179000.0,
        "Interest Expense": 1605000.0,
        "Interest Income": 5784000.0,
        "Normalized Income": -35775000.0,
        "Net Income From Continuing And Discontinued Operation": -35775000.0,
        "Total Expenses": 234725000.0,
        "Total Operating Income As Reported": -38808000.0,
        "Diluted Average Shares": 64830000.0,
        "Basic Average Shares": 64830000.0,
        "Diluted EPS": -0.55,
        "Basic EPS": -0.55,
        "Diluted NI Availto Com Stockholders": -35775000.0,
        "Net Income Common Stockholders": -35775000.0,
        "Net Income": -35775000.0,
        "Net Income Including Noncontrolling Interests": -35775000.0,
        "Net Income Continuous Operations": -35775000.0,
        "Tax Provision": 1146000.0,
        "Pretax Income": -34629000.0,
        "Other Income Expense": NaN,
        "Special Income Charges": 0.0,
        "Other Special Charges": NaN,
        "Restructuring And Mergern Acquisition": 0.0,
        "Net Non Operating Interest Income Expense": 4179000.0,
        "Total Other Finance Cost": NaN,
        "Interest Expense Non Operating": 1605000.0,
        "Interest Income Non Operating": 5784000.0,
        "Operating Income": -38808000.0,
        "Operating Expense": 140543000.0,
        "Research And Development": 42933000.0,
        "Selling General And Administration": 97610000.0,
        "Gross Profit": 101735000.0,
        "Cost Of Revenue": 94182000.0,
        "Total Revenue": 195917000.0,
        "Operating Revenue": 195917000.0
    },
    "2022-03-31": {
        "Diluted EPS": -0.23,
        "Total Revenue": 176,
        "Gross Profit": 91,
        "Operating Income": -15,
        "EBIT": -11,
        "Net Income": -15
    },
    "2021-12-31": {
        "Diluted EPS": 0.17,
        "Total Revenue": 210,
        "Gross Profit": 114,
        "Operating Income": 13,
        "EBIT": 17,
        "Net Income": 11
    },
    "2021-09-30": {
        "Diluted EPS": 0.09,
        "Total Revenue": 180,
        "Gross Profit": 97,
        "Operating Income": 8,
        "EBIT": 12,
        "Net Income": 6
    },
    "2021-06-30": {
        "Diluted EPS": 0.06,
        "Total Revenue": 172,
        "Gross Profit": 92,
        "Operating Income": 5,
        "EBIT": 9,
        "Net Income": 4
    },
    "2021-03-31": {
        "Diluted EPS": -0.08,
        "Total Revenue": 141,
        "Gross Profit": 73,
        "Operating Income": -3,
        "EBIT": 1,
        "Net Income": -5
    },
    "2020-12-31": {
        "Diluted EPS": 0.29,
        "Total Revenue": 168,
        "Gross Profit": 91,
        "Operating Income": 19,
        "EBIT": 26,
        "Net Income": 17
    },
    "2020-09-30": {
        "Diluted EPS": -0.15,
        "Total Revenue": 124,
        "Gross Profit": 65,
        "Operating Income": -1,
        "EBIT": 5,
        "Net Income": -9
    },
    "2020-06-30": {
        "Diluted EPS": -0.45,
        "Total Revenue": 109,
        "Gross Profit": 54,
        "Operating Income": -12,
        "EBIT": -8,
        "Net Income": -27
    },
    "2020-03-31": {
        "Diluted EPS": -0.25,
        "Total Revenue": 98,
        "Gross Profit": 50,
        "Operating Income": -14,
        "EBIT": -12,
        "Net Income": -15
    },
    "2019-12-31": {
        "Diluted EPS": 0.1,
        "Total Revenue": 108,
        "Gross Profit": 60,
        "Operating Income": 2,
        "EBIT": 4,
        "Net Income": 3
    },
    "2019-09-30": {
        "Diluted EPS": -0.09,
        "Total Revenue": 95,
        "Gross Profit": 51,
        "Operating Income": -6,
        "EBIT": -5,
        "Net Income": -3
    },
    "2019-06-30": {
        "Diluted EPS": -0.03,
        "Total Revenue": 93,
        "Gross Profit": 50,
        "Operating Income": -2,
        "EBIT": 0,
        "Net Income": -2
    },
    "2019-03-31": {
        "Diluted EPS": -0.4,
        "Total Revenue": 66,
        "Gross Profit": 33,
        "Operating Income": -11,
        "EBIT": -10,
        "Net Income": -23
    },
    "2018-12-31": {
        "Diluted EPS": 1.06,
        "Total Revenue": 76,
        "Gross Profit": 42,
        "Operating Income": 1,
        "EBIT": 4,
        "Net Income": 4
    },
    "2018-09-30": {
        "Diluted EPS": -0.62,
        "Total Revenue": 46,
        "Gross Profit": 22,
        "Operating Income": -16,
        "EBIT": -14,
        "Net Income": -34
    },
    "2018-06-30": {
        "Diluted EPS": -1.17,
        "Total Revenue": 34,
        "Gross Profit": 15,
        "Operating Income": -14,
        "EBIT": -12,
        "Net Income": -59
    },
    "2018-03-31": {
        "Diluted EPS": -1.82,
        "Total Revenue": 27,
        "Gross Profit": 11,
        "Operating Income": -15,
        "EBIT": -14,
        "Net Income": -33
    },
    "2017-12-31": {
        "Diluted EPS": 2.04,
        "Total Revenue": 40,
        "Gross Profit": 17,
        "Operating Income": -10,
        "EBIT": -7,
        "Net Income": -11
    },
    "2017-09-30": {
        "Diluted EPS": -3.09,
        "Total Revenue": 27,
        "Gross Profit": 12,
        "Operating Income": -13,
        "EBIT": -11,
        "Net Income": -16
    },
    "2017-06-30": {
        "Diluted EPS": -4.36,
        "Total Revenue": 21,
        "Gross Profit": 8,
        "Operating Income": -19,
        "EBIT": -17,
        "Net Income": -22
    },
    "2017-03-31": {
        "Diluted EPS": -7.46,
        "Total Revenue": 19,
        "Gross Profit": 7,
        "Operating Income": -21,
        "EBIT": -20,
        "Net Income": -24
    },
    "2016-12-31": {
        "Diluted EPS": -4.77,
        "Total Revenue": 29,
        "Gross Profit": 10,
        "Operating Income": -13,
        "EBIT": -12,
        "Net Income": -15
    },
    "2016-09-30": {
        "Diluted EPS": -9.73,
        "Total Revenue": 12,
        "Gross Profit": -2,
        "Operating Income": -28,
        "EBIT": -27,
        "Net Income": -30
    },
    "2016-06-30": {
        "Diluted EPS": -6.0,
        "Total Revenue": 23,
        "Gross Profit": 8,
        "Operating Income": -17,
        "EBIT": -16,
        "Net Income": -18
    },
    "2016-03-31": {
        "Diluted EPS": -6.8,
        "Total Revenue": 20,
        "Gross Profit": 7,
        "Operating Income": -19,
        "EBIT": -18,
        "Net Income": -20
    },
    "2015-12-31": {
        "Diluted EPS": -3.74,
        "Total Revenue": 29,
        "Gross Profit": 13,
        "Operating Income": -11,
        "EBIT": -10,
        "Net Income": -12
    },
    "2015-09-30": {
        "Diluted EPS": -6.5,
        "Total Revenue": 16,
        "Gross Profit": 6,
        "Operating Income": -19,
        "EBIT": -17,
        "Net Income": -20
    },
    "2015-06-30": {
        "Diluted EPS": -6.5,
        "Total Revenue": 16,
        "Gross Profit": 5,
        "Operating Income": -19,
        "EBIT": -17,
        "Net Income": -20
    },
    "2015-03-31": {
        "Diluted EPS": -8.3,
        "Total Revenue": 12,
        "Gross Profit": 3,
        "Operating Income": -20,
        "EBIT": -19,
        "Net Income": -21
    },
    "2014-12-31": {
        "Diluted EPS": -7.8,
        "Total Revenue": 18,
        "Gross Profit": 7,
        "Operating Income": -18,
        "EBIT": -16,
        "Net Income": -18
    },
    "2014-09-30": {
        "Diluted EPS": -8.5,
        "Total Revenue": 14,
        "Gross Profit": 4,
        "Operating Income": -19,
        "EBIT": -18,
        "Net Income": -20
    },
    "2014-06-30": {
        "Diluted EPS": -8.3,
        "Total Revenue": 10,
        "Gross Profit": 3,
        "Operating Income": -18,
        "EBIT": -17,
        "Net Income": -19
    },
    "2014-03-31": {
        "Diluted EPS": -9.6,
        "Total Revenue": 8,
        "Gross Profit": 1,
        "Operating Income": -21,
        "EBIT": -20,
        "Net Income": -22
    },
    "2013-12-31": {
        "Diluted EPS": NaN,
        "Total Revenue": 10,
        "Gross Profit": 1,
        "Operating Income": -16,
        "EBIT": -16,
        "Net Income": -24
    },
    "2013-09-30": {
        "Diluted EPS": -609.6,
        "Total Revenue": 8,
        "Gross Profit": 3,
        "Operating Income": -12,
        "EBIT": -11,
        "Net Income": -13
    },
    "2013-06-30": {
        "Diluted EPS": -725.0,
        "Total Revenue": 6,
        "Gross Profit": 0,
        "Operating Income": -14,
        "EBIT": -13,
        "Net Income": -15
    },
    "2013-03-31": {
        "Diluted EPS": -537.7,
        "Total Revenue": 5,
        "Gross Profit": 2,
        "Operating Income": -7,
        "EBIT": -6,
        "Net Income": -11
    },
    "2012-12-31": {
        "Diluted EPS": 0.0,
        "Total Revenue": NaN,
        "Gross Profit": NaN,
        "Operating Income": NaN,
        "EBIT": NaN,
        "Net Income": NaN
    },
    "2012-09-30": {
        "Diluted EPS": 0.0,
        "Total Revenue": NaN,
        "Gross Profit": NaN,
        "Operating Income": NaN,
        "EBIT": 1,
        "Net Income": NaN
    },
    "2012-06-30": {
        "Diluted EPS": 0.0,
        "Total Revenue": NaN,
        "Gross Profit": NaN,
        "Operating Income": NaN,
        "EBIT": NaN,
        "Net Income": NaN
    },
    "2011-12-31": {
        "Diluted EPS": 0.0,
        "Total Revenue": NaN,
        "Gross Profit": NaN,
        "Operating Income": NaN,
        "EBIT": NaN,
        "Net Income": NaN
    },
    "2023-09-30": {
        "Tax Effect Of Unusual Items": 0.0,
        "Tax Rate For Calcs": 0.21,
        "Normalized EBITDA": -22568000.0,
        "Total Unusual Items": 0.0,
        "Total Unusual Items Excluding Goodwill": 0.0,
        "Net Income From Continuing Operation Net Minority Interest": -32961000.0,
        "Reconciled Depreciation": 4023000.0,
        "Reconciled Cost Of Revenue": 95869000.0,
        "EBITDA": -22568000.0,
        "EBIT": -26591000.0,
        "Net Interest Income": 816000.0,
        "Interest Expense": 4138000.0,
        "Interest Income": 5656000.0,
        "Normalized Income": -32961000.0,
        "Net Income From Continuing And Discontinued Operation": -32961000.0,
        "Total Expenses": 217167000.0,
        "Total Operating Income As Reported": -31545000.0,
        "Diluted Average Shares": 65117000.0,
        "Basic Average Shares": 65117000.0,
        "Diluted EPS": -0.51,
        "Basic EPS": -0.51,
        "Diluted NI Availto Com Stockholders": -32961000.0,
        "Net Income Common Stockholders": -32961000.0,
        "Net Income": -32961000.0,
        "Net Income Including Noncontrolling Interests": -32961000.0,
        "Net Income Continuous Operations": -32961000.0,
        "Tax Provision": 2232000.0,
        "Pretax Income": -30729000.0,
        "Other Income Expense": NaN,
        "Special Income Charges": 0.0,
        "Other Special Charges": NaN,
        "Restructuring And Mergern Acquisition": NaN,
        "Net Non Operating Interest Income Expense": 816000.0,
        "Total Other Finance Cost": 702000.0,
        "Interest Expense Non Operating": 4138000.0,
        "Interest Income Non Operating": 5656000.0,
        "Operating Income": -31545000.0,
        "Operating Expense": 121298000.0,
        "Research And Development": 41970000.0,
        "Selling General And Administration": 79328000.0,
        "Gross Profit": 89753000.0,
        "Cost Of Revenue": 95869000.0,
        "Total Revenue": 185622000.0,
        "Operating Revenue": 185622000.0
    },
    "2023-12-31": {
        "Tax Effect Of Unusual Items": 0.0,
        "Tax Rate For Calcs": 0.041776,
        "Normalized EBITDA": -26082000.0,
        "Total Unusual Items": 0.0,
        "Total Unusual Items Excluding Goodwill": 0.0,
        "Net Income From Continuing Operation Net Minority Interest": -30002000.0,
        "Reconciled Depreciation": 4031000.0,
        "Reconciled Cost Of Revenue": 103501000.0,
        "EBITDA": -26082000.0,
        "EBIT": -30113000.0,
        "Net Interest Income": 3750000.0,
        "Interest Expense": 1197000.0,
        "Interest Income": 5553000.0,
        "Normalized Income": -30002000.0,
        "Net Income From Continuing And Discontinued Operation": -30002000.0,
        "Total Expenses": 231856000.0,
        "Total Operating Income As Reported": -35060000.0,
        "Diluted Average Shares": 65369000.0,
        "Basic Average Shares": 65369000.0,
        "Diluted EPS": -0.46,
        "Basic EPS": -0.46,
        "Diluted NI Availto Com Stockholders": -30002000.0,
        "Net Income Common Stockholders": -30002000.0,
        "Net Income": -30002000.0,
        "Net Income Including Noncontrolling Interests": -30002000.0,
        "Net Income Continuous Operations": -30002000.0,
        "Tax Provision": -1308000.0,
        "Pretax Income": -31310000.0,
        "Other Income Expense": 0.0,
        "Special Income Charges": 0.0,
        "Other Special Charges": 0.0,
        "Restructuring And Mergern Acquisition": NaN,
        "Net Non Operating Interest Income Expense": 3750000.0,
        "Total Other Finance Cost": 606000.0,
        "Interest Expense Non Operating": 1197000.0,
        "Interest Income Non Operating": 5553000.0,
        "Operating Income": -35060000.0,
        "Operating Expense": 128355000.0,
        "Research And Development": 42604000.0,
        "Selling General And Administration": 85751000.0,
        "Gross Profit": 93295000.0,
        "Cost Of Revenue": 103501000.0,
        "Total Revenue": 196796000.0,
        "Operating Revenue": 196796000.0
    },
    "2024-03-31": {
        "Tax Effect Of Unusual Items": -507200.0,
        "Tax Rate For Calcs": 0.4,
        "Normalized EBITDA": -33073000.0,
        "Total Unusual Items": -1268000.0,
        "Total Unusual Items Excluding Goodwill": -1268000.0,
        "Net Income From Continuing Operation Net Minority Interest": -42715000.0,
        "Reconciled Depreciation": 4043000.0,
        "Reconciled Cost Of Revenue": 97002000.0,
        "EBITDA": -34341000.0,
        "EBIT": -38384000.0,
        "Net Interest Income": 3417000.0,
        "Interest Expense": 1145000.0,
        "Interest Income": 5314000.0,
        "Normalized Income": -41954200.0,
        "Net Income From Continuing And Discontinued Operation": -42715000.0,
        "Total Expenses": 233352000.0,
        "Total Operating Income As Reported": -41678000.0,
        "Diluted Average Shares": 65326000.0,
        "Basic Average Shares": 65326000.0,
        "Diluted EPS": -0.65,
        "Basic EPS": -0.65,
        "Diluted NI Availto Com Stockholders": -42715000.0,
        "Net Income Common Stockholders": -42715000.0,
        "Net Income": -42715000.0,
        "Net Income Including Noncontrolling Interests": -42715000.0,
        "Net Income Continuous Operations": -42715000.0,
        "Tax Provision": 3186000.0,
        "Pretax Income": -39529000.0,
        "Other Income Expense": -1268000.0,
        "Special Income Charges": -1268000.0,
        "Other Special Charges": 1268000.0,
        "Restructuring And Mergern Acquisition": NaN,
        "Net Non Operating Interest Income Expense": 3417000.0,
        "Total Other Finance Cost": 752000.0,
        "Interest Expense Non Operating": 1145000.0,
        "Interest Income Non Operating": 5314000.0,
        "Operating Income": -41678000.0,
        "Operating Expense": 136350000.0,
        "Research And Development": 46244000.0,
        "Selling General And Administration": 90106000.0,
        "Gross Profit": 94672000.0,
        "Cost Of Revenue": 97002000.0,
        "Total Revenue": 191674000.0,
        "Operating Revenue": 191674000.0
    }
}