{
    "2023-06-30": {
        "Tax Effect Of Unusual Items": 0.0,
        "Tax Rate For Calcs": 0.256,
        "Normalized EBITDA": 135000000.0,
        "Net Income From Continuing Operation Net Minority Interest": 83000000.0,
        "Reconciled Depreciation": 6000000.0,
        "Reconciled Cost Of Revenue": 959000000.0,
        "EBITDA": 135000000.0,
        "EBIT": 117000000.0,
        "Net Interest Income": 14000000.0,
        "Interest Expense": 6000000.0,
        "Interest Income": 20000000.0,
        "Normalized Income": 83000000.0,
        "Net Income From Continuing And Discontinued Operation": 83000000.0,
        "Total Expenses": 1112000000.0,
        "Total Operating Income As Reported": 97000000.0,
        "Diluted Average Shares": 60000000.0,
        "Basic Average Shares": 60000000.0,
        "Diluted EPS": 1.38,
        "Basic EPS": 1.4,
        "Diluted NI Availto Com Stockholders": 83000000.0,
        "Net Income Common Stockholders": 83000000.0,
        "Net Income": 83000000.0,
        "Net Income Including Noncontrolling Interests": 83000000.0,
        "Net Income Continuous Operations": 83000000.0,
        "Tax Provision": 28000000.0,
        "Pretax Income": 111000000.0,
        "Net Non Operating Interest Income Expense": 14000000.0,
        "Interest Expense Non Operating": 6000000.0,
        "Interest Income Non Operating": 20000000.0,
        "Operating Income": 97000000.0,
        "Operating Expense": 165000000.0,
        "Depreciation Amortization Depletion Income Statement": 18000000.0,
        "Depreciation And Amortization In Income Statement": 18000000.0,
        "Amortization": NaN,
        "Amortization Of Intangibles Income Statement": NaN,
        "Research And Development": 17000000.0,
        "Selling General And Administration": 130000000.0,
        "Selling And Marketing Expense": 70000000.0,
        "General And Administrative Expense": 60000000.0,
        "Other Gand A": 60000000.0,
        "Gross Profit": 262000000.0,
        "Cost Of Revenue": 947000000.0,
        "Total Revenue": 1209000000.0,
        "Operating Revenue": 1209000000.0
    },
    "2023-03-31": {
        "Tax Effect Of Unusual Items": 0.0,
        "Tax Rate For Calcs": 0.256,
        "Normalized EBITDA": 219000000.0,
        "Net Income From Continuing Operation Net Minority Interest": 131000000.0,
        "Reconciled Depreciation": 32000000.0,
        "Reconciled Cost Of Revenue": 916000000.0,
        "EBITDA": 219000000.0,
        "EBIT": 187000000.0,
        "Net Interest Income": 11000000.0,
        "Interest Expense": 7000000.0,
        "Interest Income": 18000000.0,
        "Normalized Income": 131000000.0,
        "Net Income From Continuing And Discontinued Operation": 131000000.0,
        "Total Expenses": 1077000000.0,
        "Total Operating Income As Reported": 169000000.0,
        "Diluted Average Shares": 60000000.0,
        "Basic Average Shares": 60000000.0,
        "Diluted EPS": 2.17,
        "Basic EPS": 2.18,
        "Diluted NI Availto Com Stockholders": 131000000.0,
        "Net Income Common Stockholders": 131000000.0,
        "Net Income": 131000000.0,
        "Net Income Including Noncontrolling Interests": 131000000.0,
        "Net Income Continuous Operations": 131000000.0,
        "Tax Provision": 49000000.0,
        "Pretax Income": 180000000.0,
        "Net Non Operating Interest Income Expense": 11000000.0,
        "Interest Expense Non Operating": 7000000.0,
        "Interest Income Non Operating": 18000000.0,
        "Operating Income": 169000000.0,
        "Operating Expense": 147000000.0,
        "Depreciation Amortization Depletion Income Statement": 18000000.0,
        "Depreciation And Amortization In Income Statement": 18000000.0,
        "Amortization": 18000000.0,
        "Amortization Of Intangibles Income Statement": 18000000.0,
        "Research And Development": 17000000.0,
        "Selling General And Administration": 112000000.0,
        "Selling And Marketing Expense": 69000000.0,
        "General And Administrative Expense": 43000000.0,
        "Other Gand A": 43000000.0,
        "Gross Profit": 316000000.0,
        "Cost Of Revenue": 930000000.0,
        "Total Revenue": 1246000000.0,
        "Operating Revenue": 1246000000.0
    },
    "2022-12-31": {
        "Tax Effect Of Unusual Items": 0.0,
        "Tax Rate For Calcs": 0.255,
        "Normalized EBITDA": 88000000.0,
        "Net Income From Continuing Operation Net Minority Interest": 49000000.0,
        "Reconciled Depreciation": 18000000.0,
        "Reconciled Cost Of Revenue": 994000000.0,
        "EBITDA": 88000000.0,
        "EBIT": 70000000.0,
        "Net Interest Income": 9000000.0,
        "Interest Expense": 5000000.0,
        "Interest Income": 14000000.0,
        "Normalized Income": 49000000.0,
        "Net Income From Continuing And Discontinued Operation": 49000000.0,
        "Total Expenses": 1170000000.0,
        "Total Operating Income As Reported": 56000000.0,
        "Diluted Average Shares": 62000000.0,
        "Basic Average Shares": 62000000.0,
        "Diluted EPS": 0.78,
        "Basic EPS": 0.79,
        "Diluted NI Availto Com Stockholders": 49000000.0,
        "Net Income Common Stockholders": 49000000.0,
        "Net Income": 49000000.0,
        "Net Income Including Noncontrolling Interests": 49000000.0,
        "Net Income Continuous Operations": 49000000.0,
        "Tax Provision": 16000000.0,
        "Pretax Income": 65000000.0,
        "Net Non Operating Interest Income Expense": 9000000.0,
        "Interest Expense Non Operating": 5000000.0,
        "Interest Income Non Operating": 14000000.0,
        "Operating Income": 56000000.0,
        "Operating Expense": 176000000.0,
        "Depreciation Amortization Depletion Income Statement": 18000000.0,
        "Depreciation And Amortization In Income Statement": 18000000.0,
        "Amortization": NaN,
        "Amortization Of Intangibles Income Statement": NaN,
        "Research And Development": 19000000.0,
        "Selling General And Administration": 139000000.0,
        "Selling And Marketing Expense": 63000000.0,
        "General And Administrative Expense": 76000000.0,
        "Other Gand A": 76000000.0,
        "Gross Profit": 232000000.0,
        "Cost Of Revenue": 994000000.0,
        "Total Revenue": 1226000000.0,
        "Operating Revenue": 1226000000.0
    },
    "2022-09-30": {
        "Tax Effect Of Unusual Items": 0.0,
        "Tax Rate For Calcs": 0.26,
        "Normalized EBITDA": 160000000.0,
        "Net Income From Continuing Operation Net Minority Interest": 77000000.0,
        "Reconciled Depreciation": 35000000.0,
        "Reconciled Cost Of Revenue": 933000000.0,
        "EBITDA": 160000000.0,
        "EBIT": 125000000.0,
        "Net Interest Income": -17000000.0,
        "Interest Expense": 22000000.0,
        "Interest Income": 5000000.0,
        "Normalized Income": 77000000.0,
        "Net Income From Continuing And Discontinued Operation": 77000000.0,
        "Total Expenses": 1121000000.0,
        "Total Operating Income As Reported": 120000000.0,
        "Diluted Average Shares": 63000000.0,
        "Basic Average Shares": 62000000.0,
        "Diluted EPS": 1.22,
        "Basic EPS": 1.23,
        "Diluted NI Availto Com Stockholders": 77000000.0,
        "Net Income Common Stockholders": 77000000.0,
        "Net Income": 77000000.0,
        "Net Income Including Noncontrolling Interests": 77000000.0,
        "Net Income Continuous Operations": 77000000.0,
        "Tax Provision": 26000000.0,
        "Pretax Income": 103000000.0,
        "Net Non Operating Interest Income Expense": -17000000.0,
        "Interest Expense Non Operating": 22000000.0,
        "Interest Income Non Operating": 5000000.0,
        "Operating Income": 120000000.0,
        "Operating Expense": 170000000.0,
        "Depreciation Amortization Depletion Income Statement": 17000000.0,
        "Depreciation And Amortization In Income Statement": 17000000.0,
        "Amortization": NaN,
        "Amortization Of Intangibles Income Statement": NaN,
        "Research And Development": 18000000.0,
        "Selling General And Administration": 135000000.0,
        "Selling And Marketing Expense": 72000000.0,
        "General And Administrative Expense": 63000000.0,
        "Other Gand A": 63000000.0,
        "Gross Profit": 290000000.0,
        "Cost Of Revenue": 951000000.0,
        "Total Revenue": 1241000000.0,
        "Operating Revenue": 1241000000.0
    },
    "2022-06-30": {
        "Tax Effect Of Unusual Items": 0.0,
        "Tax Rate For Calcs": 0.27,
        "Normalized EBITDA": 149000000.0,
        "Net Income From Continuing Operation Net Minority Interest": 85000000.0,
        "Reconciled Depreciation": 28000000.0,
        "Reconciled Cost Of Revenue": 916000000.0,
        "EBITDA": 149000000.0,
        "EBIT": 121000000.0,
        "Net Interest Income": -3000000.0,
        "Interest Expense": 5000000.0,
        "Interest Income": 2000000.0,
        "Normalized Income": 85000000.0,
        "Net Income From Continuing And Discontinued Operation": 85000000.0,
        "Total Expenses": 1081000000.0,
        "Total Operating Income As Reported": 119000000.0,
        "Diluted Average Shares": 63000000.0,
        "Basic Average Shares": 62000000.0,
        "Diluted EPS": 1.35,
        "Basic EPS": 1.36,
        "Diluted NI Availto Com Stockholders": 85000000.0,
        "Net Income Common Stockholders": 85000000.0,
        "Net Income": 85000000.0,
        "Net Income Including Noncontrolling Interests": 85000000.0,
        "Net Income Continuous Operations": 85000000.0,
        "Tax Provision": 31000000.0,
        "Pretax Income": 116000000.0,
        "Net Non Operating Interest Income Expense": -3000000.0,
        "Interest Expense Non Operating": 5000000.0,
        "Interest Income Non Operating": 2000000.0,
        "Operating Income": 119000000.0,
        "Operating Expense": 153000000.0,
        "Depreciation Amortization Depletion Income Statement": 16000000.0,
        "Depreciation And Amortization In Income Statement": 16000000.0,
        "Amortization": NaN,
        "Amortization Of Intangibles Income Statement": NaN,
        "Research And Development": 20000000.0,
        "Selling General And Administration": 117000000.0,
        "Selling And Marketing Expense": 62000000.0,
        "General And Administrative Expense": 55000000.0,
        "Other Gand A": 55000000.0,
        "Gross Profit": 272000000.0,
        "Cost Of Revenue": 928000000.0,
        "Total Revenue": 1200000000.0,
        "Operating Revenue": 1200000000.0
    },
    "2022-03-31": {
        "Diluted EPS": 2.21,
        "Total Revenue": NaN,
        "Gross Profit": 325,
        "Operating Income": 204,
        "EBIT": 228,
        "Net Income": 146
    },
    "2021-12-31": {
        "Diluted EPS": 1.03,
        "Total Revenue": NaN,
        "Gross Profit": 220,
        "Operating Income": 91,
        "EBIT": 115,
        "Net Income": 70
    },
    "2021-09-30": {
        "Diluted EPS": 1.16,
        "Total Revenue": NaN,
        "Gross Profit": 236,
        "Operating Income": 105,
        "EBIT": 127,
        "Net Income": 77
    },
    "2021-06-30": {
        "Diluted EPS": 1.37,
        "Total Revenue": NaN,
        "Gross Profit": 236,
        "Operating Income": 121,
        "EBIT": 150,
        "Net Income": 91
    },
    "2021-03-31": {
        "Diluted EPS": 1.51,
        "Total Revenue": NaN,
        "Gross Profit": 245,
        "Operating Income": 138,
        "EBIT": 160,
        "Net Income": 100
    },
    "2020-12-31": {
        "Diluted EPS": 0.33,
        "Total Revenue": NaN,
        "Gross Profit": 151,
        "Operating Income": 30,
        "EBIT": 52,
        "Net Income": 22
    },
    "2020-09-30": {
        "Diluted EPS": 0.48,
        "Total Revenue": 975,
        "Gross Profit": 148,
        "Operating Income": 45,
        "EBIT": 66,
        "Net Income": 33
    },
    "2020-06-30": {
        "Diluted EPS": 1.87,
        "Total Revenue": 948,
        "Gross Profit": 275,
        "Operating Income": 173,
        "EBIT": 194,
        "Net Income": 126
    },
    "2020-03-31": {
        "Diluted EPS": 1.31,
        "Total Revenue": NaN,
        "Gross Profit": 219,
        "Operating Income": 120,
        "EBIT": 139,
        "Net Income": 91
    },
    "2019-12-31": {
        "Diluted EPS": 0.68,
        "Total Revenue": NaN,
        "Gross Profit": 167,
        "Operating Income": 63,
        "EBIT": 80,
        "Net Income": 48
    },
    "2019-09-30": {
        "Diluted EPS": 0.78,
        "Total Revenue": 969,
        "Gross Profit": 162,
        "Operating Income": 68,
        "EBIT": 86,
        "Net Income": 55
    },
    "2019-06-30": {
        "Diluted EPS": 0.64,
        "Total Revenue": 935,
        "Gross Profit": 168,
        "Operating Income": 55,
        "EBIT": 74,
        "Net Income": 46
    },
    "2019-03-31": {
        "Diluted EPS": 0.89,
        "Total Revenue": 934,
        "Gross Profit": 187,
        "Operating Income": 82,
        "EBIT": 100,
        "Net Income": 63
    },
    "2018-12-31": {
        "Diluted EPS": 0.39,
        "Total Revenue": 917,
        "Gross Profit": 162,
        "Operating Income": 42,
        "EBIT": 52,
        "Net Income": 29
    },
    "2018-09-30": {
        "Diluted EPS": 0.71,
        "Total Revenue": 875,
        "Gross Profit": 170,
        "Operating Income": 62,
        "EBIT": 74,
        "Net Income": 51
    },
    "2018-06-30": {
        "Diluted EPS": 0.8,
        "Total Revenue": 850,
        "Gross Profit": 169,
        "Operating Income": 76,
        "EBIT": 90,
        "Net Income": 58
    },
    "2018-03-31": {
        "Diluted EPS": 0.75,
        "Total Revenue": 861,
        "Gross Profit": 163,
        "Operating Income": 71,
        "EBIT": 81,
        "Net Income": 54
    },
    "2017-12-31": {
        "Diluted EPS": 0.92,
        "Total Revenue": 848,
        "Gross Profit": 149,
        "Operating Income": 47,
        "EBIT": 56,
        "Net Income": 66
    },
    "2017-09-30": {
        "Diluted EPS": 0.6,
        "Total Revenue": 818,
        "Gross Profit": 155,
        "Operating Income": 63,
        "EBIT": 73,
        "Net Income": 43
    },
    "2017-06-30": {
        "Diluted EPS": 0.56,
        "Total Revenue": 801,
        "Gross Profit": 150,
        "Operating Income": 57,
        "EBIT": 65,
        "Net Income": 40
    },
    "2017-03-31": {
        "Diluted EPS": 0.41,
        "Total Revenue": 808,
        "Gross Profit": 142,
        "Operating Income": 50,
        "EBIT": 58,
        "Net Income": 29
    },
    "2016-12-31": {
        "Diluted EPS": 0.32,
        "Total Revenue": 811,
        "Gross Profit": 122,
        "Operating Income": 43,
        "EBIT": 54,
        "Net Income": 23
    },
    "2016-09-30": {
        "Diluted EPS": 0.2,
        "Total Revenue": 770,
        "Gross Profit": 111,
        "Operating Income": 29,
        "EBIT": 39,
        "Net Income": 15
    },
    "2016-06-30": {
        "Diluted EPS": 0.17,
        "Total Revenue": 746,
        "Gross Profit": 105,
        "Operating Income": 26,
        "EBIT": 36,
        "Net Income": 12
    },
    "2016-03-31": {
        "Diluted EPS": 0.16,
        "Total Revenue": 733,
        "Gross Profit": 118,
        "Operating Income": 26,
        "EBIT": 35,
        "Net Income": 12
    },
    "2015-12-31": {
        "Diluted EPS": 0.2,
        "Total Revenue": 725,
        "Gross Profit": 110,
        "Operating Income": 29,
        "EBIT": 40,
        "Net Income": 14
    },
    "2015-09-30": {
        "Diluted EPS": 0.04,
        "Total Revenue": 668,
        "Gross Profit": 96,
        "Operating Income": 12,
        "EBIT": 26,
        "Net Income": 3
    },
    "2015-06-30": {
        "Diluted EPS": -0.02,
        "Total Revenue": 640,
        "Gross Profit": 84,
        "Operating Income": 6,
        "EBIT": 19,
        "Net Income": -1
    },
    "2015-03-31": {
        "Diluted EPS": 0.22,
        "Total Revenue": 626,
        "Gross Profit": 106,
        "Operating Income": 31,
        "EBIT": 46,
        "Net Income": 16
    },
    "2014-12-31": {
        "Diluted EPS": 0.09,
        "Total Revenue": 604,
        "Gross Profit": 93,
        "Operating Income": 20,
        "EBIT": 37,
        "Net Income": 7
    },
    "2014-09-30": {
        "Diluted EPS": 0.01,
        "Total Revenue": 556,
        "Gross Profit": 95,
        "Operating Income": 21,
        "EBIT": 50,
        "Net Income": 1
    },
    "2014-06-30": {
        "Diluted EPS": 0.09,
        "Total Revenue": 525,
        "Gross Profit": 91,
        "Operating Income": 20,
        "EBIT": 37,
        "Net Income": 6
    },
    "2014-03-31": {
        "Diluted EPS": 0.03,
        "Total Revenue": 509,
        "Gross Profit": 94,
        "Operating Income": 25,
        "EBIT": 47,
        "Net Income": 2
    },
    "2013-12-31": {
        "Diluted EPS": 0.11,
        "Total Revenue": 482,
        "Gross Profit": 89,
        "Operating Income": 24,
        "EBIT": 41,
        "Net Income": 6
    },
    "2013-09-30": {
        "Diluted EPS": -0.6,
        "Total Revenue": 448,
        "Gross Profit": 77,
        "Operating Income": 7,
        "EBIT": 37,
        "Net Income": -8
    },
    "2013-06-30": {
        "Diluted EPS": 0.08,
        "Total Revenue": 363,
        "Gross Profit": 71,
        "Operating Income": 14,
        "EBIT": 27,
        "Net Income": 1
    },
    "2013-03-31": {
        "Diluted EPS": 0.2,
        "Total Revenue": 351,
        "Gross Profit": 74,
        "Operating Income": 22,
        "EBIT": 35,
        "Net Income": 2
    },
    "2012-12-31": {
        "Diluted EPS": 0.0,
        "Total Revenue": NaN,
        "Gross Profit": NaN,
        "Operating Income": NaN,
        "EBIT": NaN,
        "Net Income": NaN
    },
    "2011-12-31": {
        "Diluted EPS": 0.0,
        "Total Revenue": NaN,
        "Gross Profit": NaN,
        "Operating Income": NaN,
        "EBIT": NaN,
        "Net Income": NaN
    }
}