{
    "2023-03-31": {
        "Tax Effect Of Unusual Items": NaN,
        "Tax Rate For Calcs": NaN,
        "Normalized EBITDA": NaN,
        "Net Income From Continuing Operation Net Minority Interest": NaN,
        "Reconciled Depreciation": NaN,
        "EBITDA": NaN,
        "EBIT": NaN,
        "Net Interest Income": NaN,
        "Interest Income": NaN,
        "Normalized Income": NaN,
        "Net Income From Continuing And Discontinued Operation": NaN,
        "Total Expenses": NaN,
        "Total Operating Income As Reported": NaN,
        "Diluted Average Shares": 88193917.0,
        "Basic Average Shares": 88193917.0,
        "Diluted EPS": -0.32,
        "Basic EPS": -0.32,
        "Diluted NI Availto Com Stockholders": NaN,
        "Net Income Common Stockholders": NaN,
        "Net Income": NaN,
        "Net Income Including Noncontrolling Interests": NaN,
        "Net Income Continuous Operations": NaN,
        "Tax Provision": NaN,
        "Pretax Income": NaN,
        "Other Income Expense": NaN,
        "Other Non Operating Income Expenses": NaN,
        "Net Non Operating Interest Income Expense": NaN,
        "Interest Income Non Operating": NaN,
        "Operating Income": NaN,
        "Operating Expense": NaN,
        "Research And Development": NaN,
        "Selling General And Administration": NaN,
        "General And Administrative Expense": NaN,
        "Other Gand A": NaN,
        "Total Revenue": NaN,
        "Operating Revenue": NaN
    },
    "2022-12-31": {
        "Tax Effect Of Unusual Items": NaN,
        "Tax Rate For Calcs": NaN,
        "Normalized EBITDA": NaN,
        "Net Income From Continuing Operation Net Minority Interest": NaN,
        "Reconciled Depreciation": NaN,
        "EBITDA": NaN,
        "EBIT": NaN,
        "Net Interest Income": NaN,
        "Interest Income": NaN,
        "Normalized Income": NaN,
        "Net Income From Continuing And Discontinued Operation": NaN,
        "Total Expenses": NaN,
        "Total Operating Income As Reported": NaN,
        "Diluted Average Shares": 87971485.0,
        "Basic Average Shares": 87971485.0,
        "Diluted EPS": -0.33,
        "Basic EPS": -0.33,
        "Diluted NI Availto Com Stockholders": NaN,
        "Net Income Common Stockholders": NaN,
        "Net Income": NaN,
        "Net Income Including Noncontrolling Interests": NaN,
        "Net Income Continuous Operations": NaN,
        "Tax Provision": NaN,
        "Pretax Income": NaN,
        "Other Income Expense": NaN,
        "Other Non Operating Income Expenses": NaN,
        "Net Non Operating Interest Income Expense": NaN,
        "Interest Income Non Operating": NaN,
        "Operating Income": NaN,
        "Operating Expense": NaN,
        "Research And Development": NaN,
        "Selling General And Administration": NaN,
        "General And Administrative Expense": NaN,
        "Other Gand A": NaN,
        "Total Revenue": NaN,
        "Operating Revenue": NaN
    },
    "2022-09-30": {
        "Tax Effect Of Unusual Items": 0.0,
        "Tax Rate For Calcs": 0.0,
        "Normalized EBITDA": -29506000.0,
        "Net Income From Continuing Operation Net Minority Interest": -29050000.0,
        "Reconciled Depreciation": 417000.0,
        "EBITDA": -29506000.0,
        "EBIT": -29923000.0,
        "Net Interest Income": 350000.0,
        "Interest Income": 350000.0,
        "Normalized Income": -29050000.0,
        "Net Income From Continuing And Discontinued Operation": -29050000.0,
        "Total Expenses": 36843000.0,
        "Total Operating Income As Reported": -29923000.0,
        "Diluted Average Shares": 87892195.0,
        "Basic Average Shares": 87892195.0,
        "Diluted EPS": -0.33,
        "Basic EPS": -0.33,
        "Diluted NI Availto Com Stockholders": -29050000.0,
        "Net Income Common Stockholders": -29050000.0,
        "Net Income": -29050000.0,
        "Net Income Including Noncontrolling Interests": -29050000.0,
        "Net Income Continuous Operations": -29050000.0,
        "Tax Provision": 0.0,
        "Pretax Income": -29050000.0,
        "Other Income Expense": 523000.0,
        "Other Non Operating Income Expenses": 523000.0,
        "Net Non Operating Interest Income Expense": 350000.0,
        "Interest Income Non Operating": 350000.0,
        "Operating Income": -29923000.0,
        "Operating Expense": 36843000.0,
        "Research And Development": 28744000.0,
        "Selling General And Administration": 8099000.0,
        "General And Administrative Expense": 8099000.0,
        "Other Gand A": 8099000.0,
        "Total Revenue": 6920000.0,
        "Operating Revenue": 6920000.0
    },
    "2022-06-30": {
        "Tax Effect Of Unusual Items": 0.0,
        "Tax Rate For Calcs": 0.4,
        "Normalized EBITDA": -25202000.0,
        "Net Income From Continuing Operation Net Minority Interest": -24858000.0,
        "Reconciled Depreciation": 312000.0,
        "EBITDA": -25202000.0,
        "EBIT": -25202000.0,
        "Net Interest Income": 297000.0,
        "Interest Income": 297000.0,
        "Normalized Income": -24858000.0,
        "Net Income From Continuing And Discontinued Operation": -24858000.0,
        "Total Expenses": 30973000.0,
        "Total Operating Income As Reported": -25202000.0,
        "Diluted Average Shares": 87839804.0,
        "Basic Average Shares": 87839804.0,
        "Diluted EPS": -0.28,
        "Basic EPS": -0.28,
        "Diluted NI Availto Com Stockholders": -24858000.0,
        "Net Income Common Stockholders": -24858000.0,
        "Net Income": -24858000.0,
        "Net Income Including Noncontrolling Interests": -24858000.0,
        "Net Income Continuous Operations": -24858000.0,
        "Tax Provision": 3000.0,
        "Pretax Income": -24855000.0,
        "Other Income Expense": 50000.0,
        "Other Non Operating Income Expenses": 50000.0,
        "Net Non Operating Interest Income Expense": 297000.0,
        "Interest Income Non Operating": 297000.0,
        "Operating Income": -25202000.0,
        "Operating Expense": 30973000.0,
        "Research And Development": 23741000.0,
        "Selling General And Administration": 7232000.0,
        "General And Administrative Expense": 7232000.0,
        "Other Gand A": 7232000.0,
        "Total Revenue": 5771000.0,
        "Operating Revenue": 5771000.0
    },
    "2022-03-31": {
        "Diluted EPS": -0.29,
        "Total Revenue": 6,
        "Gross Profit": 6,
        "Operating Income": -25,
        "EBIT": -25,
        "Net Income": -25
    },
    "2021-12-31": {
        "Diluted EPS": -0.28,
        "Total Revenue": 6,
        "Gross Profit": 6,
        "Operating Income": -22,
        "EBIT": -22,
        "Net Income": -22
    },
    "2021-09-30": {
        "Diluted EPS": -0.28,
        "Total Revenue": 7,
        "Gross Profit": 7,
        "Operating Income": -20,
        "EBIT": -19,
        "Net Income": -20
    },
    "2021-06-30": {
        "Diluted EPS": -0.09,
        "Total Revenue": 18,
        "Gross Profit": 18,
        "Operating Income": -5,
        "EBIT": -4,
        "Net Income": -4
    },
    "2021-03-31": {
        "Diluted EPS": -0.29,
        "Total Revenue": 6,
        "Gross Profit": 6,
        "Operating Income": -12,
        "EBIT": -12,
        "Net Income": -12
    },
    "2020-12-31": {
        "Diluted EPS": 0.0,
        "Total Revenue": NaN,
        "Gross Profit": NaN,
        "Operating Income": NaN,
        "EBIT": NaN,
        "Net Income": NaN
    },
    "2020-09-30": {
        "Diluted EPS": -0.76,
        "Total Revenue": -11,
        "Gross Profit": -11,
        "Operating Income": -27,
        "EBIT": -27,
        "Net Income": -27
    },
    "2023-06-30": {
        "Tax Effect Of Unusual Items": NaN,
        "Tax Rate For Calcs": NaN,
        "Normalized EBITDA": NaN,
        "Net Income From Continuing Operation Net Minority Interest": NaN,
        "Reconciled Depreciation": NaN,
        "EBITDA": NaN,
        "EBIT": NaN,
        "Net Interest Income": NaN,
        "Interest Income": NaN,
        "Normalized Income": NaN,
        "Net Income From Continuing And Discontinued Operation": NaN,
        "Total Expenses": NaN,
        "Total Operating Income As Reported": NaN,
        "Diluted Average Shares": 88354590.0,
        "Basic Average Shares": 88354590.0,
        "Diluted EPS": -0.23,
        "Basic EPS": -0.23,
        "Diluted NI Availto Com Stockholders": NaN,
        "Net Income Common Stockholders": NaN,
        "Net Income": NaN,
        "Net Income Including Noncontrolling Interests": NaN,
        "Net Income Continuous Operations": NaN,
        "Tax Provision": NaN,
        "Pretax Income": NaN,
        "Other Income Expense": NaN,
        "Other Non Operating Income Expenses": NaN,
        "Net Non Operating Interest Income Expense": NaN,
        "Interest Income Non Operating": NaN,
        "Operating Income": NaN,
        "Operating Expense": NaN,
        "Research And Development": NaN,
        "Selling General And Administration": NaN,
        "General And Administrative Expense": NaN,
        "Other Gand A": NaN,
        "Total Revenue": NaN,
        "Operating Revenue": NaN
    },
    "2023-09-30": {
        "Tax Effect Of Unusual Items": 0.0,
        "Tax Rate For Calcs": 0.21,
        "Normalized EBITDA": -25013000.0,
        "Net Income From Continuing Operation Net Minority Interest": -22263000.0,
        "Reconciled Depreciation": 613000.0,
        "EBITDA": -25013000.0,
        "EBIT": -25626000.0,
        "Net Interest Income": 1872000.0,
        "Interest Income": 1872000.0,
        "Normalized Income": -22263000.0,
        "Net Income From Continuing And Discontinued Operation": -22263000.0,
        "Total Expenses": 36358000.0,
        "Total Operating Income As Reported": -25626000.0,
        "Diluted Average Shares": 97033273.0,
        "Basic Average Shares": 97033273.0,
        "Diluted EPS": -0.23,
        "Basic EPS": -0.23,
        "Diluted NI Availto Com Stockholders": -22263000.0,
        "Net Income Common Stockholders": -22263000.0,
        "Net Income": -22263000.0,
        "Net Income Including Noncontrolling Interests": -22263000.0,
        "Net Income Continuous Operations": -22263000.0,
        "Tax Provision": 23000.0,
        "Pretax Income": -22240000.0,
        "Other Income Expense": 1514000.0,
        "Other Non Operating Income Expenses": 1514000.0,
        "Net Non Operating Interest Income Expense": 1872000.0,
        "Interest Income Non Operating": 1872000.0,
        "Operating Income": -25626000.0,
        "Operating Expense": 36358000.0,
        "Research And Development": 27149000.0,
        "Selling General And Administration": 9209000.0,
        "General And Administrative Expense": 9209000.0,
        "Other Gand A": 9209000.0,
        "Total Revenue": 10732000.0,
        "Operating Revenue": 10732000.0
    },
    "2023-12-31": {
        "Tax Effect Of Unusual Items": 0.0,
        "Tax Rate For Calcs": 0.21,
        "Normalized EBITDA": -34396000.0,
        "Net Income From Continuing Operation Net Minority Interest": -30763000.0,
        "Reconciled Depreciation": 617000.0,
        "EBITDA": -34396000.0,
        "EBIT": -35013000.0,
        "Net Interest Income": 2236000.0,
        "Interest Income": 2236000.0,
        "Normalized Income": -30763000.0,
        "Net Income From Continuing And Discontinued Operation": -30763000.0,
        "Total Expenses": 40444000.0,
        "Total Operating Income As Reported": -35013000.0,
        "Diluted Average Shares": NaN,
        "Basic Average Shares": NaN,
        "Diluted EPS": NaN,
        "Basic EPS": NaN,
        "Diluted NI Availto Com Stockholders": -30763000.0,
        "Net Income Common Stockholders": -30763000.0,
        "Net Income": -30763000.0,
        "Net Income Including Noncontrolling Interests": -30763000.0,
        "Net Income Continuous Operations": -30763000.0,
        "Tax Provision": 47000.0,
        "Pretax Income": -30716000.0,
        "Other Income Expense": 2061000.0,
        "Other Non Operating Income Expenses": 2061000.0,
        "Net Non Operating Interest Income Expense": 2236000.0,
        "Interest Income Non Operating": 2236000.0,
        "Operating Income": -35013000.0,
        "Operating Expense": 40444000.0,
        "Research And Development": 31339000.0,
        "Selling General And Administration": 9105000.0,
        "General And Administrative Expense": 9105000.0,
        "Other Gand A": 9105000.0,
        "Total Revenue": 5431000.0,
        "Operating Revenue": 5431000.0
    },
    "2024-03-31": {
        "Tax Effect Of Unusual Items": 0.0,
        "Tax Rate For Calcs": 0.21,
        "Normalized EBITDA": -41630000.0,
        "Net Income From Continuing Operation Net Minority Interest": -37914000.0,
        "Reconciled Depreciation": 625000.0,
        "EBITDA": -41630000.0,
        "EBIT": -42255000.0,
        "Net Interest Income": 2197000.0,
        "Interest Income": 2197000.0,
        "Normalized Income": -37914000.0,
        "Net Income From Continuing And Discontinued Operation": -37914000.0,
        "Total Expenses": 48726000.0,
        "Total Operating Income As Reported": -42255000.0,
        "Diluted Average Shares": 108171463.0,
        "Basic Average Shares": 108171463.0,
        "Diluted EPS": -0.35,
        "Basic EPS": -0.35,
        "Diluted NI Availto Com Stockholders": -37914000.0,
        "Net Income Common Stockholders": -37914000.0,
        "Net Income": -37914000.0,
        "Net Income Including Noncontrolling Interests": -37914000.0,
        "Net Income Continuous Operations": -37914000.0,
        "Tax Provision": 40000.0,
        "Pretax Income": -37874000.0,
        "Other Income Expense": 2184000.0,
        "Other Non Operating Income Expenses": 2184000.0,
        "Net Non Operating Interest Income Expense": 2197000.0,
        "Interest Income Non Operating": 2197000.0,
        "Operating Income": -42255000.0,
        "Operating Expense": 48726000.0,
        "Research And Development": 38065000.0,
        "Selling General And Administration": 10661000.0,
        "General And Administrative Expense": 10661000.0,
        "Other Gand A": 10661000.0,
        "Total Revenue": 6471000.0,
        "Operating Revenue": 6471000.0
    },
    "2024-06-30": {
        "Tax Effect Of Unusual Items": 0.0,
        "Tax Rate For Calcs": 0.21,
        "Normalized EBITDA": -28920000.0,
        "Net Income From Continuing Operation Net Minority Interest": -25551000.0,
        "Reconciled Depreciation": 632000.0,
        "EBITDA": -28920000.0,
        "EBIT": -29552000.0,
        "Net Interest Income": 2071000.0,
        "Interest Income": 2071000.0,
        "Normalized Income": -25551000.0,
        "Net Income From Continuing And Discontinued Operation": -25551000.0,
        "Total Expenses": 49427000.0,
        "Total Operating Income As Reported": -29552000.0,
        "Diluted Average Shares": 108314279.0,
        "Basic Average Shares": 108314279.0,
        "Diluted EPS": -0.24,
        "Basic EPS": -0.24,
        "Diluted NI Availto Com Stockholders": -25551000.0,
        "Net Income Common Stockholders": -25551000.0,
        "Net Income": -25551000.0,
        "Net Income Including Noncontrolling Interests": -25551000.0,
        "Net Income Continuous Operations": -25551000.0,
        "Tax Provision": 65000.0,
        "Pretax Income": -25486000.0,
        "Other Income Expense": 1995000.0,
        "Other Non Operating Income Expenses": 1995000.0,
        "Net Non Operating Interest Income Expense": 2071000.0,
        "Interest Income Non Operating": 2071000.0,
        "Operating Income": -29552000.0,
        "Operating Expense": 49427000.0,
        "Research And Development": 38654000.0,
        "Selling General And Administration": 10773000.0,
        "General And Administrative Expense": 10773000.0,
        "Other Gand A": 10773000.0,
        "Total Revenue": 19875000.0,
        "Operating Revenue": 19875000.0
    },
    "2024-09-30": {
        "Tax Effect Of Unusual Items": 0.0,
        "Tax Rate For Calcs": 0.21,
        "Normalized EBITDA": -32256000.0,
        "Net Income From Continuing Operation Net Minority Interest": -29167000.0,
        "Reconciled Depreciation": 622000.0,
        "EBITDA": -32256000.0,
        "EBIT": -32878000.0,
        "Net Interest Income": 1809000.0,
        "Interest Income": 1809000.0,
        "Normalized Income": -29167000.0,
        "Net Income From Continuing And Discontinued Operation": -29167000.0,
        "Total Expenses": 44485000.0,
        "Total Operating Income As Reported": -32878000.0,
        "Diluted Average Shares": 108507390.0,
        "Basic Average Shares": 108507390.0,
        "Diluted EPS": -0.27,
        "Basic EPS": -0.27,
        "Diluted NI Availto Com Stockholders": -29167000.0,
        "Net Income Common Stockholders": -29167000.0,
        "Net Income": -29167000.0,
        "Net Income Including Noncontrolling Interests": -29167000.0,
        "Net Income Continuous Operations": -29167000.0,
        "Tax Provision": 54000.0,
        "Pretax Income": -29113000.0,
        "Other Income Expense": 1956000.0,
        "Other Non Operating Income Expenses": 1956000.0,
        "Net Non Operating Interest Income Expense": 1809000.0,
        "Interest Income Non Operating": 1809000.0,
        "Operating Income": -32878000.0,
        "Operating Expense": 44485000.0,
        "Research And Development": 33263000.0,
        "Selling General And Administration": 11222000.0,
        "General And Administrative Expense": 11222000.0,
        "Other Gand A": 11222000.0,
        "Total Revenue": 11607000.0,
        "Operating Revenue": 11607000.0
    }
}