{
    "2023-03-31": {
        "Tax Effect Of Unusual Items": -17894.389747,
        "Tax Rate For Calcs": 0.013294,
        "Normalized EBITDA": 208189000.0,
        "Total Unusual Items": -1346000.0,
        "Total Unusual Items Excluding Goodwill": -1346000.0,
        "Net Income From Continuing Operation Net Minority Interest": 169368000.0,
        "Reconciled Depreciation": 23975000.0,
        "Reconciled Cost Of Revenue": 199289000.0,
        "EBITDA": 206843000.0,
        "EBIT": 182868000.0,
        "Net Interest Income": -8988000.0,
        "Interest Expense": 11218000.0,
        "Interest Income": 2230000.0,
        "Normalized Income": 170696105.610253,
        "Net Income From Continuing And Discontinued Operation": 169368000.0,
        "Total Expenses": 211558000.0,
        "Rent Expense Supplemental": 12945000.0,
        "Total Operating Income As Reported": 181851000.0,
        "Diluted Average Shares": 34540269.0,
        "Basic Average Shares": 34092504.0,
        "Diluted EPS": 4.9,
        "Basic EPS": 4.97,
        "Diluted NI Availto Com Stockholders": 169368000.0,
        "Net Income Common Stockholders": 169368000.0,
        "Net Income": 169368000.0,
        "Net Income Including Noncontrolling Interests": 169368000.0,
        "Net Income Continuous Operations": 169368000.0,
        "Tax Provision": 2282000.0,
        "Pretax Income": 171650000.0,
        "Other Income Expense": -2461000.0,
        "Other Non Operating Income Expenses": -2245000.0,
        "Special Income Charges": -1248000.0,
        "Gain On Sale Of Ppe": 0.0,
        "Impairment Of Capital Assets": 0.0,
        "Restructuring And Mergern Acquisition": 1248000.0,
        "Earnings From Equity Interest": 1130000.0,
        "Gain On Sale Of Security": -98000.0,
        "Net Non Operating Interest Income Expense": -8988000.0,
        "Interest Expense Non Operating": 11218000.0,
        "Interest Income Non Operating": 2230000.0,
        "Operating Income": 183099000.0,
        "Operating Expense": 12269000.0,
        "Selling General And Administration": 12269000.0,
        "General And Administrative Expense": 12269000.0,
        "Other Gand A": 12269000.0,
        "Gross Profit": 195368000.0,
        "Cost Of Revenue": 199289000.0,
        "Total Revenue": 394657000.0,
        "Operating Revenue": 391754000.0
    },
    "2022-12-31": {
        "Tax Effect Of Unusual Items": NaN,
        "Tax Rate For Calcs": NaN,
        "Normalized EBITDA": NaN,
        "Total Unusual Items": NaN,
        "Total Unusual Items Excluding Goodwill": NaN,
        "Net Income From Continuing Operation Net Minority Interest": NaN,
        "Reconciled Depreciation": NaN,
        "Reconciled Cost Of Revenue": NaN,
        "EBITDA": NaN,
        "EBIT": NaN,
        "Net Interest Income": NaN,
        "Interest Expense": NaN,
        "Interest Income": NaN,
        "Normalized Income": NaN,
        "Net Income From Continuing And Discontinued Operation": NaN,
        "Total Expenses": NaN,
        "Rent Expense Supplemental": NaN,
        "Total Operating Income As Reported": NaN,
        "Diluted Average Shares": NaN,
        "Basic Average Shares": NaN,
        "Diluted EPS": NaN,
        "Basic EPS": NaN,
        "Diluted NI Availto Com Stockholders": NaN,
        "Net Income Common Stockholders": NaN,
        "Net Income": NaN,
        "Net Income Including Noncontrolling Interests": NaN,
        "Net Income Continuous Operations": NaN,
        "Tax Provision": NaN,
        "Pretax Income": NaN,
        "Other Income Expense": NaN,
        "Other Non Operating Income Expenses": NaN,
        "Special Income Charges": NaN,
        "Gain On Sale Of Ppe": NaN,
        "Impairment Of Capital Assets": NaN,
        "Restructuring And Mergern Acquisition": NaN,
        "Earnings From Equity Interest": NaN,
        "Gain On Sale Of Security": -475000.0,
        "Net Non Operating Interest Income Expense": NaN,
        "Interest Expense Non Operating": NaN,
        "Interest Income Non Operating": NaN,
        "Operating Income": NaN,
        "Operating Expense": NaN,
        "Selling General And Administration": NaN,
        "General And Administrative Expense": NaN,
        "Other Gand A": NaN,
        "Gross Profit": NaN,
        "Cost Of Revenue": NaN,
        "Total Revenue": NaN,
        "Operating Revenue": NaN
    },
    "2022-09-30": {
        "Tax Effect Of Unusual Items": NaN,
        "Tax Rate For Calcs": NaN,
        "Normalized EBITDA": NaN,
        "Total Unusual Items": NaN,
        "Total Unusual Items Excluding Goodwill": NaN,
        "Net Income From Continuing Operation Net Minority Interest": NaN,
        "Reconciled Depreciation": NaN,
        "Reconciled Cost Of Revenue": NaN,
        "EBITDA": NaN,
        "EBIT": NaN,
        "Net Interest Income": NaN,
        "Interest Expense": NaN,
        "Interest Income": NaN,
        "Normalized Income": NaN,
        "Net Income From Continuing And Discontinued Operation": NaN,
        "Total Expenses": NaN,
        "Rent Expense Supplemental": NaN,
        "Total Operating Income As Reported": NaN,
        "Diluted Average Shares": NaN,
        "Basic Average Shares": NaN,
        "Diluted EPS": NaN,
        "Basic EPS": NaN,
        "Diluted NI Availto Com Stockholders": NaN,
        "Net Income Common Stockholders": NaN,
        "Net Income": NaN,
        "Net Income Including Noncontrolling Interests": NaN,
        "Net Income Continuous Operations": NaN,
        "Tax Provision": NaN,
        "Pretax Income": NaN,
        "Other Income Expense": NaN,
        "Other Non Operating Income Expenses": NaN,
        "Special Income Charges": NaN,
        "Gain On Sale Of Ppe": 8156000.0,
        "Impairment Of Capital Assets": NaN,
        "Restructuring And Mergern Acquisition": NaN,
        "Earnings From Equity Interest": NaN,
        "Gain On Sale Of Security": 1698000.0,
        "Net Non Operating Interest Income Expense": NaN,
        "Interest Expense Non Operating": NaN,
        "Interest Income Non Operating": NaN,
        "Operating Income": NaN,
        "Operating Expense": NaN,
        "Selling General And Administration": NaN,
        "General And Administrative Expense": NaN,
        "Other Gand A": NaN,
        "Gross Profit": NaN,
        "Cost Of Revenue": NaN,
        "Total Revenue": NaN,
        "Operating Revenue": NaN
    },
    "2022-06-30": {
        "Tax Effect Of Unusual Items": 1636000.0,
        "Tax Rate For Calcs": 0.4,
        "Normalized EBITDA": 57767000.0,
        "Total Unusual Items": 4090000.0,
        "Total Unusual Items Excluding Goodwill": 4090000.0,
        "Net Income From Continuing Operation Net Minority Interest": 28548000.0,
        "Reconciled Depreciation": 25243000.0,
        "Reconciled Cost Of Revenue": 198031000.0,
        "EBITDA": 61857000.0,
        "EBIT": 36614000.0,
        "Net Interest Income": -8721000.0,
        "Interest Expense": 8888000.0,
        "Interest Income": 167000.0,
        "Normalized Income": 26094000.0,
        "Net Income From Continuing And Discontinued Operation": 28548000.0,
        "Total Expenses": 209051000.0,
        "Rent Expense Supplemental": 6553000.0,
        "Total Operating Income As Reported": 34078000.0,
        "Diluted Average Shares": 34201689.0,
        "Basic Average Shares": 33948880.0,
        "Diluted EPS": 0.83,
        "Basic EPS": 0.84,
        "Diluted NI Availto Com Stockholders": 28548000.0,
        "Net Income Common Stockholders": 28548000.0,
        "Net Income": 28548000.0,
        "Net Income Including Noncontrolling Interests": 28548000.0,
        "Net Income Continuous Operations": 28548000.0,
        "Tax Provision": -822000.0,
        "Pretax Income": 27726000.0,
        "Other Income Expense": 3109000.0,
        "Other Non Operating Income Expenses": -50000.0,
        "Special Income Charges": 740000.0,
        "Gain On Sale Of Ppe": NaN,
        "Impairment Of Capital Assets": -1153000.0,
        "Restructuring And Mergern Acquisition": 413000.0,
        "Earnings From Equity Interest": -931000.0,
        "Gain On Sale Of Security": 3350000.0,
        "Net Non Operating Interest Income Expense": -8721000.0,
        "Interest Expense Non Operating": 8888000.0,
        "Interest Income Non Operating": 167000.0,
        "Operating Income": 33338000.0,
        "Operating Expense": 11020000.0,
        "Selling General And Administration": 11020000.0,
        "General And Administrative Expense": 11020000.0,
        "Other Gand A": 11020000.0,
        "Gross Profit": 44358000.0,
        "Cost Of Revenue": 198031000.0,
        "Total Revenue": 242389000.0,
        "Operating Revenue": 240182000.0
    },
    "2022-03-31": {
        "Diluted EPS": -0.41,
        "Total Revenue": 174,
        "Gross Profit": 28,
        "Operating Income": -8,
        "EBIT": 17,
        "Net Income": -14
    },
    "2021-12-31": {
        "Diluted EPS": -1.16,
        "Total Revenue": 160,
        "Gross Profit": 19,
        "Operating Income": -21,
        "EBIT": 5,
        "Net Income": -40
    },
    "2021-09-30": {
        "Diluted EPS": -1.54,
        "Total Revenue": 116,
        "Gross Profit": -4,
        "Operating Income": -41,
        "EBIT": -16,
        "Net Income": -52
    },
    "2021-06-30": {
        "Diluted EPS": -3.83,
        "Total Revenue": 123,
        "Gross Profit": 6,
        "Operating Income": -119,
        "EBIT": -93,
        "Net Income": -129
    },
    "2021-03-31": {
        "Diluted EPS": -0.63,
        "Total Revenue": 143,
        "Gross Profit": 27,
        "Operating Income": -12,
        "EBIT": 15,
        "Net Income": -21
    },
    "2020-12-31": {
        "Diluted EPS": -2.15,
        "Total Revenue": 128,
        "Gross Profit": 20,
        "Operating Income": -42,
        "EBIT": -14,
        "Net Income": -73
    },
    "2020-09-30": {
        "Diluted EPS": -1.32,
        "Total Revenue": 170,
        "Gross Profit": 57,
        "Operating Income": -29,
        "EBIT": 1,
        "Net Income": -44
    },
    "2020-06-30": {
        "Diluted EPS": 2.89,
        "Total Revenue": 246,
        "Gross Profit": 129,
        "Operating Income": 93,
        "EBIT": 123,
        "Net Income": 98
    },
    "2020-03-31": {
        "Diluted EPS": 3.15,
        "Total Revenue": 342,
        "Gross Profit": 162,
        "Operating Income": 120,
        "EBIT": 150,
        "Net Income": 107
    },
    "2019-12-31": {
        "Diluted EPS": 1.88,
        "Total Revenue": 311,
        "Gross Profit": 138,
        "Operating Income": 92,
        "EBIT": 124,
        "Net Income": 63
    },
    "2019-09-30": {
        "Diluted EPS": -0.59,
        "Total Revenue": 187,
        "Gross Profit": 35,
        "Operating Income": -5,
        "EBIT": 27,
        "Net Income": -20
    },
    "2019-06-30": {
        "Diluted EPS": -0.43,
        "Total Revenue": 207,
        "Gross Profit": 45,
        "Operating Income": 5,
        "EBIT": 36,
        "Net Income": -14
    },
    "2019-03-31": {
        "Diluted EPS": 0.37,
        "Total Revenue": 238,
        "Gross Profit": 71,
        "Operating Income": 32,
        "EBIT": 62,
        "Net Income": 12
    },
    "2018-12-31": {
        "Diluted EPS": 0.35,
        "Total Revenue": 260,
        "Gross Profit": 73,
        "Operating Income": 31,
        "EBIT": 61,
        "Net Income": 12
    },
    "2018-09-30": {
        "Diluted EPS": -0.56,
        "Total Revenue": 176,
        "Gross Profit": 36,
        "Operating Income": -2,
        "EBIT": 27,
        "Net Income": -17
    },
    "2018-06-30": {
        "Diluted EPS": -0.8,
        "Total Revenue": 172,
        "Gross Profit": 26,
        "Operating Income": -13,
        "EBIT": 16,
        "Net Income": -27
    },
    "2018-03-31": {
        "Diluted EPS": -0.56,
        "Total Revenue": 168,
        "Gross Profit": 31,
        "Operating Income": -8,
        "EBIT": 21,
        "Net Income": -19
    },
    "2017-12-31": {
        "Diluted EPS": 0.0,
        "Total Revenue": 101,
        "Gross Profit": 38,
        "Operating Income": 3,
        "EBIT": 30,
        "Net Income": -39
    },
    "2017-09-30": {
        "Diluted EPS": -0.96,
        "Total Revenue": 91,
        "Gross Profit": 26,
        "Operating Income": -14,
        "EBIT": 11,
        "Net Income": -22
    },
    "2017-06-30": {
        "Diluted EPS": -1.68,
        "Total Revenue": 109,
        "Gross Profit": 35,
        "Operating Income": 2,
        "EBIT": 26,
        "Net Income": NaN
    },
    "2017-03-31": {
        "Diluted EPS": 0.16,
        "Total Revenue": 130,
        "Gross Profit": 49,
        "Operating Income": 11,
        "EBIT": 36,
        "Net Income": 4
    },
    "2016-12-31": {
        "Diluted EPS": 0.32,
        "Total Revenue": 130,
        "Gross Profit": 55,
        "Operating Income": 13,
        "EBIT": 39,
        "Net Income": 10
    },
    "2016-09-30": {
        "Diluted EPS": -0.24,
        "Total Revenue": 110,
        "Gross Profit": 39,
        "Operating Income": -3,
        "EBIT": 23,
        "Net Income": -5
    },
    "2016-06-30": {
        "Diluted EPS": 1.12,
        "Total Revenue": 146,
        "Gross Profit": 74,
        "Operating Income": 33,
        "EBIT": 59,
        "Net Income": 24
    },
    "2016-03-31": {
        "Diluted EPS": 2.0,
        "Total Revenue": 165,
        "Gross Profit": 86,
        "Operating Income": 54,
        "EBIT": 81,
        "Net Income": 39
    },
    "2015-12-31": {
        "Diluted EPS": 2.64,
        "Total Revenue": 169,
        "Gross Profit": 88,
        "Operating Income": 57,
        "EBIT": 82,
        "Net Income": 51
    },
    "2015-09-30": {
        "Diluted EPS": 2.4,
        "Total Revenue": 126,
        "Gross Profit": 67,
        "Operating Income": 45,
        "EBIT": 62,
        "Net Income": 41
    },
    "2015-06-30": {
        "Diluted EPS": 3.04,
        "Total Revenue": 111,
        "Gross Profit": 63,
        "Operating Income": 45,
        "EBIT": 61,
        "Net Income": 45
    },
    "2015-03-31": {
        "Diluted EPS": 2.72,
        "Total Revenue": 108,
        "Gross Profit": 65,
        "Operating Income": 41,
        "EBIT": 56,
        "Net Income": 40
    },
    "2014-12-31": {
        "Diluted EPS": 1.84,
        "Total Revenue": 90,
        "Gross Profit": 44,
        "Operating Income": 25,
        "EBIT": 41,
        "Net Income": 20
    },
    "2014-09-30": {
        "Diluted EPS": 0.56,
        "Total Revenue": 53,
        "Gross Profit": 21,
        "Operating Income": 6,
        "EBIT": 18,
        "Net Income": 6
    },
    "2014-06-30": {
        "Diluted EPS": 0.4,
        "Total Revenue": 44,
        "Gross Profit": 16,
        "Operating Income": 10,
        "EBIT": 23,
        "Net Income": 5
    },
    "2014-03-31": {
        "Diluted EPS": 2.48,
        "Total Revenue": 62,
        "Gross Profit": 36,
        "Operating Income": 21,
        "EBIT": 33,
        "Net Income": 26
    },
    "2013-12-31": {
        "Diluted EPS": 1.28,
        "Total Revenue": 52,
        "Gross Profit": 27,
        "Operating Income": 23,
        "EBIT": 38,
        "Net Income": 14
    },
    "2013-09-30": {
        "Diluted EPS": -1.36,
        "Total Revenue": 39,
        "Gross Profit": 16,
        "Operating Income": -10,
        "EBIT": 2,
        "Net Income": -15
    },
    "2013-06-30": {
        "Diluted EPS": -0.56,
        "Total Revenue": 43,
        "Gross Profit": 14,
        "Operating Income": -6,
        "EBIT": 6,
        "Net Income": -6
    },
    "2013-03-31": {
        "Diluted EPS": -0.16,
        "Total Revenue": 45,
        "Gross Profit": 17,
        "Operating Income": 2,
        "EBIT": 13,
        "Net Income": -2
    },
    "2012-12-31": {
        "Diluted EPS": -35.92,
        "Total Revenue": 45,
        "Gross Profit": 19,
        "Operating Income": -355,
        "EBIT": -336,
        "Net Income": -366
    },
    "2012-09-30": {
        "Diluted EPS": -0.96,
        "Total Revenue": 46,
        "Gross Profit": 18,
        "Operating Income": -2,
        "EBIT": 16,
        "Net Income": -10
    },
    "2012-06-30": {
        "Diluted EPS": 0.08,
        "Total Revenue": 51,
        "Gross Profit": 27,
        "Operating Income": 7,
        "EBIT": 25,
        "Net Income": 1
    },
    "2012-03-31": {
        "Diluted EPS": 0.48,
        "Total Revenue": 55,
        "Gross Profit": 29,
        "Operating Income": 9,
        "EBIT": 27,
        "Net Income": 4
    },
    "2011-12-31": {
        "Diluted EPS": -0.08,
        "Total Revenue": 73,
        "Gross Profit": 30,
        "Operating Income": -62,
        "EBIT": -44,
        "Net Income": 0
    },
    "2011-09-30": {
        "Diluted EPS": -2.24,
        "Total Revenue": 53,
        "Gross Profit": 28,
        "Operating Income": -72,
        "EBIT": -53,
        "Net Income": -17
    },
    "2011-06-30": {
        "Diluted EPS": 0.16,
        "Total Revenue": 57,
        "Gross Profit": 35,
        "Operating Income": 57,
        "EBIT": 84,
        "Net Income": 1
    },
    "2011-03-31": {
        "Diluted EPS": 0.96,
        "Total Revenue": 32,
        "Gross Profit": 22,
        "Operating Income": 32,
        "EBIT": 43,
        "Net Income": 7
    },
    "2010-12-31": {
        "Diluted EPS": 1.36,
        "Total Revenue": 131,
        "Gross Profit": 79,
        "Operating Income": 210,
        "EBIT": 253,
        "Net Income": 9
    },
    "2010-09-30": {
        "Diluted EPS": -0.08,
        "Total Revenue": 34,
        "Gross Profit": 23,
        "Operating Income": 7,
        "EBIT": 18,
        "Net Income": 0
    },
    "2010-06-30": {
        "Diluted EPS": 0.4,
        "Total Revenue": 37,
        "Gross Profit": 25,
        "Operating Income": 11,
        "EBIT": 23,
        "Net Income": 2
    },
    "2010-03-31": {
        "Diluted EPS": 1.28,
        "Total Revenue": 39,
        "Gross Profit": 26,
        "Operating Income": 12,
        "EBIT": 23,
        "Net Income": 5
    },
    "2009-12-31": {
        "Diluted EPS": 0.96,
        "Total Revenue": 61,
        "Gross Profit": 39,
        "Operating Income": 15,
        "EBIT": 32,
        "Net Income": 8
    },
    "2009-09-30": {
        "Diluted EPS": -0.4,
        "Total Revenue": 27,
        "Gross Profit": 16,
        "Operating Income": 4,
        "EBIT": 13,
        "Net Income": -2
    },
    "2009-06-30": {
        "Diluted EPS": 5.12,
        "Total Revenue": 38,
        "Gross Profit": 27,
        "Operating Income": 15,
        "EBIT": 27,
        "Net Income": 16
    },
    "2009-03-31": {
        "Diluted EPS": 4.56,
        "Total Revenue": 34,
        "Gross Profit": 25,
        "Operating Income": 17,
        "EBIT": 24,
        "Net Income": 14
    },
    "2023-06-30": {
        "Tax Effect Of Unusual Items": 138353.172611,
        "Tax Rate For Calcs": 0.050959,
        "Normalized EBITDA": 186940000.0,
        "Total Unusual Items": 2715000.0,
        "Total Unusual Items Excluding Goodwill": 2715000.0,
        "Net Income From Continuing Operation Net Minority Interest": 151243000.0,
        "Reconciled Depreciation": 24384000.0,
        "Reconciled Cost Of Revenue": 198957000.0,
        "EBITDA": 189655000.0,
        "EBIT": 165271000.0,
        "Net Interest Income": -4136000.0,
        "Interest Expense": 5907000.0,
        "Interest Income": 1771000.0,
        "Normalized Income": 148666353.172611,
        "Net Income From Continuing And Discontinued Operation": 151243000.0,
        "Total Expenses": 211075000.0,
        "Rent Expense Supplemental": 18691000.0,
        "Total Operating Income As Reported": 159571000.0,
        "Diluted Average Shares": 34546749.0,
        "Basic Average Shares": 34140540.0,
        "Diluted EPS": 4.38,
        "Basic EPS": 4.43,
        "Diluted NI Availto Com Stockholders": 151243000.0,
        "Net Income Common Stockholders": 151243000.0,
        "Net Income": 151243000.0,
        "Net Income Including Noncontrolling Interests": 151243000.0,
        "Net Income Continuous Operations": 151243000.0,
        "Tax Provision": 8121000.0,
        "Pretax Income": 159364000.0,
        "Other Income Expense": 3929000.0,
        "Other Non Operating Income Expenses": 94000.0,
        "Special Income Charges": 0.0,
        "Gain On Sale Of Ppe": 0.0,
        "Impairment Of Capital Assets": NaN,
        "Restructuring And Mergern Acquisition": 0.0,
        "Earnings From Equity Interest": 1120000.0,
        "Gain On Sale Of Security": 2715000.0,
        "Net Non Operating Interest Income Expense": -4136000.0,
        "Interest Expense Non Operating": 5907000.0,
        "Interest Income Non Operating": 1771000.0,
        "Operating Income": 159571000.0,
        "Operating Expense": 12118000.0,
        "Selling General And Administration": 12118000.0,
        "General And Administrative Expense": 12118000.0,
        "Other Gand A": 12118000.0,
        "Gross Profit": 171689000.0,
        "Cost Of Revenue": 198957000.0,
        "Total Revenue": 370646000.0,
        "Operating Revenue": 367961000.0
    },
    "2023-09-30": {
        "Tax Effect Of Unusual Items": 0.0,
        "Tax Rate For Calcs": 0.21,
        "Normalized EBITDA": 109843000.0,
        "Total Unusual Items": 0.0,
        "Total Unusual Items Excluding Goodwill": 0.0,
        "Net Income From Continuing Operation Net Minority Interest": 81366000.0,
        "Reconciled Depreciation": 24565000.0,
        "Reconciled Cost Of Revenue": 193583000.0,
        "EBITDA": 109843000.0,
        "EBIT": 85278000.0,
        "Net Interest Income": -3321000.0,
        "Interest Expense": 6440000.0,
        "Interest Income": 3119000.0,
        "Normalized Income": 81366000.0,
        "Net Income From Continuing And Discontinued Operation": 81366000.0,
        "Total Expenses": 204283000.0,
        "Rent Expense Supplemental": 19378000.0,
        "Total Operating Income As Reported": 81575000.0,
        "Diluted Average Shares": 34571439.0,
        "Basic Average Shares": 34201415.0,
        "Diluted EPS": 2.35,
        "Basic EPS": 2.38,
        "Diluted NI Availto Com Stockholders": 81366000.0,
        "Net Income Common Stockholders": 81366000.0,
        "Net Income": 81366000.0,
        "Net Income Including Noncontrolling Interests": 81366000.0,
        "Net Income Continuous Operations": 81366000.0,
        "Tax Provision": -2528000.0,
        "Pretax Income": 78838000.0,
        "Other Income Expense": 584000.0,
        "Other Non Operating Income Expenses": -82000.0,
        "Special Income Charges": 0.0,
        "Gain On Sale Of Ppe": 0.0,
        "Impairment Of Capital Assets": NaN,
        "Restructuring And Mergern Acquisition": 0.0,
        "Earnings From Equity Interest": 666000.0,
        "Gain On Sale Of Security": NaN,
        "Net Non Operating Interest Income Expense": -3321000.0,
        "Interest Expense Non Operating": 6440000.0,
        "Interest Income Non Operating": 3119000.0,
        "Operating Income": 81575000.0,
        "Operating Expense": 10700000.0,
        "Selling General And Administration": 10700000.0,
        "General And Administrative Expense": 10700000.0,
        "Other Gand A": 10700000.0,
        "Gross Profit": 92275000.0,
        "Cost Of Revenue": 193583000.0,
        "Total Revenue": 285858000.0,
        "Operating Revenue": 282893000.0
    },
    "2023-12-31": {
        "Tax Effect Of Unusual Items": 166179.497136,
        "Tax Rate For Calcs": 0.01427,
        "Normalized EBITDA": 130434000.0,
        "Total Unusual Items": 11645000.0,
        "Total Unusual Items Excluding Goodwill": 11645000.0,
        "Net Income From Continuing Operation Net Minority Interest": 111694000.0,
        "Reconciled Depreciation": 24627000.0,
        "Reconciled Cost Of Revenue": 199889000.0,
        "EBITDA": 142079000.0,
        "EBIT": 117452000.0,
        "Net Interest Income": -1083000.0,
        "Interest Expense": 4141000.0,
        "Interest Income": 3058000.0,
        "Normalized Income": 100215179.497136,
        "Net Income From Continuing And Discontinued Operation": 111694000.0,
        "Total Expenses": 210738000.0,
        "Rent Expense Supplemental": 19822000.0,
        "Total Operating Income As Reported": 112913000.0,
        "Diluted Average Shares": 34613345.0,
        "Basic Average Shares": 34203138.0,
        "Diluted EPS": 3.23,
        "Basic EPS": 3.27,
        "Diluted NI Availto Com Stockholders": 111694000.0,
        "Net Income Common Stockholders": 111694000.0,
        "Net Income": 111694000.0,
        "Net Income Including Noncontrolling Interests": 111694000.0,
        "Net Income Continuous Operations": 111694000.0,
        "Tax Provision": 1617000.0,
        "Pretax Income": 113311000.0,
        "Other Income Expense": 11841000.0,
        "Other Non Operating Income Expenses": -320000.0,
        "Special Income Charges": 10360000.0,
        "Gain On Sale Of Ppe": NaN,
        "Impairment Of Capital Assets": NaN,
        "Restructuring And Mergern Acquisition": 0.0,
        "Earnings From Equity Interest": 516000.0,
        "Gain On Sale Of Security": 1285000.0,
        "Net Non Operating Interest Income Expense": -1083000.0,
        "Interest Expense Non Operating": 4141000.0,
        "Interest Income Non Operating": 3058000.0,
        "Operating Income": 102553000.0,
        "Operating Expense": 10849000.0,
        "Selling General And Administration": 10849000.0,
        "General And Administrative Expense": 10849000.0,
        "Other Gand A": 10849000.0,
        "Gross Profit": 113402000.0,
        "Cost Of Revenue": 199889000.0,
        "Total Revenue": 313291000.0,
        "Operating Revenue": 310028000.0
    },
    "2024-03-31": {
        "Tax Effect Of Unusual Items": 4640400.0,
        "Tax Rate For Calcs": 0.4,
        "Normalized EBITDA": 157021000.0,
        "Total Unusual Items": 11601000.0,
        "Total Unusual Items Excluding Goodwill": 11601000.0,
        "Net Income From Continuing Operation Net Minority Interest": 144771000.0,
        "Reconciled Depreciation": 23318000.0,
        "Reconciled Cost Of Revenue": 196860000.0,
        "EBITDA": 168622000.0,
        "EBIT": 145304000.0,
        "Net Interest Income": 608000.0,
        "Interest Expense": 4866000.0,
        "Interest Income": 5474000.0,
        "Normalized Income": 137810400.0,
        "Net Income From Continuing And Discontinued Operation": 144771000.0,
        "Total Expenses": 210703000.0,
        "Rent Expense Supplemental": 19516000.0,
        "Total Operating Income As Reported": 139241000.0,
        "Diluted Average Shares": 34649190.0,
        "Basic Average Shares": 34261903.0,
        "Diluted EPS": 4.18,
        "Basic EPS": 4.23,
        "Diluted NI Availto Com Stockholders": 144771000.0,
        "Net Income Common Stockholders": 144771000.0,
        "Net Income": 144771000.0,
        "Net Income Including Noncontrolling Interests": 144771000.0,
        "Net Income Continuous Operations": 144771000.0,
        "Tax Provision": -4333000.0,
        "Pretax Income": 140438000.0,
        "Other Income Expense": 12190000.0,
        "Other Non Operating Income Expenses": -779000.0,
        "Special Income Charges": 11601000.0,
        "Gain On Sale Of Ppe": 11601000.0,
        "Impairment Of Capital Assets": NaN,
        "Restructuring And Mergern Acquisition": 0.0,
        "Earnings From Equity Interest": 1368000.0,
        "Gain On Sale Of Security": NaN,
        "Net Non Operating Interest Income Expense": 608000.0,
        "Interest Expense Non Operating": 4866000.0,
        "Interest Income Non Operating": 5474000.0,
        "Operating Income": 127640000.0,
        "Operating Expense": 13843000.0,
        "Selling General And Administration": 13843000.0,
        "General And Administrative Expense": 13843000.0,
        "Other Gand A": 13843000.0,
        "Gross Profit": 141483000.0,
        "Cost Of Revenue": 196860000.0,
        "Total Revenue": 338343000.0,
        "Operating Revenue": 334064000.0
    }
}