{
    "2022-12-31": {
        "Tax Effect Of Unusual Items": 2066900.0,
        "Tax Rate For Calcs": 0.22,
        "Normalized EBITDA": 119575000.0,
        "Total Unusual Items": 9395000.0,
        "Total Unusual Items Excluding Goodwill": 9395000.0,
        "Net Income From Continuing Operation Net Minority Interest": 101137000.0,
        "Reconciled Cost Of Revenue": 140221000.0,
        "EBITDA": 128970000.0,
        "EBIT": 128970000.0,
        "Net Interest Income": -29132000.0,
        "Interest Expense": 26093000.0,
        "Interest Income": 1155000.0,
        "Normalized Income": 93808900.0,
        "Net Income From Continuing And Discontinued Operation": 101137000.0,
        "Total Expenses": 147838000.0,
        "Rent Expense Supplemental": 6642000.0,
        "Total Operating Income As Reported": 122417000.0,
        "Diluted Average Shares": NaN,
        "Basic Average Shares": NaN,
        "Diluted EPS": NaN,
        "Basic EPS": NaN,
        "Diluted NI Availto Com Stockholders": 91941000.0,
        "Average Dilution Earnings": NaN,
        "Net Income Common Stockholders": 91941000.0,
        "Otherunder Preferred Stock Dividend": 522000.0,
        "Preferred Stock Dividends": 8674000.0,
        "Net Income": 101137000.0,
        "Minority Interests": -1740000.0,
        "Net Income Including Noncontrolling Interests": 102877000.0,
        "Net Income Continuous Operations": 102877000.0,
        "Pretax Income": 102877000.0,
        "Other Income Expense": 9592000.0,
        "Other Non Operating Income Expenses": 197000.0,
        "Special Income Charges": 0.0,
        "Gain On Sale Of Ppe": 0.0,
        "Gain On Sale Of Security": NaN,
        "Net Non Operating Interest Income Expense": -29132000.0,
        "Total Other Finance Cost": NaN,
        "Interest Expense Non Operating": 26093000.0,
        "Interest Income Non Operating": 1155000.0,
        "Operating Income": 122417000.0,
        "Operating Expense": 7617000.0,
        "Selling General And Administration": 7617000.0,
        "General And Administrative Expense": 7617000.0,
        "Other Gand A": 7617000.0,
        "Gross Profit": 130034000.0,
        "Cost Of Revenue": 140221000.0,
        "Total Revenue": 270255000.0,
        "Operating Revenue": 270255000.0
    },
    "2022-09-30": {
        "Tax Effect Of Unusual Items": -295600.0,
        "Tax Rate For Calcs": 0.4,
        "Normalized EBITDA": 68155000.0,
        "Total Unusual Items": -739000.0,
        "Total Unusual Items Excluding Goodwill": -739000.0,
        "Net Income From Continuing Operation Net Minority Interest": 51354000.0,
        "Reconciled Cost Of Revenue": 147943000.0,
        "EBITDA": 67416000.0,
        "EBIT": 67416000.0,
        "Net Interest Income": -14640000.0,
        "Interest Expense": 15069000.0,
        "Interest Income": 429000.0,
        "Normalized Income": 51797400.0,
        "Net Income From Continuing And Discontinued Operation": 51354000.0,
        "Total Expenses": 156003000.0,
        "Rent Expense Supplemental": 8806000.0,
        "Total Operating Income As Reported": 67000000.0,
        "Diluted Average Shares": 28936397.0,
        "Basic Average Shares": 28676821.0,
        "Diluted EPS": 1.48,
        "Basic EPS": 1.48,
        "Diluted NI Availto Com Stockholders": 42338000.0,
        "Average Dilution Earnings": NaN,
        "Net Income Common Stockholders": 42338000.0,
        "Otherunder Preferred Stock Dividend": 343000.0,
        "Preferred Stock Dividends": 8673000.0,
        "Net Income": 51354000.0,
        "Minority Interests": -993000.0,
        "Net Income Including Noncontrolling Interests": 52347000.0,
        "Net Income Continuous Operations": 52347000.0,
        "Pretax Income": 52347000.0,
        "Other Income Expense": -752000.0,
        "Other Non Operating Income Expenses": -13000.0,
        "Special Income Charges": -739000.0,
        "Gain On Sale Of Ppe": -739000.0,
        "Gain On Sale Of Security": NaN,
        "Net Non Operating Interest Income Expense": -14640000.0,
        "Total Other Finance Cost": NaN,
        "Interest Expense Non Operating": 15069000.0,
        "Interest Income Non Operating": 429000.0,
        "Operating Income": 67739000.0,
        "Operating Expense": 8060000.0,
        "Selling General And Administration": 8060000.0,
        "General And Administrative Expense": 8060000.0,
        "Other Gand A": 8060000.0,
        "Gross Profit": 75799000.0,
        "Cost Of Revenue": 147943000.0,
        "Total Revenue": 223742000.0,
        "Operating Revenue": 223742000.0
    },
    "2022-06-30": {
        "Tax Effect Of Unusual Items": 344000.0,
        "Tax Rate For Calcs": 0.4,
        "Normalized EBITDA": 56774000.0,
        "Total Unusual Items": 860000.0,
        "Total Unusual Items Excluding Goodwill": 860000.0,
        "Net Income From Continuing Operation Net Minority Interest": 46225000.0,
        "Reconciled Cost Of Revenue": 152247000.0,
        "EBITDA": 57634000.0,
        "EBIT": 57634000.0,
        "Net Interest Income": -11327000.0,
        "Interest Expense": 10683000.0,
        "Interest Income": 226000.0,
        "Normalized Income": 45709000.0,
        "Net Income From Continuing And Discontinued Operation": 46225000.0,
        "Total Expenses": 159630000.0,
        "Rent Expense Supplemental": 8711000.0,
        "Total Operating Income As Reported": 57368000.0,
        "Diluted Average Shares": 28704595.0,
        "Basic Average Shares": 28398404.0,
        "Diluted EPS": 1.31,
        "Basic EPS": 1.31,
        "Diluted NI Availto Com Stockholders": 37552000.0,
        "Average Dilution Earnings": 401000.0,
        "Net Income Common Stockholders": 37151000.0,
        "Otherunder Preferred Stock Dividend": 370000.0,
        "Preferred Stock Dividends": 8704000.0,
        "Net Income": 46225000.0,
        "Minority Interests": -726000.0,
        "Net Income Including Noncontrolling Interests": 46951000.0,
        "Net Income Continuous Operations": 46951000.0,
        "Pretax Income": 46951000.0,
        "Other Income Expense": 1209000.0,
        "Other Non Operating Income Expenses": 349000.0,
        "Special Income Charges": 299000.0,
        "Gain On Sale Of Ppe": 299000.0,
        "Gain On Sale Of Security": 561000.0,
        "Net Non Operating Interest Income Expense": -11327000.0,
        "Total Other Finance Cost": 870000.0,
        "Interest Expense Non Operating": 10683000.0,
        "Interest Income Non Operating": 226000.0,
        "Operating Income": 57069000.0,
        "Operating Expense": 7383000.0,
        "Selling General And Administration": 7383000.0,
        "General And Administrative Expense": 7383000.0,
        "Other Gand A": 7383000.0,
        "Gross Profit": 64452000.0,
        "Cost Of Revenue": 152247000.0,
        "Total Revenue": 216699000.0,
        "Operating Revenue": 216699000.0
    },
    "2022-03-31": {
        "Diluted EPS": -0.12,
        "Total Revenue": 150,
        "Gross Profit": 50,
        "Operating Income": 10,
        "EBIT": 10,
        "Net Income": -3
    },
    "2021-12-31": {
        "Diluted EPS": -5.52,
        "Total Revenue": 139,
        "Gross Profit": 37,
        "Operating Income": -6,
        "EBIT": -6,
        "Net Income": -111
    },
    "2021-09-30": {
        "Diluted EPS": -1.72,
        "Total Revenue": 132,
        "Gross Profit": 27,
        "Operating Income": -16,
        "EBIT": -16,
        "Net Income": -34
    },
    "2021-06-30": {
        "Diluted EPS": -1.49,
        "Total Revenue": 136,
        "Gross Profit": 36,
        "Operating Income": -13,
        "EBIT": -13,
        "Net Income": -28
    },
    "2021-03-31": {
        "Diluted EPS": -0.8,
        "Total Revenue": 139,
        "Gross Profit": 44,
        "Operating Income": 2,
        "EBIT": 2,
        "Net Income": -15
    },
    "2020-09-30": {
        "Diluted EPS": -0.55,
        "Total Revenue": 143,
        "Gross Profit": 55,
        "Operating Income": 15,
        "EBIT": 15,
        "Net Income": -10
    },
    "2020-06-30": {
        "Diluted EPS": 1.07,
        "Total Revenue": 191,
        "Gross Profit": 107,
        "Operating Income": 60,
        "EBIT": 60,
        "Net Income": 20
    },
    "2019-06-30": {
        "Diluted EPS": -0.72,
        "Total Revenue": 144,
        "Gross Profit": 60,
        "Operating Income": 19,
        "EBIT": 54,
        "Net Income": -13
    },
    "2019-03-31": {
        "Diluted EPS": 0.05,
        "Total Revenue": 147,
        "Gross Profit": 69,
        "Operating Income": 28,
        "EBIT": 64,
        "Net Income": 1
    },
    "2018-06-30": {
        "Diluted EPS": -0.95,
        "Total Revenue": 124,
        "Gross Profit": 48,
        "Operating Income": 4,
        "EBIT": 42,
        "Net Income": -16
    },
    "2018-03-31": {
        "Diluted EPS": -1.05,
        "Total Revenue": 126,
        "Gross Profit": 48,
        "Operating Income": 6,
        "EBIT": 42,
        "Net Income": -19
    },
    "2017-06-30": {
        "Diluted EPS": -0.15,
        "Total Revenue": 132,
        "Gross Profit": 60,
        "Operating Income": 19,
        "EBIT": 54,
        "Net Income": -3
    },
    "2017-03-31": {
        "Diluted EPS": 0.8,
        "Total Revenue": 138,
        "Gross Profit": 68,
        "Operating Income": 30,
        "EBIT": 63,
        "Net Income": 14
    },
    "2016-06-30": {
        "Diluted EPS": 0.75,
        "Total Revenue": 120,
        "Gross Profit": 59,
        "Operating Income": 24,
        "EBIT": 52,
        "Net Income": 12
    },
    "2016-03-31": {
        "Diluted EPS": 1.25,
        "Total Revenue": 122,
        "Gross Profit": 65,
        "Operating Income": 33,
        "EBIT": 60,
        "Net Income": 21
    },
    "2015-12-31": {
        "Diluted EPS": 2.0,
        "Total Revenue": 143,
        "Gross Profit": 80,
        "Operating Income": 48,
        "EBIT": 75,
        "Net Income": 36
    },
    "2015-09-30": {
        "Diluted EPS": 2.1,
        "Total Revenue": 142,
        "Gross Profit": 74,
        "Operating Income": 45,
        "EBIT": 72,
        "Net Income": 36
    },
    "2015-06-30": {
        "Diluted EPS": 2.25,
        "Total Revenue": 154,
        "Gross Profit": 82,
        "Operating Income": 49,
        "EBIT": 77,
        "Net Income": 38
    },
    "2015-03-31": {
        "Diluted EPS": 2.1,
        "Total Revenue": 149,
        "Gross Profit": 78,
        "Operating Income": 46,
        "EBIT": 72,
        "Net Income": 35
    },
    "2014-12-31": {
        "Diluted EPS": 0.55,
        "Total Revenue": 137,
        "Gross Profit": 61,
        "Operating Income": 29,
        "EBIT": 56,
        "Net Income": 11
    },
    "2014-09-30": {
        "Diluted EPS": 0.2,
        "Total Revenue": 121,
        "Gross Profit": 46,
        "Operating Income": 14,
        "EBIT": 41,
        "Net Income": 3
    },
    "2014-06-30": {
        "Diluted EPS": -0.1,
        "Total Revenue": 112,
        "Gross Profit": 39,
        "Operating Income": 8,
        "EBIT": 34,
        "Net Income": -2
    },
    "2014-03-31": {
        "Diluted EPS": 0.95,
        "Total Revenue": 130,
        "Gross Profit": 55,
        "Operating Income": 24,
        "EBIT": 50,
        "Net Income": 12
    },
    "2013-12-31": {
        "Diluted EPS": -3.35,
        "Total Revenue": 105,
        "Gross Profit": 25,
        "Operating Income": 5,
        "EBIT": 31,
        "Net Income": -38
    },
    "2013-09-30": {
        "Diluted EPS": -0.2,
        "Total Revenue": 108,
        "Gross Profit": 45,
        "Operating Income": 10,
        "EBIT": 36,
        "Net Income": -2
    },
    "2013-06-30": {
        "Diluted EPS": -0.2,
        "Total Revenue": 108,
        "Gross Profit": 43,
        "Operating Income": 9,
        "EBIT": 34,
        "Net Income": -2
    },
    "2013-03-31": {
        "Diluted EPS": 0.1,
        "Total Revenue": 98,
        "Gross Profit": 42,
        "Operating Income": 10,
        "EBIT": 33,
        "Net Income": 1
    },
    "2012-12-31": {
        "Diluted EPS": -2.25,
        "Total Revenue": 100,
        "Gross Profit": 39,
        "Operating Income": 3,
        "EBIT": 28,
        "Net Income": -24
    },
    "2012-09-30": {
        "Diluted EPS": -0.9,
        "Total Revenue": 92,
        "Gross Profit": 34,
        "Operating Income": 1,
        "EBIT": 26,
        "Net Income": -10
    },
    "2012-06-30": {
        "Diluted EPS": -0.5,
        "Total Revenue": 99,
        "Gross Profit": 41,
        "Operating Income": 10,
        "EBIT": 35,
        "Net Income": -6
    },
    "2012-03-31": {
        "Diluted EPS": -0.95,
        "Total Revenue": 102,
        "Gross Profit": 34,
        "Operating Income": 1,
        "EBIT": 26,
        "Net Income": -9
    },
    "2011-12-31": {
        "Diluted EPS": -6.15,
        "Total Revenue": 101,
        "Gross Profit": 34,
        "Operating Income": -3,
        "EBIT": 25,
        "Net Income": -57
    },
    "2011-09-30": {
        "Diluted EPS": -2.6,
        "Total Revenue": 94,
        "Gross Profit": 26,
        "Operating Income": -9,
        "EBIT": 18,
        "Net Income": -24
    },
    "2011-06-30": {
        "Diluted EPS": -1.95,
        "Total Revenue": 101,
        "Gross Profit": 34,
        "Operating Income": -2,
        "EBIT": 25,
        "Net Income": -18
    },
    "2011-03-31": {
        "Diluted EPS": 1.0,
        "Total Revenue": 99,
        "Gross Profit": 44,
        "Operating Income": 15,
        "EBIT": 41,
        "Net Income": 9
    },
    "2010-12-31": {
        "Diluted EPS": -0.5,
        "Total Revenue": 95,
        "Gross Profit": 46,
        "Operating Income": 12,
        "EBIT": 38,
        "Net Income": -3
    },
    "2010-09-30": {
        "Diluted EPS": -0.7,
        "Total Revenue": 96,
        "Gross Profit": 42,
        "Operating Income": 9,
        "EBIT": 34,
        "Net Income": -6
    },
    "2010-06-30": {
        "Diluted EPS": 1.1,
        "Total Revenue": 113,
        "Gross Profit": 57,
        "Operating Income": 30,
        "EBIT": 54,
        "Net Income": 8
    },
    "2010-03-31": {
        "Diluted EPS": 2.6,
        "Total Revenue": 105,
        "Gross Profit": 50,
        "Operating Income": 33,
        "EBIT": 56,
        "Net Income": 19
    },
    "2009-12-31": {
        "Diluted EPS": -2.3,
        "Total Revenue": 98,
        "Gross Profit": 40,
        "Operating Income": 11,
        "EBIT": 37,
        "Net Income": -17
    },
    "2009-09-30": {
        "Diluted EPS": 0.3,
        "Total Revenue": 106,
        "Gross Profit": 52,
        "Operating Income": 18,
        "EBIT": 44,
        "Net Income": 2
    },
    "2009-06-30": {
        "Diluted EPS": 2.55,
        "Total Revenue": 114,
        "Gross Profit": 58,
        "Operating Income": 24,
        "EBIT": 49,
        "Net Income": 19
    },
    "2009-03-31": {
        "Diluted EPS": 3.3,
        "Total Revenue": 126,
        "Gross Profit": 73,
        "Operating Income": 39,
        "EBIT": 64,
        "Net Income": 24
    },
    "2023-03-31": {
        "Tax Effect Of Unusual Items": 17863560.0,
        "Tax Rate For Calcs": 0.22,
        "Normalized EBITDA": 120775000.0,
        "Total Unusual Items": 81198000.0,
        "Total Unusual Items Excluding Goodwill": 81198000.0,
        "Net Income From Continuing Operation Net Minority Interest": 176550000.0,
        "Reconciled Cost Of Revenue": 136104000.0,
        "EBITDA": 201973000.0,
        "EBIT": 201973000.0,
        "Net Interest Income": -21752000.0,
        "Interest Expense": 24515000.0,
        "Interest Income": 2763000.0,
        "Normalized Income": 113215560.0,
        "Net Income From Continuing And Discontinued Operation": 176550000.0,
        "Total Expenses": 143261000.0,
        "Rent Expense Supplemental": 6792000.0,
        "Total Operating Income As Reported": 199149000.0,
        "Diluted Average Shares": 29505603.0,
        "Basic Average Shares": 29505603.0,
        "Diluted EPS": 5.69,
        "Basic EPS": 5.69,
        "Diluted NI Availto Com Stockholders": 167877000.0,
        "Average Dilution Earnings": NaN,
        "Net Income Common Stockholders": 167877000.0,
        "Otherunder Preferred Stock Dividend": NaN,
        "Preferred Stock Dividends": 8673000.0,
        "Net Income": 176550000.0,
        "Minority Interests": -908000.0,
        "Net Income Including Noncontrolling Interests": 177458000.0,
        "Net Income Continuous Operations": 177458000.0,
        "Pretax Income": 177458000.0,
        "Other Income Expense": 81259000.0,
        "Other Non Operating Income Expenses": 61000.0,
        "Special Income Charges": 81198000.0,
        "Gain On Sale Of Ppe": 81198000.0,
        "Gain On Sale Of Security": NaN,
        "Net Non Operating Interest Income Expense": -21752000.0,
        "Total Other Finance Cost": NaN,
        "Interest Expense Non Operating": 24515000.0,
        "Interest Income Non Operating": 2763000.0,
        "Operating Income": 117951000.0,
        "Operating Expense": 7157000.0,
        "Selling General And Administration": 7157000.0,
        "General And Administrative Expense": 7157000.0,
        "Other Gand A": 7157000.0,
        "Gross Profit": 125108000.0,
        "Cost Of Revenue": 136104000.0,
        "Total Revenue": 261212000.0,
        "Operating Revenue": 261212000.0
    },
    "2023-06-30": {
        "Tax Effect Of Unusual Items": 229460.0,
        "Tax Rate For Calcs": 0.22,
        "Normalized EBITDA": 86818000.0,
        "Total Unusual Items": 1043000.0,
        "Total Unusual Items Excluding Goodwill": 1043000.0,
        "Net Income From Continuing Operation Net Minority Interest": 60641000.0,
        "Reconciled Cost Of Revenue": 126556000.0,
        "EBITDA": 87861000.0,
        "EBIT": 87861000.0,
        "Net Interest Income": -21252000.0,
        "Interest Expense": 25749000.0,
        "Interest Income": 4125000.0,
        "Normalized Income": 59827460.0,
        "Net Income From Continuing And Discontinued Operation": 60641000.0,
        "Total Expenses": 138892000.0,
        "Rent Expense Supplemental": 5731000.0,
        "Total Operating Income As Reported": 82562000.0,
        "Diluted Average Shares": 29505603.0,
        "Basic Average Shares": 29505603.0,
        "Diluted EPS": 1.65,
        "Basic EPS": 1.65,
        "Diluted NI Availto Com Stockholders": 48712000.0,
        "Average Dilution Earnings": 0.0,
        "Net Income Common Stockholders": 48712000.0,
        "Otherunder Preferred Stock Dividend": 0.0,
        "Preferred Stock Dividends": 11929000.0,
        "Net Income": 60641000.0,
        "Minority Interests": -1471000.0,
        "Net Income Including Noncontrolling Interests": 62112000.0,
        "Net Income Continuous Operations": 62112000.0,
        "Pretax Income": 62112000.0,
        "Other Income Expense": 802000.0,
        "Other Non Operating Income Expenses": -241000.0,
        "Special Income Charges": 0.0,
        "Gain On Sale Of Ppe": 0.0,
        "Gain On Sale Of Security": 1043000.0,
        "Net Non Operating Interest Income Expense": -21252000.0,
        "Total Other Finance Cost": -372000.0,
        "Interest Expense Non Operating": 25749000.0,
        "Interest Income Non Operating": 4125000.0,
        "Operating Income": 82562000.0,
        "Operating Expense": 12336000.0,
        "Selling General And Administration": 12336000.0,
        "General And Administrative Expense": 12336000.0,
        "Other Gand A": 12336000.0,
        "Gross Profit": 94898000.0,
        "Cost Of Revenue": 126556000.0,
        "Total Revenue": 221454000.0,
        "Operating Revenue": 221454000.0
    },
    "2023-09-30": {
        "Tax Effect Of Unusual Items": 0.0,
        "Tax Rate For Calcs": 0.22,
        "Normalized EBITDA": 56383000.0,
        "Total Unusual Items": 0.0,
        "Total Unusual Items Excluding Goodwill": 0.0,
        "Net Income From Continuing Operation Net Minority Interest": 31229000.0,
        "Reconciled Cost Of Revenue": 127307000.0,
        "EBITDA": 56383000.0,
        "EBIT": 56383000.0,
        "Net Interest Income": -20823000.0,
        "Interest Expense": 24044000.0,
        "Interest Income": 3221000.0,
        "Normalized Income": 31229000.0,
        "Net Income From Continuing And Discontinued Operation": 31229000.0,
        "Total Expenses": 133651000.0,
        "Rent Expense Supplemental": 6079000.0,
        "Total Operating Income As Reported": 53008000.0,
        "Diluted Average Shares": 29505603.0,
        "Basic Average Shares": 29505603.0,
        "Diluted EPS": 0.83,
        "Basic EPS": 0.83,
        "Diluted NI Availto Com Stockholders": 24479000.0,
        "Average Dilution Earnings": NaN,
        "Net Income Common Stockholders": 24479000.0,
        "Otherunder Preferred Stock Dividend": 0.0,
        "Preferred Stock Dividends": 6750000.0,
        "Net Income": 31229000.0,
        "Minority Interests": -1110000.0,
        "Net Income Including Noncontrolling Interests": 32339000.0,
        "Net Income Continuous Operations": 32339000.0,
        "Pretax Income": 32339000.0,
        "Other Income Expense": 154000.0,
        "Other Non Operating Income Expenses": 154000.0,
        "Special Income Charges": 0.0,
        "Gain On Sale Of Ppe": 0.0,
        "Gain On Sale Of Security": NaN,
        "Net Non Operating Interest Income Expense": -20823000.0,
        "Total Other Finance Cost": NaN,
        "Interest Expense Non Operating": 24044000.0,
        "Interest Income Non Operating": 3221000.0,
        "Operating Income": 53008000.0,
        "Operating Expense": 6344000.0,
        "Selling General And Administration": 6344000.0,
        "General And Administrative Expense": 6344000.0,
        "Other Gand A": 6344000.0,
        "Gross Profit": 59352000.0,
        "Cost Of Revenue": 127307000.0,
        "Total Revenue": 186659000.0,
        "Operating Revenue": 186659000.0
    }
}