{
    "2023-03-31": {
        "Tax Effect Of Unusual Items": NaN,
        "Tax Rate For Calcs": NaN,
        "Normalized EBITDA": NaN,
        "Total Unusual Items": NaN,
        "Total Unusual Items Excluding Goodwill": NaN,
        "Net Income From Continuing Operation Net Minority Interest": NaN,
        "Reconciled Depreciation": NaN,
        "Reconciled Cost Of Revenue": NaN,
        "EBITDA": NaN,
        "EBIT": NaN,
        "Net Interest Income": NaN,
        "Interest Expense": NaN,
        "Interest Income": 1207000.0,
        "Normalized Income": NaN,
        "Net Income From Continuing And Discontinued Operation": NaN,
        "Total Expenses": NaN,
        "Total Operating Income As Reported": NaN,
        "Diluted Average Shares": NaN,
        "Basic Average Shares": NaN,
        "Diluted EPS": NaN,
        "Basic EPS": NaN,
        "Diluted NI Availto Com Stockholders": NaN,
        "Average Dilution Earnings": NaN,
        "Net Income Common Stockholders": NaN,
        "Otherunder Preferred Stock Dividend": NaN,
        "Net Income": NaN,
        "Net Income Including Noncontrolling Interests": NaN,
        "Net Income Continuous Operations": NaN,
        "Tax Provision": NaN,
        "Pretax Income": NaN,
        "Other Income Expense": NaN,
        "Other Non Operating Income Expenses": NaN,
        "Special Income Charges": NaN,
        "Impairment Of Capital Assets": NaN,
        "Restructuring And Mergern Acquisition": NaN,
        "Gain On Sale Of Security": NaN,
        "Net Non Operating Interest Income Expense": NaN,
        "Interest Expense Non Operating": NaN,
        "Interest Income Non Operating": 1207000.0,
        "Operating Income": NaN,
        "Operating Expense": NaN,
        "Depreciation Amortization Depletion Income Statement": NaN,
        "Depreciation And Amortization In Income Statement": NaN,
        "Selling General And Administration": NaN,
        "Gross Profit": NaN,
        "Cost Of Revenue": NaN,
        "Total Revenue": NaN,
        "Operating Revenue": NaN
    },
    "2022-12-31": {
        "Tax Effect Of Unusual Items": NaN,
        "Tax Rate For Calcs": NaN,
        "Normalized EBITDA": NaN,
        "Total Unusual Items": NaN,
        "Total Unusual Items Excluding Goodwill": NaN,
        "Net Income From Continuing Operation Net Minority Interest": NaN,
        "Reconciled Depreciation": NaN,
        "Reconciled Cost Of Revenue": NaN,
        "EBITDA": NaN,
        "EBIT": NaN,
        "Net Interest Income": NaN,
        "Interest Expense": NaN,
        "Interest Income": NaN,
        "Normalized Income": NaN,
        "Net Income From Continuing And Discontinued Operation": NaN,
        "Total Expenses": NaN,
        "Total Operating Income As Reported": NaN,
        "Diluted Average Shares": NaN,
        "Basic Average Shares": NaN,
        "Diluted EPS": NaN,
        "Basic EPS": NaN,
        "Diluted NI Availto Com Stockholders": NaN,
        "Average Dilution Earnings": -5883000.0,
        "Net Income Common Stockholders": NaN,
        "Otherunder Preferred Stock Dividend": -2270000.0,
        "Net Income": NaN,
        "Net Income Including Noncontrolling Interests": NaN,
        "Net Income Continuous Operations": NaN,
        "Tax Provision": NaN,
        "Pretax Income": NaN,
        "Other Income Expense": NaN,
        "Other Non Operating Income Expenses": NaN,
        "Special Income Charges": NaN,
        "Other Special Charges": 0.0,
        "Impairment Of Capital Assets": NaN,
        "Restructuring And Mergern Acquisition": NaN,
        "Gain On Sale Of Security": NaN,
        "Net Non Operating Interest Income Expense": NaN,
        "Interest Expense Non Operating": NaN,
        "Interest Income Non Operating": NaN,
        "Operating Income": NaN,
        "Operating Expense": NaN,
        "Depreciation Amortization Depletion Income Statement": NaN,
        "Depreciation And Amortization In Income Statement": NaN,
        "Selling General And Administration": NaN,
        "Gross Profit": NaN,
        "Cost Of Revenue": NaN,
        "Total Revenue": NaN,
        "Operating Revenue": NaN
    },
    "2022-09-30": {
        "Tax Effect Of Unusual Items": NaN,
        "Tax Rate For Calcs": NaN,
        "Normalized EBITDA": NaN,
        "Total Unusual Items": NaN,
        "Total Unusual Items Excluding Goodwill": NaN,
        "Net Income From Continuing Operation Net Minority Interest": NaN,
        "Reconciled Depreciation": NaN,
        "Reconciled Cost Of Revenue": NaN,
        "EBITDA": NaN,
        "EBIT": NaN,
        "Net Interest Income": NaN,
        "Interest Expense": NaN,
        "Interest Income": 0.0,
        "Normalized Income": NaN,
        "Net Income From Continuing And Discontinued Operation": NaN,
        "Total Expenses": NaN,
        "Total Operating Income As Reported": NaN,
        "Diluted Average Shares": NaN,
        "Basic Average Shares": NaN,
        "Diluted EPS": NaN,
        "Basic EPS": NaN,
        "Diluted NI Availto Com Stockholders": NaN,
        "Average Dilution Earnings": -11602000.0,
        "Net Income Common Stockholders": NaN,
        "Otherunder Preferred Stock Dividend": -499000.0,
        "Net Income": NaN,
        "Net Income Including Noncontrolling Interests": NaN,
        "Net Income Continuous Operations": NaN,
        "Tax Provision": NaN,
        "Pretax Income": NaN,
        "Other Income Expense": NaN,
        "Other Non Operating Income Expenses": NaN,
        "Special Income Charges": NaN,
        "Other Special Charges": NaN,
        "Impairment Of Capital Assets": NaN,
        "Restructuring And Mergern Acquisition": NaN,
        "Gain On Sale Of Security": NaN,
        "Net Non Operating Interest Income Expense": NaN,
        "Interest Expense Non Operating": NaN,
        "Interest Income Non Operating": 0.0,
        "Operating Income": NaN,
        "Operating Expense": NaN,
        "Depreciation Amortization Depletion Income Statement": NaN,
        "Depreciation And Amortization In Income Statement": NaN,
        "Selling General And Administration": NaN,
        "Gross Profit": NaN,
        "Cost Of Revenue": NaN,
        "Total Revenue": NaN,
        "Operating Revenue": NaN
    },
    "2022-06-30": {
        "Tax Effect Of Unusual Items": 75055.606199,
        "Tax Rate For Calcs": 0.005834,
        "Normalized EBITDA": -17191000.0,
        "Total Unusual Items": 12865000.0,
        "Total Unusual Items Excluding Goodwill": 12865000.0,
        "Net Income From Continuing Operation Net Minority Interest": -5453000.0,
        "Reconciled Depreciation": 1098000.0,
        "Reconciled Cost Of Revenue": 49779000.0,
        "EBITDA": -4326000.0,
        "EBIT": -5424000.0,
        "Net Interest Income": -61000.0,
        "Interest Expense": 61000.0,
        "Interest Income": NaN,
        "Normalized Income": -18242944.393801,
        "Net Income From Continuing And Discontinued Operation": -5453000.0,
        "Total Expenses": 79225000.0,
        "Total Operating Income As Reported": -18304000.0,
        "Diluted Average Shares": 72996836.0,
        "Basic Average Shares": 72996836.0,
        "Diluted EPS": -0.06,
        "Basic EPS": -0.06,
        "Diluted NI Availto Com Stockholders": -4504000.0,
        "Average Dilution Earnings": 0.0,
        "Net Income Common Stockholders": -4504000.0,
        "Otherunder Preferred Stock Dividend": -949000.0,
        "Net Income": -5453000.0,
        "Net Income Including Noncontrolling Interests": -5453000.0,
        "Net Income Continuous Operations": -5453000.0,
        "Tax Provision": -32000.0,
        "Pretax Income": -5485000.0,
        "Other Income Expense": 12880000.0,
        "Other Non Operating Income Expenses": 15000.0,
        "Special Income Charges": 10800000.0,
        "Other Special Charges": NaN,
        "Impairment Of Capital Assets": NaN,
        "Restructuring And Mergern Acquisition": -10800000.0,
        "Gain On Sale Of Security": 2065000.0,
        "Net Non Operating Interest Income Expense": -61000.0,
        "Interest Expense Non Operating": 61000.0,
        "Interest Income Non Operating": NaN,
        "Operating Income": -18304000.0,
        "Operating Expense": 29446000.0,
        "Depreciation Amortization Depletion Income Statement": 1098000.0,
        "Depreciation And Amortization In Income Statement": 1098000.0,
        "Selling General And Administration": 28348000.0,
        "Gross Profit": 11142000.0,
        "Cost Of Revenue": 49779000.0,
        "Total Revenue": 60921000.0,
        "Operating Revenue": 60921000.0
    },
    "2022-03-31": {
        "Diluted EPS": 0.21,
        "Total Revenue": 55,
        "Gross Profit": 12,
        "Operating Income": -18,
        "EBIT": -17,
        "Net Income": 19
    },
    "2021-12-31": {
        "Diluted EPS": -0.14,
        "Total Revenue": 52,
        "Gross Profit": 8,
        "Operating Income": -41,
        "EBIT": -40,
        "Net Income": -10
    },
    "2021-09-30": {
        "Diluted EPS": -0.05,
        "Total Revenue": 52,
        "Gross Profit": 11,
        "Operating Income": -2,
        "EBIT": -1,
        "Net Income": -3
    },
    "2021-06-30": {
        "Diluted EPS": 0.05,
        "Total Revenue": 50,
        "Gross Profit": 11,
        "Operating Income": -1,
        "EBIT": 0,
        "Net Income": 3
    },
    "2021-03-31": {
        "Diluted EPS": -0.02,
        "Total Revenue": 49,
        "Gross Profit": 10,
        "Operating Income": -2,
        "EBIT": -1,
        "Net Income": -1
    },
    "2020-12-31": {
        "Diluted EPS": 0.45,
        "Total Revenue": NaN,
        "Gross Profit": NaN,
        "Operating Income": -195,
        "EBIT": -195,
        "Net Income": -9
    },
    "2020-09-30": {
        "Diluted EPS": -0.08,
        "Total Revenue": NaN,
        "Gross Profit": NaN,
        "Operating Income": 0,
        "EBIT": 0,
        "Net Income": -2
    },
    "2020-06-30": {
        "Diluted EPS": -0.46,
        "Total Revenue": NaN,
        "Gross Profit": NaN,
        "Operating Income": 0,
        "EBIT": 0,
        "Net Income": -3
    },
    "2020-03-31": {
        "Diluted EPS": -0.15,
        "Total Revenue": NaN,
        "Gross Profit": NaN,
        "Operating Income": 0,
        "EBIT": 0,
        "Net Income": -1
    },
    "2019-12-31": {
        "Diluted EPS": 0.0,
        "Total Revenue": NaN,
        "Gross Profit": NaN,
        "Operating Income": NaN,
        "EBIT": NaN,
        "Net Income": NaN
    },
    "2023-06-30": {
        "Tax Effect Of Unusual Items": NaN,
        "Tax Rate For Calcs": NaN,
        "Normalized EBITDA": NaN,
        "Total Unusual Items": NaN,
        "Total Unusual Items Excluding Goodwill": NaN,
        "Net Income From Continuing Operation Net Minority Interest": NaN,
        "Reconciled Depreciation": NaN,
        "Reconciled Cost Of Revenue": NaN,
        "EBITDA": NaN,
        "EBIT": NaN,
        "Net Interest Income": NaN,
        "Interest Expense": NaN,
        "Interest Income": 1034000.0,
        "Normalized Income": NaN,
        "Net Income From Continuing And Discontinued Operation": NaN,
        "Total Expenses": NaN,
        "Total Operating Income As Reported": NaN,
        "Diluted Average Shares": NaN,
        "Basic Average Shares": NaN,
        "Diluted EPS": NaN,
        "Basic EPS": NaN,
        "Diluted NI Availto Com Stockholders": NaN,
        "Average Dilution Earnings": NaN,
        "Net Income Common Stockholders": NaN,
        "Otherunder Preferred Stock Dividend": NaN,
        "Net Income": NaN,
        "Net Income Including Noncontrolling Interests": NaN,
        "Net Income Continuous Operations": NaN,
        "Tax Provision": NaN,
        "Pretax Income": NaN,
        "Other Income Expense": NaN,
        "Other Non Operating Income Expenses": NaN,
        "Special Income Charges": NaN,
        "Impairment Of Capital Assets": NaN,
        "Restructuring And Mergern Acquisition": NaN,
        "Gain On Sale Of Security": 118000.0,
        "Net Non Operating Interest Income Expense": NaN,
        "Interest Expense Non Operating": NaN,
        "Interest Income Non Operating": 1034000.0,
        "Operating Income": NaN,
        "Operating Expense": NaN,
        "Depreciation Amortization Depletion Income Statement": NaN,
        "Depreciation And Amortization In Income Statement": NaN,
        "Selling General And Administration": NaN,
        "Gross Profit": NaN,
        "Cost Of Revenue": NaN,
        "Total Revenue": NaN,
        "Operating Revenue": NaN
    },
    "2023-09-30": {
        "Tax Effect Of Unusual Items": -307440.0,
        "Tax Rate For Calcs": 0.21,
        "Normalized EBITDA": -12367000.0,
        "Total Unusual Items": -1464000.0,
        "Total Unusual Items Excluding Goodwill": -1464000.0,
        "Net Income From Continuing Operation Net Minority Interest": -17419000.0,
        "Reconciled Depreciation": 1698000.0,
        "Reconciled Cost Of Revenue": 66057000.0,
        "EBITDA": -13831000.0,
        "EBIT": -15529000.0,
        "Net Interest Income": -1755000.0,
        "Interest Expense": 1755000.0,
        "Interest Income": 940000.0,
        "Normalized Income": -16262440.0,
        "Net Income From Continuing And Discontinued Operation": -17419000.0,
        "Total Expenses": 95960000.0,
        "Total Operating Income As Reported": -13925000.0,
        "Diluted Average Shares": 73469101.0,
        "Basic Average Shares": 73469101.0,
        "Diluted EPS": -0.19,
        "Basic EPS": -0.19,
        "Diluted NI Availto Com Stockholders": -14271000.0,
        "Average Dilution Earnings": 0.0,
        "Net Income Common Stockholders": -14271000.0,
        "Otherunder Preferred Stock Dividend": -3148000.0,
        "Net Income": -17419000.0,
        "Net Income Including Noncontrolling Interests": -17419000.0,
        "Net Income Continuous Operations": -17419000.0,
        "Tax Provision": 135000.0,
        "Pretax Income": -17284000.0,
        "Other Income Expense": -1604000.0,
        "Other Non Operating Income Expenses": -140000.0,
        "Special Income Charges": 23000.0,
        "Impairment Of Capital Assets": 0.0,
        "Restructuring And Mergern Acquisition": -23000.0,
        "Gain On Sale Of Security": -1487000.0,
        "Net Non Operating Interest Income Expense": -1755000.0,
        "Interest Expense Non Operating": 1755000.0,
        "Interest Income Non Operating": 940000.0,
        "Operating Income": -13925000.0,
        "Operating Expense": 29903000.0,
        "Depreciation Amortization Depletion Income Statement": 1698000.0,
        "Depreciation And Amortization In Income Statement": 1698000.0,
        "Selling General And Administration": 28205000.0,
        "Gross Profit": 15978000.0,
        "Cost Of Revenue": 66057000.0,
        "Total Revenue": 82035000.0,
        "Operating Revenue": 82035000.0
    },
    "2023-12-31": {
        "Tax Effect Of Unusual Items": -24519.928676,
        "Tax Rate For Calcs": 0.016467,
        "Normalized EBITDA": -17242000.0,
        "Total Unusual Items": -1489000.0,
        "Total Unusual Items Excluding Goodwill": -1489000.0,
        "Net Income From Continuing Operation Net Minority Interest": -18754000.0,
        "Reconciled Depreciation": 1577000.0,
        "Reconciled Cost Of Revenue": 71409000.0,
        "EBITDA": -18731000.0,
        "EBIT": -20308000.0,
        "Net Interest Income": -1941000.0,
        "Interest Expense": -1240000.0,
        "Interest Income": NaN,
        "Normalized Income": -17289519.928676,
        "Net Income From Continuing And Discontinued Operation": -18754000.0,
        "Total Expenses": 101076000.0,
        "Total Operating Income As Reported": -15288000.0,
        "Diluted Average Shares": 73469101.0,
        "Basic Average Shares": 73469101.0,
        "Diluted EPS": -0.21,
        "Basic EPS": -0.21,
        "Diluted NI Availto Com Stockholders": -15286000.0,
        "Average Dilution Earnings": 0.0,
        "Net Income Common Stockholders": -15286000.0,
        "Otherunder Preferred Stock Dividend": -3468000.0,
        "Net Income": -18754000.0,
        "Net Income Including Noncontrolling Interests": -18754000.0,
        "Net Income Continuous Operations": -18754000.0,
        "Tax Provision": -314000.0,
        "Pretax Income": -19068000.0,
        "Other Income Expense": -1839000.0,
        "Other Non Operating Income Expenses": -350000.0,
        "Special Income Charges": 11000.0,
        "Impairment Of Capital Assets": 0.0,
        "Restructuring And Mergern Acquisition": -11000.0,
        "Gain On Sale Of Security": -1500000.0,
        "Net Non Operating Interest Income Expense": -1941000.0,
        "Interest Expense Non Operating": -1240000.0,
        "Interest Income Non Operating": NaN,
        "Operating Income": -15288000.0,
        "Operating Expense": 29667000.0,
        "Depreciation Amortization Depletion Income Statement": 1577000.0,
        "Depreciation And Amortization In Income Statement": 1577000.0,
        "Selling General And Administration": 28090000.0,
        "Gross Profit": 14379000.0,
        "Cost Of Revenue": 71409000.0,
        "Total Revenue": 85788000.0,
        "Operating Revenue": 85788000.0
    },
    "2024-03-31": {
        "Tax Effect Of Unusual Items": 0.0,
        "Tax Rate For Calcs": 0.0,
        "Normalized EBITDA": -16415000.0,
        "Total Unusual Items": 0.0,
        "Total Unusual Items Excluding Goodwill": 0.0,
        "Net Income From Continuing Operation Net Minority Interest": -19889000.0,
        "Reconciled Depreciation": 1489000.0,
        "Reconciled Cost Of Revenue": 82697000.0,
        "EBITDA": -16415000.0,
        "EBIT": -17904000.0,
        "Net Interest Income": -1985000.0,
        "Interest Expense": 1985000.0,
        "Interest Income": NaN,
        "Normalized Income": -19889000.0,
        "Net Income From Continuing And Discontinued Operation": -19889000.0,
        "Total Expenses": 112638000.0,
        "Total Operating Income As Reported": -17972000.0,
        "Diluted Average Shares": 74234287.0,
        "Basic Average Shares": 74234287.0,
        "Diluted EPS": -0.22,
        "Basic EPS": -0.22,
        "Diluted NI Availto Com Stockholders": -19889000.0,
        "Average Dilution Earnings": NaN,
        "Net Income Common Stockholders": -19889000.0,
        "Otherunder Preferred Stock Dividend": NaN,
        "Net Income": -19889000.0,
        "Net Income Including Noncontrolling Interests": -19889000.0,
        "Net Income Continuous Operations": -19889000.0,
        "Tax Provision": 0.0,
        "Pretax Income": -19889000.0,
        "Other Income Expense": 68000.0,
        "Other Non Operating Income Expenses": 68000.0,
        "Special Income Charges": 0.0,
        "Impairment Of Capital Assets": 0.0,
        "Restructuring And Mergern Acquisition": 0.0,
        "Gain On Sale Of Security": NaN,
        "Net Non Operating Interest Income Expense": -1985000.0,
        "Interest Expense Non Operating": 1985000.0,
        "Interest Income Non Operating": NaN,
        "Operating Income": -17972000.0,
        "Operating Expense": 29941000.0,
        "Depreciation Amortization Depletion Income Statement": 1489000.0,
        "Depreciation And Amortization In Income Statement": 1489000.0,
        "Selling General And Administration": 28452000.0,
        "Gross Profit": 11969000.0,
        "Cost Of Revenue": 82697000.0,
        "Total Revenue": 94666000.0,
        "Operating Revenue": 94666000.0
    },
    "2024-06-30": {
        "Tax Effect Of Unusual Items": 0.0,
        "Tax Rate For Calcs": 0.0,
        "Normalized EBITDA": -14963000.0,
        "Total Unusual Items": 3120000.0,
        "Total Unusual Items Excluding Goodwill": 3120000.0,
        "Net Income From Continuing Operation Net Minority Interest": -15479000.0,
        "Reconciled Depreciation": 1518000.0,
        "Reconciled Cost Of Revenue": 85552000.0,
        "EBITDA": -11843000.0,
        "EBIT": -13361000.0,
        "Net Interest Income": -2118000.0,
        "Interest Expense": 2118000.0,
        "Interest Income": NaN,
        "Normalized Income": -18599000.0,
        "Net Income From Continuing And Discontinued Operation": -15479000.0,
        "Total Expenses": 114942000.0,
        "Total Operating Income As Reported": -16364000.0,
        "Diluted Average Shares": 74748365.0,
        "Basic Average Shares": 74748365.0,
        "Diluted EPS": -0.17,
        "Basic EPS": -0.17,
        "Diluted NI Availto Com Stockholders": -15479000.0,
        "Average Dilution Earnings": NaN,
        "Net Income Common Stockholders": -15479000.0,
        "Otherunder Preferred Stock Dividend": NaN,
        "Net Income": -15479000.0,
        "Net Income Including Noncontrolling Interests": -15479000.0,
        "Net Income Continuous Operations": -15479000.0,
        "Tax Provision": 0.0,
        "Pretax Income": -15479000.0,
        "Other Income Expense": 3003000.0,
        "Other Non Operating Income Expenses": -117000.0,
        "Special Income Charges": 0.0,
        "Impairment Of Capital Assets": 0.0,
        "Restructuring And Mergern Acquisition": 0.0,
        "Gain On Sale Of Security": 3120000.0,
        "Net Non Operating Interest Income Expense": -2118000.0,
        "Interest Expense Non Operating": 2118000.0,
        "Interest Income Non Operating": NaN,
        "Operating Income": -16364000.0,
        "Operating Expense": 29390000.0,
        "Depreciation Amortization Depletion Income Statement": 1518000.0,
        "Depreciation And Amortization In Income Statement": 1518000.0,
        "Selling General And Administration": 27872000.0,
        "Gross Profit": 13026000.0,
        "Cost Of Revenue": 85552000.0,
        "Total Revenue": 98578000.0,
        "Operating Revenue": 98578000.0
    },
    "2024-09-30": {
        "Tax Effect Of Unusual Items": 0.0,
        "Tax Rate For Calcs": 0.0,
        "Normalized EBITDA": -12335000.0,
        "Total Unusual Items": 20000.0,
        "Total Unusual Items Excluding Goodwill": 20000.0,
        "Net Income From Continuing Operation Net Minority Interest": -16113000.0,
        "Reconciled Depreciation": 1573000.0,
        "Reconciled Cost Of Revenue": 85535000.0,
        "EBITDA": -12315000.0,
        "EBIT": -13888000.0,
        "Net Interest Income": -2225000.0,
        "Interest Expense": 2225000.0,
        "Interest Income": NaN,
        "Normalized Income": -16133000.0,
        "Net Income From Continuing And Discontinued Operation": -16113000.0,
        "Total Expenses": 113754000.0,
        "Total Operating Income As Reported": -13853000.0,
        "Diluted Average Shares": 75524823.0,
        "Basic Average Shares": 75524823.0,
        "Diluted EPS": -0.18,
        "Basic EPS": -0.18,
        "Diluted NI Availto Com Stockholders": -13223000.0,
        "Average Dilution Earnings": NaN,
        "Net Income Common Stockholders": -13223000.0,
        "Otherunder Preferred Stock Dividend": -2890000.0,
        "Net Income": -16113000.0,
        "Net Income Including Noncontrolling Interests": -16113000.0,
        "Net Income Continuous Operations": -16113000.0,
        "Tax Provision": 0.0,
        "Pretax Income": -16113000.0,
        "Other Income Expense": -35000.0,
        "Other Non Operating Income Expenses": -55000.0,
        "Special Income Charges": 0.0,
        "Impairment Of Capital Assets": 0.0,
        "Restructuring And Mergern Acquisition": 0.0,
        "Gain On Sale Of Security": 20000.0,
        "Net Non Operating Interest Income Expense": -2225000.0,
        "Interest Expense Non Operating": 2225000.0,
        "Interest Income Non Operating": NaN,
        "Operating Income": -13853000.0,
        "Operating Expense": 28219000.0,
        "Depreciation Amortization Depletion Income Statement": 1573000.0,
        "Depreciation And Amortization In Income Statement": 1573000.0,
        "Selling General And Administration": 26646000.0,
        "Gross Profit": 14366000.0,
        "Cost Of Revenue": 85535000.0,
        "Total Revenue": 99901000.0,
        "Operating Revenue": 99901000.0
    }
}