{
    "2023-04-30": {
        "Tax Effect Of Unusual Items": 0.0,
        "Tax Rate For Calcs": 0.256,
        "Normalized EBITDA": 444325000.0,
        "Total Unusual Items": 0.0,
        "Total Unusual Items Excluding Goodwill": 0.0,
        "Net Income From Continuing Operation Net Minority Interest": 320216000.0,
        "Reconciled Depreciation": 18611000.0,
        "Reconciled Cost Of Revenue": 1853728000.0,
        "EBITDA": 444325000.0,
        "EBIT": 425714000.0,
        "Net Interest Income": 6760000.0,
        "Interest Income": 6760000.0,
        "Normalized Income": 320216000.0,
        "Net Income From Continuing And Discontinued Operation": 320216000.0,
        "Total Expenses": 2081265000.0,
        "Total Operating Income As Reported": 425714000.0,
        "Diluted Average Shares": 112184000.0,
        "Basic Average Shares": 111214000.0,
        "Diluted EPS": 2.85,
        "Basic EPS": 2.88,
        "Diluted NI Availto Com Stockholders": 320216000.0,
        "Net Income Common Stockholders": 320216000.0,
        "Net Income": 320216000.0,
        "Net Income Including Noncontrolling Interests": 320216000.0,
        "Net Income Continuous Operations": 320216000.0,
        "Tax Provision": 110376000.0,
        "Pretax Income": 430592000.0,
        "Other Income Expense": -1882000.0,
        "Other Non Operating Income Expenses": 3420000.0,
        "Special Income Charges": 0.0,
        "Other Special Charges": NaN,
        "Earnings From Equity Interest": -5302000.0,
        "Net Non Operating Interest Income Expense": 6760000.0,
        "Interest Income Non Operating": 6760000.0,
        "Operating Income": 425714000.0,
        "Operating Expense": 227537000.0,
        "Selling General And Administration": 227537000.0,
        "Gross Profit": 653251000.0,
        "Cost Of Revenue": 1853728000.0,
        "Total Revenue": 2506979000.0,
        "Operating Revenue": 2506979000.0
    },
    "2023-01-31": {
        "Tax Effect Of Unusual Items": NaN,
        "Tax Rate For Calcs": NaN,
        "Normalized EBITDA": NaN,
        "Total Unusual Items": NaN,
        "Total Unusual Items Excluding Goodwill": NaN,
        "Net Income From Continuing Operation Net Minority Interest": NaN,
        "Reconciled Depreciation": NaN,
        "Reconciled Cost Of Revenue": NaN,
        "EBITDA": NaN,
        "EBIT": NaN,
        "Net Interest Income": NaN,
        "Interest Income": NaN,
        "Normalized Income": NaN,
        "Net Income From Continuing And Discontinued Operation": NaN,
        "Total Expenses": NaN,
        "Total Operating Income As Reported": NaN,
        "Diluted Average Shares": NaN,
        "Basic Average Shares": NaN,
        "Diluted EPS": NaN,
        "Basic EPS": NaN,
        "Diluted NI Availto Com Stockholders": NaN,
        "Net Income Common Stockholders": NaN,
        "Net Income": NaN,
        "Net Income Including Noncontrolling Interests": NaN,
        "Net Income Continuous Operations": NaN,
        "Tax Provision": NaN,
        "Pretax Income": NaN,
        "Other Income Expense": NaN,
        "Other Non Operating Income Expenses": NaN,
        "Special Income Charges": NaN,
        "Other Special Charges": -27683000.0,
        "Earnings From Equity Interest": NaN,
        "Net Non Operating Interest Income Expense": NaN,
        "Interest Income Non Operating": NaN,
        "Operating Income": NaN,
        "Operating Expense": NaN,
        "Selling General And Administration": NaN,
        "Gross Profit": NaN,
        "Cost Of Revenue": NaN,
        "Total Revenue": NaN,
        "Operating Revenue": NaN
    },
    "2022-10-31": {
        "Tax Effect Of Unusual Items": 33683495.658294,
        "Tax Rate For Calcs": 0.238494,
        "Normalized EBITDA": 767643000.0,
        "Total Unusual Items": 141234000.0,
        "Total Unusual Items Excluding Goodwill": 141234000.0,
        "Net Income From Continuing Operation Net Minority Interest": 640536000.0,
        "Reconciled Depreciation": 23549000.0,
        "Reconciled Cost Of Revenue": 2747525000.0,
        "EBITDA": 908877000.0,
        "EBIT": 885328000.0,
        "Net Interest Income": NaN,
        "Interest Income": NaN,
        "Normalized Income": 532985495.658294,
        "Net Income From Continuing And Discontinued Operation": 640536000.0,
        "Total Expenses": 3021906000.0,
        "Total Operating Income As Reported": 690228000.0,
        "Diluted Average Shares": 113793000.0,
        "Basic Average Shares": 112914000.0,
        "Diluted EPS": 5.63,
        "Basic EPS": 5.67,
        "Diluted NI Availto Com Stockholders": 640536000.0,
        "Net Income Common Stockholders": 640536000.0,
        "Net Income": 640536000.0,
        "Net Income Including Noncontrolling Interests": 640536000.0,
        "Net Income Continuous Operations": 640536000.0,
        "Tax Provision": 200608000.0,
        "Pretax Income": 841144000.0,
        "Other Income Expense": 150916000.0,
        "Other Non Operating Income Expenses": 13913000.0,
        "Special Income Charges": 141234000.0,
        "Other Special Charges": NaN,
        "Earnings From Equity Interest": -4231000.0,
        "Net Non Operating Interest Income Expense": NaN,
        "Interest Income Non Operating": NaN,
        "Operating Income": 690228000.0,
        "Operating Expense": 274381000.0,
        "Selling General And Administration": 274381000.0,
        "Gross Profit": 964609000.0,
        "Cost Of Revenue": 2747525000.0,
        "Total Revenue": 3712134000.0,
        "Operating Revenue": 3712134000.0
    },
    "2022-07-31": {
        "Tax Effect Of Unusual Items": 0.0,
        "Tax Rate For Calcs": 0.253,
        "Normalized EBITDA": 361673000.0,
        "Total Unusual Items": 0.0,
        "Total Unusual Items Excluding Goodwill": 0.0,
        "Net Income From Continuing Operation Net Minority Interest": 273467000.0,
        "Reconciled Depreciation": 19731000.0,
        "Reconciled Cost Of Revenue": 1900264000.0,
        "EBITDA": 361673000.0,
        "EBIT": 361673000.0,
        "Net Interest Income": NaN,
        "Interest Income": NaN,
        "Normalized Income": 273467000.0,
        "Net Income From Continuing And Discontinued Operation": 273467000.0,
        "Total Expenses": 2133129000.0,
        "Total Operating Income As Reported": 361673000.0,
        "Diluted Average Shares": 116326000.0,
        "Basic Average Shares": 115334000.0,
        "Diluted EPS": 2.35,
        "Basic EPS": 2.37,
        "Diluted NI Availto Com Stockholders": 273467000.0,
        "Net Income Common Stockholders": 273467000.0,
        "Net Income": 273467000.0,
        "Net Income Including Noncontrolling Interests": 273467000.0,
        "Net Income Continuous Operations": 273467000.0,
        "Tax Provision": 92484000.0,
        "Pretax Income": 365951000.0,
        "Other Income Expense": 4278000.0,
        "Other Non Operating Income Expenses": 1294000.0,
        "Special Income Charges": 0.0,
        "Other Special Charges": NaN,
        "Earnings From Equity Interest": 2984000.0,
        "Net Non Operating Interest Income Expense": NaN,
        "Interest Income Non Operating": NaN,
        "Operating Income": 361673000.0,
        "Operating Expense": 232865000.0,
        "Selling General And Administration": 232865000.0,
        "Gross Profit": 594538000.0,
        "Cost Of Revenue": 1900264000.0,
        "Total Revenue": 2494802000.0,
        "Operating Revenue": 2494802000.0
    },
    "2022-04-30": {
        "Diluted EPS": 1.85,
        "Total Revenue": NaN,
        "Gross Profit": 525,
        "Operating Income": 282,
        "EBIT": 287,
        "Net Income": 221
    },
    "2022-01-31": {
        "Diluted EPS": 1.24,
        "Total Revenue": NaN,
        "Gross Profit": 402,
        "Operating Income": 175,
        "EBIT": 190,
        "Net Income": 152
    },
    "2021-10-31": {
        "Diluted EPS": 2.99,
        "Total Revenue": NaN,
        "Gross Profit": 699,
        "Operating Income": 441,
        "EBIT": 463,
        "Net Income": 374
    },
    "2021-07-31": {
        "Diluted EPS": 1.87,
        "Total Revenue": NaN,
        "Gross Profit": 511,
        "Operating Income": 277,
        "EBIT": 297,
        "Net Income": 235
    },
    "2021-04-30": {
        "Diluted EPS": 1.01,
        "Total Revenue": NaN,
        "Gross Profit": 404,
        "Operating Income": 184,
        "EBIT": 201,
        "Net Income": 128
    },
    "2021-01-31": {
        "Diluted EPS": 0.76,
        "Total Revenue": NaN,
        "Gross Profit": 330,
        "Operating Income": 119,
        "EBIT": 136,
        "Net Income": 96
    },
    "2020-10-31": {
        "Diluted EPS": 1.5,
        "Total Revenue": NaN,
        "Gross Profit": 507,
        "Operating Income": 261,
        "EBIT": 283,
        "Net Income": 199
    },
    "2020-07-31": {
        "Diluted EPS": 0.9,
        "Total Revenue": NaN,
        "Gross Profit": 343,
        "Operating Income": 150,
        "EBIT": 166,
        "Net Income": 115
    },
    "2020-04-30": {
        "Diluted EPS": 0.59,
        "Total Revenue": NaN,
        "Gross Profit": 302,
        "Operating Income": 93,
        "EBIT": 108,
        "Net Income": 76
    },
    "2020-01-31": {
        "Diluted EPS": 0.41,
        "Total Revenue": NaN,
        "Gross Profit": 266,
        "Operating Income": 47,
        "EBIT": 62,
        "Net Income": 57
    },
    "2019-10-31": {
        "Diluted EPS": 1.4,
        "Total Revenue": NaN,
        "Gross Profit": 577,
        "Operating Income": 225,
        "EBIT": 246,
        "Net Income": 202
    },
    "2019-07-31": {
        "Diluted EPS": 1.0,
        "Total Revenue": NaN,
        "Gross Profit": 358,
        "Operating Income": 171,
        "EBIT": 189,
        "Net Income": 146
    },
    "2019-04-30": {
        "Diluted EPS": 0.87,
        "Total Revenue": NaN,
        "Gross Profit": 339,
        "Operating Income": 160,
        "EBIT": 178,
        "Net Income": 129
    },
    "2019-01-31": {
        "Diluted EPS": 0.76,
        "Total Revenue": NaN,
        "Gross Profit": 287,
        "Operating Income": 124,
        "EBIT": 140,
        "Net Income": 112
    },
    "2018-10-31": {
        "Diluted EPS": 2.04,
        "Total Revenue": NaN,
        "Gross Profit": 661,
        "Operating Income": 338,
        "EBIT": 345,
        "Net Income": 311
    },
    "2018-07-31": {
        "Diluted EPS": 1.26,
        "Total Revenue": NaN,
        "Gross Profit": 404,
        "Operating Income": 230,
        "EBIT": 236,
        "Net Income": 193
    },
    "2018-04-30": {
        "Diluted EPS": 0.72,
        "Total Revenue": NaN,
        "Gross Profit": 301,
        "Operating Income": 134,
        "EBIT": 141,
        "Net Income": 112
    },
    "2018-01-31": {
        "Diluted EPS": 0.83,
        "Total Revenue": NaN,
        "Gross Profit": 241,
        "Operating Income": 84,
        "EBIT": 90,
        "Net Income": 132
    },
    "2017-10-31": {
        "Diluted EPS": 1.15,
        "Total Revenue": NaN,
        "Gross Profit": 452,
        "Operating Income": 285,
        "EBIT": 292,
        "Net Income": 192
    },
    "2017-07-31": {
        "Diluted EPS": 0.87,
        "Total Revenue": NaN,
        "Gross Profit": 327,
        "Operating Income": 172,
        "EBIT": 179,
        "Net Income": 149
    },
    "2017-04-30": {
        "Diluted EPS": 0.73,
        "Total Revenue": NaN,
        "Gross Profit": 286,
        "Operating Income": 139,
        "EBIT": 145,
        "Net Income": 125
    },
    "2017-01-31": {
        "Diluted EPS": 0.42,
        "Total Revenue": 921,
        "Gross Profit": 188,
        "Operating Income": 51,
        "EBIT": 57,
        "Net Income": 70
    },
    "2016-10-31": {
        "Diluted EPS": 0.66,
        "Total Revenue": NaN,
        "Gross Profit": 286,
        "Operating Income": 138,
        "EBIT": 144,
        "Net Income": 114
    },
    "2016-07-31": {
        "Diluted EPS": 0.61,
        "Total Revenue": NaN,
        "Gross Profit": 279,
        "Operating Income": 144,
        "EBIT": 149,
        "Net Income": 105
    },
    "2016-04-30": {
        "Diluted EPS": 0.51,
        "Total Revenue": NaN,
        "Gross Profit": 245,
        "Operating Income": 117,
        "EBIT": 122,
        "Net Income": 89
    },
    "2016-01-31": {
        "Diluted EPS": 0.4,
        "Total Revenue": 929,
        "Gross Profit": 216,
        "Operating Income": 94,
        "EBIT": 100,
        "Net Income": 73
    },
    "2015-10-31": {
        "Diluted EPS": 0.8,
        "Total Revenue": NaN,
        "Gross Profit": 321,
        "Operating Income": 196,
        "EBIT": 202,
        "Net Income": 147
    },
    "2015-07-31": {
        "Diluted EPS": 0.36,
        "Total Revenue": NaN,
        "Gross Profit": 204,
        "Operating Income": 87,
        "EBIT": 93,
        "Net Income": 67
    },
    "2015-04-30": {
        "Diluted EPS": 0.37,
        "Total Revenue": 853,
        "Gross Profit": 174,
        "Operating Income": 66,
        "EBIT": 72,
        "Net Income": 68
    },
    "2015-01-31": {
        "Diluted EPS": 0.44,
        "Total Revenue": 853,
        "Gross Profit": 203,
        "Operating Income": 97,
        "EBIT": 103,
        "Net Income": 81
    },
    "2014-10-31": {
        "Diluted EPS": 0.71,
        "Total Revenue": NaN,
        "Gross Profit": 288,
        "Operating Income": 168,
        "EBIT": 174,
        "Net Income": 132
    },
    "2014-07-31": {
        "Diluted EPS": 0.53,
        "Total Revenue": NaN,
        "Gross Profit": 240,
        "Operating Income": 130,
        "EBIT": 135,
        "Net Income": 98
    },
    "2014-04-30": {
        "Diluted EPS": 0.35,
        "Total Revenue": 860,
        "Gross Profit": 172,
        "Operating Income": 68,
        "EBIT": 74,
        "Net Income": 65
    },
    "2014-01-31": {
        "Diluted EPS": 0.25,
        "Total Revenue": 644,
        "Gross Profit": 130,
        "Operating Income": 32,
        "EBIT": 37,
        "Net Income": 46
    },
    "2013-10-31": {
        "Diluted EPS": 0.54,
        "Total Revenue": NaN,
        "Gross Profit": 222,
        "Operating Income": 129,
        "EBIT": 135,
        "Net Income": 95
    },
    "2013-07-31": {
        "Diluted EPS": 0.26,
        "Total Revenue": 689,
        "Gross Profit": 144,
        "Operating Income": 55,
        "EBIT": 62,
        "Net Income": 47
    },
    "2013-04-30": {
        "Diluted EPS": 0.14,
        "Total Revenue": 516,
        "Gross Profit": 96,
        "Operating Income": 16,
        "EBIT": 23,
        "Net Income": 25
    },
    "2013-01-31": {
        "Diluted EPS": 0.03,
        "Total Revenue": 425,
        "Gross Profit": 79,
        "Operating Income": 1,
        "EBIT": 7,
        "Net Income": 4
    },
    "2012-10-31": {
        "Diluted EPS": 2.42,
        "Total Revenue": 633,
        "Gross Profit": 127,
        "Operating Income": 53,
        "EBIT": 59,
        "Net Income": 411
    },
    "2012-07-31": {
        "Diluted EPS": 0.36,
        "Total Revenue": 554,
        "Gross Profit": 106,
        "Operating Income": 31,
        "EBIT": 37,
        "Net Income": 62
    },
    "2012-04-30": {
        "Diluted EPS": 0.1,
        "Total Revenue": 374,
        "Gross Profit": 67,
        "Operating Income": -1,
        "EBIT": 4,
        "Net Income": 17
    },
    "2012-01-31": {
        "Diluted EPS": -0.02,
        "Total Revenue": 322,
        "Gross Profit": 50,
        "Operating Income": -19,
        "EBIT": -14,
        "Net Income": -3
    },
    "2011-10-31": {
        "Diluted EPS": 0.09,
        "Total Revenue": 428,
        "Gross Profit": 65,
        "Operating Income": -2,
        "EBIT": 4,
        "Net Income": 15
    },
    "2011-07-31": {
        "Diluted EPS": 0.25,
        "Total Revenue": 394,
        "Gross Profit": 54,
        "Operating Income": -10,
        "EBIT": -3,
        "Net Income": 42
    },
    "2011-04-30": {
        "Diluted EPS": -0.12,
        "Total Revenue": 320,
        "Gross Profit": 43,
        "Operating Income": -24,
        "EBIT": -18,
        "Net Income": -21
    },
    "2011-01-31": {
        "Diluted EPS": 0.02,
        "Total Revenue": 334,
        "Gross Profit": 52,
        "Operating Income": -10,
        "EBIT": -5,
        "Net Income": 3
    },
    "2010-10-31": {
        "Diluted EPS": 0.31,
        "Total Revenue": 403,
        "Gross Profit": 39,
        "Operating Income": -12,
        "EBIT": -6,
        "Net Income": 50
    },
    "2010-07-31": {
        "Diluted EPS": 0.16,
        "Total Revenue": 454,
        "Gross Profit": 65,
        "Operating Income": -8,
        "EBIT": 2,
        "Net Income": 27
    },
    "2010-04-30": {
        "Diluted EPS": -0.24,
        "Total Revenue": 311,
        "Gross Profit": 6,
        "Operating Income": -60,
        "EBIT": -49,
        "Net Income": -40
    },
    "2010-01-31": {
        "Diluted EPS": -0.25,
        "Total Revenue": 327,
        "Gross Profit": 9,
        "Operating Income": -65,
        "EBIT": -54,
        "Net Income": -41
    },
    "2009-10-31": {
        "Diluted EPS": -0.68,
        "Total Revenue": 487,
        "Gross Profit": -19,
        "Operating Income": -105,
        "EBIT": -93,
        "Net Income": -111
    },
    "2009-07-31": {
        "Diluted EPS": -2.93,
        "Total Revenue": 461,
        "Gross Profit": -50,
        "Operating Income": -119,
        "EBIT": -116,
        "Net Income": -472
    },
    "2009-04-30": {
        "Diluted EPS": -0.52,
        "Total Revenue": 398,
        "Gross Profit": -49,
        "Operating Income": -131,
        "EBIT": -120,
        "Net Income": -83
    },
    "2009-01-31": {
        "Diluted EPS": -0.55,
        "Total Revenue": 409,
        "Gross Profit": -77,
        "Operating Income": -163,
        "EBIT": -156,
        "Net Income": -89
    },
    "2023-07-31": {
        "Tax Effect Of Unusual Items": NaN,
        "Tax Rate For Calcs": NaN,
        "Normalized EBITDA": NaN,
        "Total Unusual Items": NaN,
        "Total Unusual Items Excluding Goodwill": NaN,
        "Net Income From Continuing Operation Net Minority Interest": NaN,
        "Reconciled Depreciation": NaN,
        "Reconciled Cost Of Revenue": NaN,
        "EBITDA": NaN,
        "EBIT": NaN,
        "Net Interest Income": NaN,
        "Interest Income": NaN,
        "Normalized Income": NaN,
        "Net Income From Continuing And Discontinued Operation": NaN,
        "Total Expenses": NaN,
        "Total Operating Income As Reported": NaN,
        "Diluted Average Shares": 111123000.0,
        "Basic Average Shares": 110003000.0,
        "Diluted EPS": 3.73,
        "Basic EPS": 3.77,
        "Diluted NI Availto Com Stockholders": NaN,
        "Net Income Common Stockholders": NaN,
        "Net Income": NaN,
        "Net Income Including Noncontrolling Interests": NaN,
        "Net Income Continuous Operations": NaN,
        "Tax Provision": NaN,
        "Pretax Income": NaN,
        "Other Income Expense": NaN,
        "Other Non Operating Income Expenses": NaN,
        "Special Income Charges": NaN,
        "Other Special Charges": NaN,
        "Earnings From Equity Interest": NaN,
        "Net Non Operating Interest Income Expense": NaN,
        "Interest Income Non Operating": NaN,
        "Operating Income": NaN,
        "Operating Expense": NaN,
        "Selling General And Administration": NaN,
        "Gross Profit": NaN,
        "Cost Of Revenue": NaN,
        "Total Revenue": NaN,
        "Operating Revenue": NaN
    },
    "2023-10-31": {
        "Tax Effect Of Unusual Items": 0.0,
        "Tax Rate For Calcs": 0.263535,
        "Normalized EBITDA": 580840000.0,
        "Total Unusual Items": 0.0,
        "Total Unusual Items Excluding Goodwill": 0.0,
        "Net Income From Continuing Operation Net Minority Interest": 445536000.0,
        "Reconciled Depreciation": 22224000.0,
        "Reconciled Cost Of Revenue": 2220123000.0,
        "EBITDA": 580840000.0,
        "EBIT": 558616000.0,
        "Net Interest Income": 12946000.0,
        "Interest Income": 12946000.0,
        "Normalized Income": 445536000.0,
        "Net Income From Continuing And Discontinued Operation": 445536000.0,
        "Total Expenses": 2461531000.0,
        "Total Operating Income As Reported": 558616000.0,
        "Diluted Average Shares": 108388000.0,
        "Basic Average Shares": 107465000.0,
        "Diluted EPS": 4.11,
        "Basic EPS": 4.15,
        "Diluted NI Availto Com Stockholders": 445536000.0,
        "Net Income Common Stockholders": 445536000.0,
        "Net Income": 445536000.0,
        "Net Income Including Noncontrolling Interests": 445536000.0,
        "Net Income Continuous Operations": 445536000.0,
        "Tax Provision": 159430000.0,
        "Pretax Income": 604966000.0,
        "Other Income Expense": 33404000.0,
        "Other Non Operating Income Expenses": 4119000.0,
        "Special Income Charges": 0.0,
        "Other Special Charges": 0.0,
        "Earnings From Equity Interest": 29285000.0,
        "Net Non Operating Interest Income Expense": 12946000.0,
        "Interest Income Non Operating": 12946000.0,
        "Operating Income": 558616000.0,
        "Operating Expense": 241408000.0,
        "Selling General And Administration": 241408000.0,
        "Gross Profit": 800024000.0,
        "Cost Of Revenue": 2220123000.0,
        "Total Revenue": 3020147000.0,
        "Operating Revenue": 3020147000.0
    },
    "2024-01-31": {
        "Tax Effect Of Unusual Items": 0.0,
        "Tax Rate For Calcs": 0.23,
        "Normalized EBITDA": 324558000.0,
        "Total Unusual Items": 0.0,
        "Total Unusual Items Excluding Goodwill": 0.0,
        "Net Income From Continuing Operation Net Minority Interest": 239558000.0,
        "Reconciled Depreciation": 16143000.0,
        "Reconciled Cost Of Revenue": 1409387000.0,
        "EBITDA": 324558000.0,
        "EBIT": 308415000.0,
        "Net Interest Income": 10468000.0,
        "Interest Income": 10468000.0,
        "Normalized Income": 239558000.0,
        "Net Income From Continuing And Discontinued Operation": 239558000.0,
        "Total Expenses": 1639433000.0,
        "Total Operating Income As Reported": 308415000.0,
        "Diluted Average Shares": 106265000.0,
        "Basic Average Shares": 105122000.0,
        "Diluted EPS": 2.25,
        "Basic EPS": 2.28,
        "Diluted NI Availto Com Stockholders": 239558000.0,
        "Net Income Common Stockholders": 239558000.0,
        "Net Income": 239558000.0,
        "Net Income Including Noncontrolling Interests": 239558000.0,
        "Net Income Continuous Operations": 239558000.0,
        "Tax Provision": 71603000.0,
        "Pretax Income": 311161000.0,
        "Other Income Expense": -7722000.0,
        "Other Non Operating Income Expenses": 1450000.0,
        "Special Income Charges": 0.0,
        "Other Special Charges": NaN,
        "Earnings From Equity Interest": -9172000.0,
        "Net Non Operating Interest Income Expense": 10468000.0,
        "Interest Income Non Operating": 10468000.0,
        "Operating Income": 308415000.0,
        "Operating Expense": 230046000.0,
        "Selling General And Administration": 230046000.0,
        "Gross Profit": 538461000.0,
        "Cost Of Revenue": 1409387000.0,
        "Total Revenue": 1947848000.0,
        "Operating Revenue": 1947848000.0
    },
    "2024-04-30": {
        "Tax Effect Of Unusual Items": 0.0,
        "Tax Rate For Calcs": 0.259,
        "Normalized EBITDA": 642666000.0,
        "Total Unusual Items": 0.0,
        "Total Unusual Items Excluding Goodwill": 0.0,
        "Net Income From Continuing Operation Net Minority Interest": 481617000.0,
        "Reconciled Depreciation": 19140000.0,
        "Reconciled Cost Of Revenue": 1976262000.0,
        "EBITDA": 642666000.0,
        "EBIT": 623526000.0,
        "Net Interest Income": 9007000.0,
        "Interest Income": 9007000.0,
        "Normalized Income": 481617000.0,
        "Net Income From Continuing And Discontinued Operation": 481617000.0,
        "Total Expenses": 2213960000.0,
        "Total Operating Income As Reported": 623526000.0,
        "Diluted Average Shares": 105803000.0,
        "Basic Average Shares": 104794000.0,
        "Diluted EPS": 4.55,
        "Basic EPS": 4.6,
        "Diluted NI Availto Com Stockholders": 481617000.0,
        "Net Income Common Stockholders": 481617000.0,
        "Net Income": 481617000.0,
        "Net Income Including Noncontrolling Interests": 481617000.0,
        "Net Income Continuous Operations": 481617000.0,
        "Tax Provision": 168162000.0,
        "Pretax Income": 649779000.0,
        "Other Income Expense": 17246000.0,
        "Other Non Operating Income Expenses": 11359000.0,
        "Special Income Charges": 0.0,
        "Other Special Charges": NaN,
        "Earnings From Equity Interest": 5887000.0,
        "Net Non Operating Interest Income Expense": 9007000.0,
        "Interest Income Non Operating": 9007000.0,
        "Operating Income": 623526000.0,
        "Operating Expense": 237698000.0,
        "Selling General And Administration": 237698000.0,
        "Gross Profit": 861224000.0,
        "Cost Of Revenue": 1976262000.0,
        "Total Revenue": 2837486000.0,
        "Operating Revenue": 2837486000.0
    },
    "2024-07-31": {
        "Tax Effect Of Unusual Items": 0.0,
        "Tax Rate For Calcs": 0.256,
        "Normalized EBITDA": 517336000.0,
        "Total Unusual Items": 0.0,
        "Total Unusual Items Excluding Goodwill": 0.0,
        "Net Income From Continuing Operation Net Minority Interest": 374611000.0,
        "Reconciled Depreciation": 20145000.0,
        "Reconciled Cost Of Revenue": 1985940000.0,
        "EBITDA": 517336000.0,
        "EBIT": 497191000.0,
        "Net Interest Income": 9033000.0,
        "Interest Income": 9033000.0,
        "Normalized Income": 374611000.0,
        "Net Income From Continuing And Discontinued Operation": 374611000.0,
        "Total Expenses": 2230753000.0,
        "Total Operating Income As Reported": 497191000.0,
        "Diluted Average Shares": 104014000.0,
        "Basic Average Shares": 102980000.0,
        "Diluted EPS": 3.6,
        "Basic EPS": 3.64,
        "Diluted NI Availto Com Stockholders": 374611000.0,
        "Net Income Common Stockholders": 374611000.0,
        "Net Income": 374611000.0,
        "Net Income Including Noncontrolling Interests": 374611000.0,
        "Net Income Continuous Operations": 374611000.0,
        "Tax Provision": 129016000.0,
        "Pretax Income": 503627000.0,
        "Other Income Expense": -2597000.0,
        "Other Non Operating Income Expenses": 7917000.0,
        "Special Income Charges": 0.0,
        "Other Special Charges": NaN,
        "Earnings From Equity Interest": -10514000.0,
        "Net Non Operating Interest Income Expense": 9033000.0,
        "Interest Income Non Operating": 9033000.0,
        "Operating Income": 497191000.0,
        "Operating Expense": 244813000.0,
        "Selling General And Administration": 244813000.0,
        "Gross Profit": 742004000.0,
        "Cost Of Revenue": 1985940000.0,
        "Total Revenue": 2727944000.0,
        "Operating Revenue": 2727944000.0
    },
    "2024-10-31": {
        "Tax Effect Of Unusual Items": 0.0,
        "Tax Rate For Calcs": 0.234536,
        "Normalized EBITDA": 636828000.0,
        "Total Unusual Items": 0.0,
        "Total Unusual Items Excluding Goodwill": 0.0,
        "Net Income From Continuing Operation Net Minority Interest": 475409000.0,
        "Reconciled Depreciation": 25773000.0,
        "Reconciled Cost Of Revenue": 2452673000.0,
        "EBITDA": 636828000.0,
        "EBIT": 611055000.0,
        "Net Interest Income": 9989000.0,
        "Interest Income": 9989000.0,
        "Normalized Income": 475409000.0,
        "Net Income From Continuing And Discontinued Operation": 475409000.0,
        "Total Expenses": 2722407000.0,
        "Total Operating Income As Reported": 611055000.0,
        "Diluted Average Shares": NaN,
        "Basic Average Shares": NaN,
        "Diluted EPS": NaN,
        "Basic EPS": NaN,
        "Diluted NI Availto Com Stockholders": 475409000.0,
        "Net Income Common Stockholders": 475409000.0,
        "Net Income": 475409000.0,
        "Net Income Including Noncontrolling Interests": 475409000.0,
        "Net Income Continuous Operations": 475409000.0,
        "Tax Provision": 145664000.0,
        "Pretax Income": 621073000.0,
        "Other Income Expense": 29000.0,
        "Other Non Operating Income Expenses": 10073000.0,
        "Special Income Charges": 0.0,
        "Other Special Charges": NaN,
        "Earnings From Equity Interest": -10044000.0,
        "Net Non Operating Interest Income Expense": 9989000.0,
        "Interest Income Non Operating": 9989000.0,
        "Operating Income": 611055000.0,
        "Operating Expense": 269734000.0,
        "Selling General And Administration": 269734000.0,
        "Gross Profit": 880789000.0,
        "Cost Of Revenue": 2452673000.0,
        "Total Revenue": 3333462000.0,
        "Operating Revenue": 3333462000.0
    }
}