{
    "2022-06-30": {
        "Diluted EPS": 0.0,
        "Total Revenue": NaN,
        "Gross Profit": NaN,
        "Operating Income": NaN,
        "Net Income": NaN
    },
    "2014-12-31": {
        "Diluted EPS": 1.81,
        "Total Revenue": 1,
        "Gross Profit": 1,
        "Operating Income": -1,
        "EBIT": -1,
        "Net Income": 2
    },
    "2014-09-30": {
        "Diluted EPS": 0.05,
        "Total Revenue": 1,
        "Gross Profit": 1,
        "Operating Income": 0,
        "EBIT": 0,
        "Net Income": 1
    },
    "2014-06-30": {
        "Diluted EPS": -0.04,
        "Total Revenue": 0,
        "Gross Profit": 0,
        "Operating Income": 0,
        "EBIT": 0,
        "Net Income": 0
    },
    "2014-03-31": {
        "Diluted EPS": 0.02,
        "Total Revenue": 0,
        "Gross Profit": 0,
        "Operating Income": 0,
        "EBIT": 0,
        "Net Income": 0
    },
    "2013-12-31": {
        "Diluted EPS": 3.15,
        "Total Revenue": -1,
        "Gross Profit": -2,
        "Operating Income": -3,
        "EBIT": -2,
        "Net Income": -5
    },
    "2013-09-30": {
        "Diluted EPS": 0.77,
        "Total Revenue": 7,
        "Gross Profit": 6,
        "Operating Income": 4,
        "EBIT": 6,
        "Net Income": 2
    },
    "2013-06-30": {
        "Diluted EPS": 0.72,
        "Total Revenue": 7,
        "Gross Profit": 7,
        "Operating Income": 4,
        "EBIT": 6,
        "Net Income": 2
    },
    "2013-03-31": {
        "Diluted EPS": 1.12,
        "Total Revenue": 7,
        "Gross Profit": 7,
        "Operating Income": 5,
        "EBIT": 7,
        "Net Income": 3
    },
    "2012-12-31": {
        "Diluted EPS": 0.0,
        "Total Revenue": NaN,
        "Gross Profit": NaN,
        "Operating Income": NaN,
        "EBIT": NaN,
        "Net Income": NaN
    },
    "2012-06-30": {
        "Diluted EPS": 0.0,
        "Total Revenue": NaN,
        "Gross Profit": NaN,
        "Operating Income": NaN,
        "EBIT": NaN,
        "Net Income": NaN
    },
    "2011-12-31": {
        "Diluted EPS": 0.0,
        "Total Revenue": NaN,
        "Gross Profit": NaN,
        "Operating Income": NaN,
        "EBIT": NaN,
        "Net Income": NaN
    },
    "2011-06-30": {
        "Diluted EPS": NaN,
        "Total Revenue": 21,
        "Gross Profit": 17,
        "Operating Income": 3,
        "EBIT": 13,
        "Net Income": -103
    },
    "2011-03-31": {
        "Diluted EPS": NaN,
        "Total Revenue": 22,
        "Gross Profit": 17,
        "Operating Income": 1,
        "EBIT": 11,
        "Net Income": -2
    },
    "2010-12-31": {
        "Diluted EPS": NaN,
        "Total Revenue": 23,
        "Gross Profit": 11,
        "Operating Income": 6,
        "EBIT": 17,
        "Net Income": 2
    },
    "2010-09-30": {
        "Diluted EPS": NaN,
        "Total Revenue": 23,
        "Gross Profit": 20,
        "Operating Income": 7,
        "EBIT": 15,
        "Net Income": 1
    },
    "2010-06-30": {
        "Diluted EPS": NaN,
        "Total Revenue": 22,
        "Gross Profit": 19,
        "Operating Income": 4,
        "EBIT": 13,
        "Net Income": -2
    },
    "2010-03-31": {
        "Diluted EPS": NaN,
        "Total Revenue": 23,
        "Gross Profit": 22,
        "Operating Income": 5,
        "EBIT": 14,
        "Net Income": 1
    },
    "2009-12-31": {
        "Diluted EPS": NaN,
        "Total Revenue": 24,
        "Gross Profit": 33,
        "Operating Income": 43,
        "EBIT": 53,
        "Net Income": -36
    },
    "2009-09-30": {
        "Diluted EPS": NaN,
        "Total Revenue": 25,
        "Gross Profit": 21,
        "Operating Income": 7,
        "EBIT": 16,
        "Net Income": 0
    },
    "2009-06-30": {
        "Diluted EPS": NaN,
        "Total Revenue": 29,
        "Gross Profit": 15,
        "Operating Income": -18,
        "EBIT": -21,
        "Net Income": -16
    },
    "2009-03-31": {
        "Diluted EPS": NaN,
        "Total Revenue": 30,
        "Gross Profit": 19,
        "Operating Income": 2,
        "EBIT": 8,
        "Net Income": 1
    }
}