{
    "2023-03-31": {
        "Tax Effect Of Unusual Items": NaN,
        "Tax Rate For Calcs": NaN,
        "Normalized EBITDA": NaN,
        "Total Unusual Items": NaN,
        "Total Unusual Items Excluding Goodwill": NaN,
        "Net Income From Continuing Operation Net Minority Interest": NaN,
        "Reconciled Depreciation": NaN,
        "Reconciled Cost Of Revenue": NaN,
        "EBITDA": NaN,
        "EBIT": NaN,
        "Net Interest Income": NaN,
        "Interest Income": NaN,
        "Normalized Income": NaN,
        "Net Income From Continuing And Discontinued Operation": NaN,
        "Total Expenses": NaN,
        "Total Operating Income As Reported": NaN,
        "Diluted Average Shares": NaN,
        "Basic Average Shares": NaN,
        "Diluted EPS": NaN,
        "Basic EPS": NaN,
        "Diluted NI Availto Com Stockholders": NaN,
        "Average Dilution Earnings": -3000000.0,
        "Net Income Common Stockholders": NaN,
        "Net Income": NaN,
        "Net Income Including Noncontrolling Interests": NaN,
        "Net Income Continuous Operations": NaN,
        "Tax Provision": NaN,
        "Pretax Income": NaN,
        "Other Income Expense": NaN,
        "Other Non Operating Income Expenses": NaN,
        "Special Income Charges": 0.0,
        "Restructuring And Mergern Acquisition": 0.0,
        "Gain On Sale Of Security": NaN,
        "Net Non Operating Interest Income Expense": NaN,
        "Total Other Finance Cost": -8000000.0,
        "Interest Income Non Operating": NaN,
        "Operating Income": NaN,
        "Operating Expense": NaN,
        "Research And Development": NaN,
        "Selling General And Administration": NaN,
        "Selling And Marketing Expense": NaN,
        "General And Administrative Expense": NaN,
        "Other Gand A": NaN,
        "Gross Profit": NaN,
        "Cost Of Revenue": NaN,
        "Total Revenue": NaN,
        "Operating Revenue": NaN
    },
    "2022-12-31": {
        "Tax Effect Of Unusual Items": NaN,
        "Tax Rate For Calcs": NaN,
        "Normalized EBITDA": NaN,
        "Total Unusual Items": NaN,
        "Total Unusual Items Excluding Goodwill": NaN,
        "Net Income From Continuing Operation Net Minority Interest": NaN,
        "Reconciled Depreciation": NaN,
        "Reconciled Cost Of Revenue": NaN,
        "EBITDA": NaN,
        "EBIT": NaN,
        "Net Interest Income": NaN,
        "Interest Income": 6000000.0,
        "Normalized Income": NaN,
        "Net Income From Continuing And Discontinued Operation": NaN,
        "Total Expenses": NaN,
        "Total Operating Income As Reported": NaN,
        "Diluted Average Shares": NaN,
        "Basic Average Shares": NaN,
        "Diluted EPS": NaN,
        "Basic EPS": NaN,
        "Diluted NI Availto Com Stockholders": NaN,
        "Average Dilution Earnings": NaN,
        "Net Income Common Stockholders": NaN,
        "Net Income": NaN,
        "Net Income Including Noncontrolling Interests": NaN,
        "Net Income Continuous Operations": NaN,
        "Tax Provision": NaN,
        "Pretax Income": NaN,
        "Other Income Expense": NaN,
        "Other Non Operating Income Expenses": 2000000.0,
        "Special Income Charges": 0.0,
        "Restructuring And Mergern Acquisition": NaN,
        "Gain On Sale Of Security": NaN,
        "Net Non Operating Interest Income Expense": NaN,
        "Total Other Finance Cost": NaN,
        "Interest Income Non Operating": 6000000.0,
        "Operating Income": NaN,
        "Operating Expense": NaN,
        "Research And Development": NaN,
        "Selling General And Administration": NaN,
        "Selling And Marketing Expense": NaN,
        "General And Administrative Expense": NaN,
        "Other Gand A": NaN,
        "Gross Profit": NaN,
        "Cost Of Revenue": NaN,
        "Total Revenue": NaN,
        "Operating Revenue": NaN
    },
    "2022-09-30": {
        "Tax Effect Of Unusual Items": NaN,
        "Tax Rate For Calcs": NaN,
        "Normalized EBITDA": NaN,
        "Total Unusual Items": NaN,
        "Total Unusual Items Excluding Goodwill": NaN,
        "Net Income From Continuing Operation Net Minority Interest": NaN,
        "Reconciled Depreciation": NaN,
        "Reconciled Cost Of Revenue": NaN,
        "EBITDA": NaN,
        "EBIT": NaN,
        "Net Interest Income": NaN,
        "Interest Income": 3000000.0,
        "Normalized Income": NaN,
        "Net Income From Continuing And Discontinued Operation": NaN,
        "Total Expenses": NaN,
        "Total Operating Income As Reported": NaN,
        "Diluted Average Shares": NaN,
        "Basic Average Shares": NaN,
        "Diluted EPS": NaN,
        "Basic EPS": NaN,
        "Diluted NI Availto Com Stockholders": NaN,
        "Average Dilution Earnings": NaN,
        "Net Income Common Stockholders": NaN,
        "Net Income": NaN,
        "Net Income Including Noncontrolling Interests": NaN,
        "Net Income Continuous Operations": NaN,
        "Tax Provision": NaN,
        "Pretax Income": NaN,
        "Other Income Expense": NaN,
        "Other Non Operating Income Expenses": 1000000.0,
        "Special Income Charges": 0.0,
        "Restructuring And Mergern Acquisition": NaN,
        "Gain On Sale Of Security": NaN,
        "Net Non Operating Interest Income Expense": NaN,
        "Total Other Finance Cost": NaN,
        "Interest Income Non Operating": 3000000.0,
        "Operating Income": NaN,
        "Operating Expense": NaN,
        "Research And Development": NaN,
        "Selling General And Administration": NaN,
        "Selling And Marketing Expense": NaN,
        "General And Administrative Expense": NaN,
        "Other Gand A": NaN,
        "Gross Profit": NaN,
        "Cost Of Revenue": NaN,
        "Total Revenue": NaN,
        "Operating Revenue": NaN
    },
    "2022-06-30": {
        "Tax Effect Of Unusual Items": 0.0,
        "Tax Rate For Calcs": 0.0,
        "Normalized EBITDA": -137000000.0,
        "Total Unusual Items": 44000000.0,
        "Total Unusual Items Excluding Goodwill": 44000000.0,
        "Net Income From Continuing Operation Net Minority Interest": -54000000.0,
        "Reconciled Depreciation": 6000000.0,
        "Reconciled Cost Of Revenue": 562000000.0,
        "EBITDA": -93000000.0,
        "EBIT": -99000000.0,
        "Net Interest Income": 1000000.0,
        "Interest Income": 1000000.0,
        "Normalized Income": -98000000.0,
        "Net Income From Continuing And Discontinued Operation": -54000000.0,
        "Total Expenses": 774000000.0,
        "Total Operating Income As Reported": -99000000.0,
        "Diluted Average Shares": 509532418.0,
        "Basic Average Shares": 509532418.0,
        "Diluted EPS": -0.11,
        "Basic EPS": -0.11,
        "Diluted NI Availto Com Stockholders": -54000000.0,
        "Average Dilution Earnings": 0.0,
        "Net Income Common Stockholders": -54000000.0,
        "Net Income": -54000000.0,
        "Net Income Including Noncontrolling Interests": -54000000.0,
        "Net Income Continuous Operations": -54000000.0,
        "Tax Provision": 0.0,
        "Pretax Income": -54000000.0,
        "Other Income Expense": 44000000.0,
        "Other Non Operating Income Expenses": NaN,
        "Special Income Charges": 0.0,
        "Gain On Sale Of Security": 44000000.0,
        "Net Non Operating Interest Income Expense": 1000000.0,
        "Total Other Finance Cost": NaN,
        "Interest Income Non Operating": 1000000.0,
        "Operating Income": -99000000.0,
        "Operating Expense": 212000000.0,
        "Research And Development": 67000000.0,
        "Selling General And Administration": 145000000.0,
        "Selling And Marketing Expense": 77000000.0,
        "General And Administrative Expense": 68000000.0,
        "Other Gand A": 68000000.0,
        "Gross Profit": 113000000.0,
        "Cost Of Revenue": 562000000.0,
        "Total Revenue": 675000000.0,
        "Operating Revenue": 675000000.0
    },
    "2022-03-31": {
        "Diluted EPS": -0.2,
        "Total Revenue": 535,
        "Gross Profit": 89,
        "Operating Income": -101,
        "EBIT": -85,
        "Net Income": -23
    },
    "2021-12-31": {
        "Diluted EPS": 0.5,
        "Total Revenue": 511,
        "Gross Profit": 73,
        "Operating Income": -117,
        "EBIT": -99,
        "Net Income": 1
    },
    "2021-09-30": {
        "Diluted EPS": -1.06,
        "Total Revenue": 486,
        "Gross Profit": 83,
        "Operating Income": -55,
        "EBIT": -42,
        "Net Income": -254
    },
    "2021-06-30": {
        "Diluted EPS": -0.64,
        "Total Revenue": 426,
        "Gross Profit": 89,
        "Operating Income": -51,
        "EBIT": -40,
        "Net Income": -135
    },
    "2021-03-31": {
        "Diluted EPS": -0.48,
        "Total Revenue": 282,
        "Gross Profit": 69,
        "Operating Income": -5,
        "EBIT": 4,
        "Net Income": -99
    },
    "2020-12-31": {
        "Diluted EPS": 0.0,
        "Total Revenue": NaN,
        "Gross Profit": NaN,
        "Operating Income": NaN,
        "EBIT": NaN,
        "Net Income": NaN
    },
    "2020-09-30": {
        "Diluted EPS": -0.31,
        "Total Revenue": 237,
        "Gross Profit": 48,
        "Operating Income": -39,
        "EBIT": -39,
        "Net Income": -63
    },
    "2019-12-31": {
        "Diluted EPS": 0.0,
        "Total Revenue": NaN,
        "Gross Profit": NaN,
        "Operating Income": NaN,
        "EBIT": NaN,
        "Net Income": NaN
    },
    "2023-06-30": {
        "Tax Effect Of Unusual Items": -5460000.0,
        "Tax Rate For Calcs": 0.21,
        "Normalized EBITDA": -46000000.0,
        "Total Unusual Items": -26000000.0,
        "Total Unusual Items Excluding Goodwill": -26000000.0,
        "Net Income From Continuing Operation Net Minority Interest": -98000000.0,
        "Reconciled Depreciation": 8000000.0,
        "Reconciled Cost Of Revenue": 770000000.0,
        "EBITDA": -72000000.0,
        "EBIT": -80000000.0,
        "Net Interest Income": 9000000.0,
        "Interest Income": 9000000.0,
        "Normalized Income": -77460000.0,
        "Net Income From Continuing And Discontinued Operation": -98000000.0,
        "Total Expenses": 1058000000.0,
        "Total Operating Income As Reported": -80000000.0,
        "Diluted Average Shares": 529000000.0,
        "Basic Average Shares": 529000000.0,
        "Diluted EPS": -0.19,
        "Basic EPS": -0.19,
        "Diluted NI Availto Com Stockholders": -98000000.0,
        "Average Dilution Earnings": 0.0,
        "Net Income Common Stockholders": -98000000.0,
        "Net Income": -98000000.0,
        "Net Income Including Noncontrolling Interests": -98000000.0,
        "Net Income Continuous Operations": -98000000.0,
        "Tax Provision": 1000000.0,
        "Pretax Income": -97000000.0,
        "Other Income Expense": -26000000.0,
        "Other Non Operating Income Expenses": NaN,
        "Special Income Charges": 0.0,
        "Restructuring And Mergern Acquisition": 0.0,
        "Gain On Sale Of Security": -26000000.0,
        "Net Non Operating Interest Income Expense": 9000000.0,
        "Total Other Finance Cost": NaN,
        "Interest Income Non Operating": 9000000.0,
        "Operating Income": -80000000.0,
        "Operating Expense": 288000000.0,
        "Research And Development": 92000000.0,
        "Selling General And Administration": 196000000.0,
        "Selling And Marketing Expense": 100000000.0,
        "General And Administrative Expense": 96000000.0,
        "Other Gand A": 96000000.0,
        "Gross Profit": 208000000.0,
        "Cost Of Revenue": 770000000.0,
        "Total Revenue": 978000000.0,
        "Operating Revenue": 978000000.0
    },
    "2023-09-30": {
        "Tax Effect Of Unusual Items": 36000.0,
        "Tax Rate For Calcs": 0.002,
        "Normalized EBITDA": -69000000.0,
        "Total Unusual Items": 18000000.0,
        "Total Unusual Items Excluding Goodwill": 18000000.0,
        "Net Income From Continuing Operation Net Minority Interest": -31000000.0,
        "Reconciled Depreciation": 8000000.0,
        "Reconciled Cost Of Revenue": 806000000.0,
        "EBITDA": -51000000.0,
        "EBIT": -59000000.0,
        "Net Interest Income": 10000000.0,
        "Interest Income": 10000000.0,
        "Normalized Income": -48964000.0,
        "Net Income From Continuing And Discontinued Operation": -31000000.0,
        "Total Expenses": 1091000000.0,
        "Total Operating Income As Reported": -59000000.0,
        "Diluted Average Shares": 536534932.0,
        "Basic Average Shares": 535219532.0,
        "Diluted EPS": -0.09,
        "Basic EPS": -0.06,
        "Diluted NI Availto Com Stockholders": -49000000.0,
        "Average Dilution Earnings": -18000000.0,
        "Net Income Common Stockholders": -31000000.0,
        "Net Income": -31000000.0,
        "Net Income Including Noncontrolling Interests": -31000000.0,
        "Net Income Continuous Operations": -31000000.0,
        "Tax Provision": 0.0,
        "Pretax Income": -31000000.0,
        "Other Income Expense": 18000000.0,
        "Other Non Operating Income Expenses": NaN,
        "Special Income Charges": NaN,
        "Restructuring And Mergern Acquisition": NaN,
        "Gain On Sale Of Security": 18000000.0,
        "Net Non Operating Interest Income Expense": 10000000.0,
        "Total Other Finance Cost": NaN,
        "Interest Income Non Operating": 10000000.0,
        "Operating Income": -59000000.0,
        "Operating Expense": 285000000.0,
        "Research And Development": 87000000.0,
        "Selling General And Administration": 198000000.0,
        "Selling And Marketing Expense": 100000000.0,
        "General And Administrative Expense": 98000000.0,
        "Other Gand A": 98000000.0,
        "Gross Profit": 226000000.0,
        "Cost Of Revenue": 806000000.0,
        "Total Revenue": 1032000000.0,
        "Operating Revenue": 1032000000.0
    },
    "2023-12-31": {
        "Tax Effect Of Unusual Items": 1680000.0,
        "Tax Rate For Calcs": 0.21,
        "Normalized EBITDA": -54000000.0,
        "Total Unusual Items": 8000000.0,
        "Total Unusual Items Excluding Goodwill": 8000000.0,
        "Net Income From Continuing Operation Net Minority Interest": -36000000.0,
        "Reconciled Depreciation": 10000000.0,
        "Reconciled Cost Of Revenue": 810000000.0,
        "EBITDA": -46000000.0,
        "EBIT": -56000000.0,
        "Net Interest Income": 10000000.0,
        "Interest Income": NaN,
        "Normalized Income": -42320000.0,
        "Net Income From Continuing And Discontinued Operation": -36000000.0,
        "Total Expenses": 1092000000.0,
        "Total Operating Income As Reported": -56000000.0,
        "Diluted Average Shares": 541000000.0,
        "Basic Average Shares": 541000000.0,
        "Diluted EPS": -0.07,
        "Basic EPS": -0.07,
        "Diluted NI Availto Com Stockholders": -39000000.0,
        "Average Dilution Earnings": -3000000.0,
        "Net Income Common Stockholders": -36000000.0,
        "Net Income": -36000000.0,
        "Net Income Including Noncontrolling Interests": -36000000.0,
        "Net Income Continuous Operations": -36000000.0,
        "Tax Provision": 1000000.0,
        "Pretax Income": -35000000.0,
        "Other Income Expense": 11000000.0,
        "Other Non Operating Income Expenses": NaN,
        "Special Income Charges": NaN,
        "Restructuring And Mergern Acquisition": NaN,
        "Gain On Sale Of Security": 8000000.0,
        "Net Non Operating Interest Income Expense": 10000000.0,
        "Total Other Finance Cost": NaN,
        "Interest Income Non Operating": NaN,
        "Operating Income": -56000000.0,
        "Operating Expense": 282000000.0,
        "Research And Development": 94000000.0,
        "Selling General And Administration": 188000000.0,
        "Selling And Marketing Expense": 102000000.0,
        "General And Administrative Expense": 86000000.0,
        "Other Gand A": 86000000.0,
        "Gross Profit": 226000000.0,
        "Cost Of Revenue": 810000000.0,
        "Total Revenue": 1036000000.0,
        "Operating Revenue": 1036000000.0
    },
    "2024-03-31": {
        "Tax Effect Of Unusual Items": -16170000.0,
        "Tax Rate For Calcs": 0.21,
        "Normalized EBITDA": 73000000.0,
        "Total Unusual Items": -77000000.0,
        "Total Unusual Items Excluding Goodwill": -77000000.0,
        "Net Income From Continuing Operation Net Minority Interest": -83000000.0,
        "Reconciled Depreciation": 11000000.0,
        "Reconciled Cost Of Revenue": 826000000.0,
        "EBITDA": -4000000.0,
        "EBIT": -15000000.0,
        "Net Interest Income": 10000000.0,
        "Interest Income": NaN,
        "Normalized Income": -22170000.0,
        "Net Income From Continuing And Discontinued Operation": -83000000.0,
        "Total Expenses": 1090000000.0,
        "Total Operating Income As Reported": -56000000.0,
        "Diluted Average Shares": 547000000.0,
        "Basic Average Shares": 547000000.0,
        "Diluted EPS": -0.15,
        "Basic EPS": -0.15,
        "Diluted NI Availto Com Stockholders": -83000000.0,
        "Average Dilution Earnings": 0.0,
        "Net Income Common Stockholders": -83000000.0,
        "Net Income": -83000000.0,
        "Net Income Including Noncontrolling Interests": -83000000.0,
        "Net Income Continuous Operations": -83000000.0,
        "Tax Provision": 1000000.0,
        "Pretax Income": -82000000.0,
        "Other Income Expense": -77000000.0,
        "Other Non Operating Income Expenses": NaN,
        "Special Income Charges": -41000000.0,
        "Restructuring And Mergern Acquisition": 41000000.0,
        "Gain On Sale Of Security": -36000000.0,
        "Net Non Operating Interest Income Expense": 10000000.0,
        "Total Other Finance Cost": -10000000.0,
        "Interest Income Non Operating": NaN,
        "Operating Income": -15000000.0,
        "Operating Expense": 264000000.0,
        "Research And Development": 83000000.0,
        "Selling General And Administration": 181000000.0,
        "Selling And Marketing Expense": 107000000.0,
        "General And Administrative Expense": 74000000.0,
        "Other Gand A": 74000000.0,
        "Gross Profit": 249000000.0,
        "Cost Of Revenue": 826000000.0,
        "Total Revenue": 1075000000.0,
        "Operating Revenue": 1075000000.0
    },
    "2024-06-30": {
        "Tax Effect Of Unusual Items": 0.0,
        "Tax Rate For Calcs": 0.0,
        "Normalized EBITDA": 26000000.0,
        "Total Unusual Items": -5000000.0,
        "Total Unusual Items Excluding Goodwill": -5000000.0,
        "Net Income From Continuing Operation Net Minority Interest": 14000000.0,
        "Reconciled Depreciation": 12000000.0,
        "Reconciled Cost Of Revenue": 956000000.0,
        "EBITDA": 21000000.0,
        "EBIT": 9000000.0,
        "Net Interest Income": 10000000.0,
        "Interest Income": 10000000.0,
        "Normalized Income": 19000000.0,
        "Net Income From Continuing And Discontinued Operation": 14000000.0,
        "Total Expenses": 1233000000.0,
        "Total Operating Income As Reported": 5000000.0,
        "Diluted Average Shares": 587000000.0,
        "Basic Average Shares": 556000000.0,
        "Diluted EPS": 0.02,
        "Basic EPS": 0.03,
        "Diluted NI Availto Com Stockholders": 14000000.0,
        "Average Dilution Earnings": NaN,
        "Net Income Common Stockholders": 14000000.0,
        "Net Income": 14000000.0,
        "Net Income Including Noncontrolling Interests": 14000000.0,
        "Net Income Continuous Operations": 14000000.0,
        "Tax Provision": 0.0,
        "Pretax Income": 14000000.0,
        "Other Income Expense": -5000000.0,
        "Other Non Operating Income Expenses": NaN,
        "Special Income Charges": -4000000.0,
        "Restructuring And Mergern Acquisition": 4000000.0,
        "Gain On Sale Of Security": -1000000.0,
        "Net Non Operating Interest Income Expense": 10000000.0,
        "Total Other Finance Cost": NaN,
        "Interest Income Non Operating": 10000000.0,
        "Operating Income": 9000000.0,
        "Operating Expense": 277000000.0,
        "Research And Development": 87000000.0,
        "Selling General And Administration": 190000000.0,
        "Selling And Marketing Expense": 115000000.0,
        "General And Administrative Expense": 75000000.0,
        "Other Gand A": 75000000.0,
        "Gross Profit": 286000000.0,
        "Cost Of Revenue": 956000000.0,
        "Total Revenue": 1242000000.0,
        "Operating Revenue": 1242000000.0
    }
}