{
    "2023-03-31": {
        "Tax Effect Of Unusual Items": -1194589.2,
        "Tax Rate For Calcs": 0.2003,
        "Total Unusual Items": -5964000.0,
        "Total Unusual Items Excluding Goodwill": -5964000.0,
        "Net Income From Continuing Operation Net Minority Interest": 38333000.0,
        "Reconciled Depreciation": 8411000.0,
        "Net Interest Income": 123378000.0,
        "Interest Expense": 40018000.0,
        "Interest Income": 163396000.0,
        "Normalized Income": 43102410.8,
        "Net Income From Continuing And Discontinued Operation": 38333000.0,
        "Diluted Average Shares": 74390614.0,
        "Basic Average Shares": 74363222.0,
        "Diluted EPS": 0.52,
        "Basic EPS": 0.52,
        "Diluted NI Availto Com Stockholders": 38333000.0,
        "Net Income Common Stockholders": 38333000.0,
        "Net Income": 38333000.0,
        "Minority Interests": -145000.0,
        "Net Income Including Noncontrolling Interests": 38478000.0,
        "Net Income Continuous Operations": 38478000.0,
        "Tax Provision": 9599000.0,
        "Pretax Income": 48077000.0,
        "Special Income Charges": -5964000.0,
        "Other Special Charges": 3756000.0,
        "Restructuring And Mergern Acquisition": 5964000.0,
        "Gain On Sale Of Security": 0.0,
        "Depreciation Amortization Depletion Income Statement": 3524000.0,
        "Depreciation And Amortization In Income Statement": 3524000.0,
        "Amortization": 3524000.0,
        "Amortization Of Intangibles Income Statement": 3524000.0,
        "Selling General And Administration": 75828000.0,
        "Selling And Marketing Expense": 4401000.0,
        "General And Administrative Expense": 71427000.0,
        "Other Gand A": NaN,
        "Insurance And Claims": 1613000.0,
        "Salaries And Wages": 69814000.0,
        "Total Revenue": 184144000.0,
        "Operating Revenue": 184144000.0
    },
    "2022-12-31": {
        "Tax Effect Of Unusual Items": NaN,
        "Tax Rate For Calcs": NaN,
        "Total Unusual Items": NaN,
        "Total Unusual Items Excluding Goodwill": NaN,
        "Net Income From Continuing Operation Net Minority Interest": NaN,
        "Reconciled Depreciation": NaN,
        "Net Interest Income": NaN,
        "Interest Expense": NaN,
        "Interest Income": NaN,
        "Normalized Income": NaN,
        "Net Income From Continuing And Discontinued Operation": NaN,
        "Diluted Average Shares": NaN,
        "Basic Average Shares": NaN,
        "Diluted EPS": NaN,
        "Basic EPS": NaN,
        "Diluted NI Availto Com Stockholders": NaN,
        "Net Income Common Stockholders": NaN,
        "Net Income": NaN,
        "Minority Interests": NaN,
        "Net Income Including Noncontrolling Interests": NaN,
        "Net Income Continuous Operations": NaN,
        "Tax Provision": NaN,
        "Pretax Income": NaN,
        "Special Income Charges": NaN,
        "Other Special Charges": NaN,
        "Restructuring And Mergern Acquisition": NaN,
        "Gain On Sale Of Security": 9249000.0,
        "Depreciation Amortization Depletion Income Statement": NaN,
        "Depreciation And Amortization In Income Statement": NaN,
        "Amortization": NaN,
        "Amortization Of Intangibles Income Statement": NaN,
        "Selling General And Administration": NaN,
        "Selling And Marketing Expense": NaN,
        "General And Administrative Expense": NaN,
        "Other Gand A": NaN,
        "Insurance And Claims": NaN,
        "Salaries And Wages": NaN,
        "Total Revenue": NaN,
        "Operating Revenue": NaN
    },
    "2022-09-30": {
        "Tax Effect Of Unusual Items": NaN,
        "Tax Rate For Calcs": NaN,
        "Total Unusual Items": NaN,
        "Total Unusual Items Excluding Goodwill": NaN,
        "Net Income From Continuing Operation Net Minority Interest": NaN,
        "Reconciled Depreciation": NaN,
        "Net Interest Income": NaN,
        "Interest Expense": NaN,
        "Interest Income": NaN,
        "Normalized Income": NaN,
        "Net Income From Continuing And Discontinued Operation": NaN,
        "Diluted Average Shares": 72594474.0,
        "Basic Average Shares": 72578736.0,
        "Diluted EPS": 0.69,
        "Basic EPS": 0.69,
        "Diluted NI Availto Com Stockholders": NaN,
        "Net Income Common Stockholders": NaN,
        "Net Income": NaN,
        "Minority Interests": NaN,
        "Net Income Including Noncontrolling Interests": NaN,
        "Net Income Continuous Operations": NaN,
        "Tax Provision": NaN,
        "Pretax Income": NaN,
        "Special Income Charges": NaN,
        "Other Special Charges": 3540000.0,
        "Restructuring And Mergern Acquisition": NaN,
        "Gain On Sale Of Security": NaN,
        "Depreciation Amortization Depletion Income Statement": NaN,
        "Depreciation And Amortization In Income Statement": NaN,
        "Amortization": NaN,
        "Amortization Of Intangibles Income Statement": NaN,
        "Selling General And Administration": NaN,
        "Selling And Marketing Expense": NaN,
        "General And Administrative Expense": NaN,
        "Other Gand A": 6780000.0,
        "Insurance And Claims": NaN,
        "Salaries And Wages": NaN,
        "Total Revenue": NaN,
        "Operating Revenue": NaN
    },
    "2022-06-30": {
        "Tax Effect Of Unusual Items": -637753.2,
        "Tax Rate For Calcs": 0.1932,
        "Total Unusual Items": -3301000.0,
        "Total Unusual Items Excluding Goodwill": -3301000.0,
        "Net Income From Continuing Operation Net Minority Interest": 46547000.0,
        "Reconciled Depreciation": 7131000.0,
        "Net Interest Income": 109340000.0,
        "Interest Expense": 10799000.0,
        "Interest Income": 120139000.0,
        "Normalized Income": 49210246.8,
        "Net Income From Continuing And Discontinued Operation": 46547000.0,
        "Diluted Average Shares": 72568886.0,
        "Basic Average Shares": 72559537.0,
        "Diluted EPS": 0.64,
        "Basic EPS": 0.64,
        "Diluted NI Availto Com Stockholders": 46547000.0,
        "Net Income Common Stockholders": 46547000.0,
        "Net Income": 46547000.0,
        "Minority Interests": -507000.0,
        "Net Income Including Noncontrolling Interests": 47054000.0,
        "Net Income Continuous Operations": 47054000.0,
        "Tax Provision": 11145000.0,
        "Pretax Income": 58199000.0,
        "Special Income Charges": -3301000.0,
        "Other Special Charges": 3250000.0,
        "Restructuring And Mergern Acquisition": 51000.0,
        "Gain On Sale Of Security": 0.0,
        "Depreciation Amortization Depletion Income Statement": 2684000.0,
        "Depreciation And Amortization In Income Statement": 2684000.0,
        "Amortization": 2684000.0,
        "Amortization Of Intangibles Income Statement": 2684000.0,
        "Selling General And Administration": 77583000.0,
        "Selling And Marketing Expense": 4091000.0,
        "General And Administrative Expense": 73492000.0,
        "Other Gand A": 6796000.0,
        "Insurance And Claims": 1173000.0,
        "Salaries And Wages": 65523000.0,
        "Total Revenue": 166980000.0,
        "Operating Revenue": 166980000.0
    },
    "2022-03-31": {
        "Diluted EPS": 0.63,
        "Total Revenue": 175,
        "Gross Profit": 165,
        "Operating Income": 57,
        "EBIT": NaN,
        "Net Income": 46
    },
    "2021-12-31": {
        "Diluted EPS": 0.56,
        "Total Revenue": 169,
        "Gross Profit": 160,
        "Operating Income": 51,
        "EBIT": NaN,
        "Net Income": 40
    },
    "2021-09-30": {
        "Diluted EPS": 0.69,
        "Total Revenue": 179,
        "Gross Profit": 170,
        "Operating Income": 68,
        "EBIT": NaN,
        "Net Income": 50
    },
    "2021-06-30": {
        "Diluted EPS": 0.77,
        "Total Revenue": 178,
        "Gross Profit": 167,
        "Operating Income": 72,
        "EBIT": NaN,
        "Net Income": 56
    },
    "2021-03-31": {
        "Diluted EPS": 0.95,
        "Total Revenue": 195,
        "Gross Profit": 183,
        "Operating Income": 89,
        "EBIT": NaN,
        "Net Income": 69
    },
    "2020-12-31": {
        "Diluted EPS": 0.69,
        "Total Revenue": 187,
        "Gross Profit": 172,
        "Operating Income": 64,
        "EBIT": NaN,
        "Net Income": 50
    },
    "2020-09-30": {
        "Diluted EPS": 0.48,
        "Total Revenue": 211,
        "Gross Profit": 192,
        "Operating Income": 59,
        "EBIT": NaN,
        "Net Income": 34
    },
    "2020-06-30": {
        "Diluted EPS": 0.48,
        "Total Revenue": 184,
        "Gross Profit": 163,
        "Operating Income": 45,
        "EBIT": NaN,
        "Net Income": 35
    },
    "2020-03-31": {
        "Diluted EPS": 0.36,
        "Total Revenue": 162,
        "Gross Profit": 138,
        "Operating Income": 34,
        "EBIT": NaN,
        "Net Income": 26
    },
    "2019-12-31": {
        "Diluted EPS": 0.48,
        "Total Revenue": 166,
        "Gross Profit": 140,
        "Operating Income": 44,
        "EBIT": NaN,
        "Net Income": 35
    },
    "2019-09-30": {
        "Diluted EPS": 0.52,
        "Total Revenue": 174,
        "Gross Profit": 146,
        "Operating Income": 47,
        "EBIT": NaN,
        "Net Income": 38
    },
    "2019-06-30": {
        "Diluted EPS": 0.48,
        "Total Revenue": 173,
        "Gross Profit": 145,
        "Operating Income": 45,
        "EBIT": NaN,
        "Net Income": 35
    },
    "2019-03-31": {
        "Diluted EPS": 0.44,
        "Total Revenue": 160,
        "Gross Profit": 134,
        "Operating Income": 40,
        "EBIT": NaN,
        "Net Income": 31
    },
    "2018-12-31": {
        "Diluted EPS": 0.51,
        "Total Revenue": 157,
        "Gross Profit": 131,
        "Operating Income": 47,
        "EBIT": NaN,
        "Net Income": 36
    },
    "2018-09-30": {
        "Diluted EPS": 0.53,
        "Total Revenue": 160,
        "Gross Profit": 138,
        "Operating Income": 48,
        "EBIT": NaN,
        "Net Income": 38
    },
    "2018-06-30": {
        "Diluted EPS": 0.48,
        "Total Revenue": 155,
        "Gross Profit": 137,
        "Operating Income": 45,
        "EBIT": NaN,
        "Net Income": 35
    },
    "2018-03-31": {
        "Diluted EPS": 0.36,
        "Total Revenue": 142,
        "Gross Profit": 126,
        "Operating Income": 32,
        "EBIT": NaN,
        "Net Income": 25
    },
    "2017-12-31": {
        "Diluted EPS": 0.2,
        "Total Revenue": 122,
        "Gross Profit": 109,
        "Operating Income": 42,
        "EBIT": NaN,
        "Net Income": 12
    },
    "2017-09-30": {
        "Diluted EPS": 0.44,
        "Total Revenue": 127,
        "Gross Profit": 115,
        "Operating Income": 40,
        "EBIT": NaN,
        "Net Income": 27
    },
    "2017-06-30": {
        "Diluted EPS": 0.42,
        "Total Revenue": 129,
        "Gross Profit": 120,
        "Operating Income": 40,
        "EBIT": NaN,
        "Net Income": 26
    },
    "2017-03-31": {
        "Diluted EPS": 0.35,
        "Total Revenue": 115,
        "Gross Profit": 105,
        "Operating Income": 32,
        "EBIT": NaN,
        "Net Income": 22
    },
    "2016-12-31": {
        "Diluted EPS": 0.32,
        "Total Revenue": 111,
        "Gross Profit": 102,
        "Operating Income": 27,
        "EBIT": NaN,
        "Net Income": 19
    },
    "2016-09-30": {
        "Diluted EPS": 0.39,
        "Total Revenue": 119,
        "Gross Profit": 109,
        "Operating Income": 37,
        "EBIT": NaN,
        "Net Income": 24
    },
    "2016-06-30": {
        "Diluted EPS": 0.12,
        "Total Revenue": 93,
        "Gross Profit": 84,
        "Operating Income": 10,
        "EBIT": NaN,
        "Net Income": 6
    },
    "2016-03-31": {
        "Diluted EPS": 0.35,
        "Total Revenue": 87,
        "Gross Profit": 79,
        "Operating Income": 27,
        "EBIT": NaN,
        "Net Income": 18
    },
    "2015-12-31": {
        "Diluted EPS": 0.24,
        "Total Revenue": 80,
        "Gross Profit": 80,
        "Operating Income": 80,
        "EBIT": NaN,
        "Net Income": 12
    },
    "2015-09-30": {
        "Diluted EPS": 0.34,
        "Total Revenue": 84,
        "Gross Profit": 76,
        "Operating Income": 26,
        "EBIT": NaN,
        "Net Income": 18
    },
    "2015-06-30": {
        "Diluted EPS": 0.35,
        "Total Revenue": 86,
        "Gross Profit": 86,
        "Operating Income": 86,
        "EBIT": NaN,
        "Net Income": 18
    },
    "2015-03-31": {
        "Diluted EPS": 0.29,
        "Total Revenue": 80,
        "Gross Profit": 80,
        "Operating Income": 80,
        "EBIT": NaN,
        "Net Income": 15
    },
    "2014-12-31": {
        "Diluted EPS": 0.2,
        "Total Revenue": 66,
        "Gross Profit": 66,
        "Operating Income": 66,
        "EBIT": NaN,
        "Net Income": 7
    },
    "2014-09-30": {
        "Diluted EPS": 0.34,
        "Total Revenue": 70,
        "Gross Profit": 70,
        "Operating Income": 70,
        "EBIT": NaN,
        "Net Income": 12
    },
    "2014-06-30": {
        "Diluted EPS": 0.33,
        "Total Revenue": NaN,
        "Gross Profit": NaN,
        "Operating Income": NaN,
        "EBIT": NaN,
        "Net Income": 12
    },
    "2014-03-31": {
        "Diluted EPS": 0.31,
        "Total Revenue": NaN,
        "Gross Profit": NaN,
        "Operating Income": NaN,
        "EBIT": NaN,
        "Net Income": 11
    },
    "2013-12-31": {
        "Diluted EPS": 0.27,
        "Total Revenue": NaN,
        "Gross Profit": NaN,
        "Operating Income": NaN,
        "EBIT": NaN,
        "Net Income": 10
    },
    "2013-09-30": {
        "Diluted EPS": 0.28,
        "Total Revenue": NaN,
        "Gross Profit": NaN,
        "Operating Income": NaN,
        "EBIT": NaN,
        "Net Income": 10
    },
    "2013-06-30": {
        "Diluted EPS": 0.31,
        "Total Revenue": NaN,
        "Gross Profit": NaN,
        "Operating Income": NaN,
        "EBIT": NaN,
        "Net Income": 11
    },
    "2013-03-31": {
        "Diluted EPS": 0.29,
        "Total Revenue": 1,
        "Gross Profit": 1,
        "Operating Income": -44,
        "EBIT": NaN,
        "Net Income": 10
    },
    "2012-12-31": {
        "Diluted EPS": 0.27,
        "Total Revenue": 0,
        "Gross Profit": 0,
        "Operating Income": -43,
        "EBIT": NaN,
        "Net Income": 10
    },
    "2012-09-30": {
        "Diluted EPS": 0.26,
        "Total Revenue": 1,
        "Gross Profit": 1,
        "Operating Income": -45,
        "EBIT": NaN,
        "Net Income": 9
    },
    "2012-06-30": {
        "Diluted EPS": 0.26,
        "Total Revenue": 2,
        "Gross Profit": 2,
        "Operating Income": -43,
        "EBIT": NaN,
        "Net Income": 10
    },
    "2012-03-31": {
        "Diluted EPS": 0.25,
        "Total Revenue": 1,
        "Gross Profit": 1,
        "Operating Income": -41,
        "EBIT": NaN,
        "Net Income": 9
    },
    "2011-12-31": {
        "Diluted EPS": 0.22,
        "Total Revenue": 4,
        "Gross Profit": 4,
        "Operating Income": -35,
        "EBIT": NaN,
        "Net Income": 9
    },
    "2011-09-30": {
        "Diluted EPS": 0.17,
        "Total Revenue": 17,
        "Gross Profit": 17,
        "Operating Income": -22,
        "EBIT": NaN,
        "Net Income": 9
    },
    "2011-06-30": {
        "Diluted EPS": 0.18,
        "Total Revenue": NaN,
        "Gross Profit": NaN,
        "Operating Income": -44,
        "EBIT": NaN,
        "Net Income": 8
    },
    "2011-03-31": {
        "Diluted EPS": 0.19,
        "Total Revenue": 0,
        "Gross Profit": 0,
        "Operating Income": -38,
        "EBIT": NaN,
        "Net Income": 8
    },
    "2010-12-31": {
        "Diluted EPS": 0.19,
        "Total Revenue": NaN,
        "Gross Profit": NaN,
        "Operating Income": NaN,
        "EBIT": NaN,
        "Net Income": 8
    },
    "2010-09-30": {
        "Diluted EPS": 0.18,
        "Total Revenue": NaN,
        "Gross Profit": NaN,
        "Operating Income": -39,
        "EBIT": NaN,
        "Net Income": 8
    },
    "2010-06-30": {
        "Diluted EPS": 0.16,
        "Total Revenue": NaN,
        "Gross Profit": NaN,
        "Operating Income": -37,
        "EBIT": NaN,
        "Net Income": 7
    },
    "2010-03-31": {
        "Diluted EPS": 0.19,
        "Total Revenue": NaN,
        "Gross Profit": NaN,
        "Operating Income": NaN,
        "EBIT": NaN,
        "Net Income": 8
    },
    "2009-12-31": {
        "Diluted EPS": 0.17,
        "Total Revenue": NaN,
        "Gross Profit": NaN,
        "Operating Income": NaN,
        "EBIT": NaN,
        "Net Income": 7
    },
    "2009-09-30": {
        "Diluted EPS": 0.19,
        "Total Revenue": NaN,
        "Gross Profit": NaN,
        "Operating Income": NaN,
        "EBIT": NaN,
        "Net Income": 7
    },
    "2009-06-30": {
        "Diluted EPS": 0.16,
        "Total Revenue": NaN,
        "Gross Profit": NaN,
        "Operating Income": NaN,
        "EBIT": NaN,
        "Net Income": 6
    },
    "2009-03-31": {
        "Diluted EPS": 0.14,
        "Total Revenue": 38,
        "Gross Profit": 38,
        "Operating Income": 9,
        "EBIT": NaN,
        "Net Income": 7
    },
    "2023-06-30": {
        "Tax Effect Of Unusual Items": -1186892.7,
        "Tax Rate For Calcs": 0.1841,
        "Total Unusual Items": -6447000.0,
        "Total Unusual Items Excluding Goodwill": -6447000.0,
        "Net Income From Continuing Operation Net Minority Interest": 41716000.0,
        "Reconciled Depreciation": 8654000.0,
        "Net Interest Income": 113611000.0,
        "Interest Expense": 61252000.0,
        "Interest Income": 174863000.0,
        "Normalized Income": 46976107.3,
        "Net Income From Continuing And Discontinued Operation": 41716000.0,
        "Diluted Average Shares": 74699810.0,
        "Basic Average Shares": 74691121.0,
        "Diluted EPS": 0.56,
        "Basic EPS": 0.56,
        "Diluted NI Availto Com Stockholders": 41716000.0,
        "Net Income Common Stockholders": 41716000.0,
        "Net Income": 41716000.0,
        "Minority Interests": -1652000.0,
        "Net Income Including Noncontrolling Interests": 43368000.0,
        "Net Income Continuous Operations": 43368000.0,
        "Tax Provision": 9416000.0,
        "Pretax Income": 52784000.0,
        "Special Income Charges": -6447000.0,
        "Other Special Charges": 3449000.0,
        "Restructuring And Mergern Acquisition": 2998000.0,
        "Gain On Sale Of Security": NaN,
        "Depreciation Amortization Depletion Income Statement": 3610000.0,
        "Depreciation And Amortization In Income Statement": 3610000.0,
        "Amortization": 3610000.0,
        "Amortization Of Intangibles Income Statement": 3610000.0,
        "Selling General And Administration": 80247000.0,
        "Selling And Marketing Expense": 3959000.0,
        "General And Administrative Expense": 76288000.0,
        "Other Gand A": 3617000.0,
        "Insurance And Claims": 3702000.0,
        "Salaries And Wages": 68969000.0,
        "Total Revenue": 181568000.0,
        "Operating Revenue": 181568000.0
    },
    "2023-09-30": {
        "Tax Effect Of Unusual Items": -99184.8,
        "Tax Rate For Calcs": 0.1734,
        "Total Unusual Items": -572000.0,
        "Total Unusual Items Excluding Goodwill": -572000.0,
        "Net Income From Continuing Operation Net Minority Interest": 44862000.0,
        "Reconciled Depreciation": 8650000.0,
        "Net Interest Income": 113058000.0,
        "Interest Expense": 69798000.0,
        "Interest Income": 182856000.0,
        "Normalized Income": 45334815.2,
        "Net Income From Continuing And Discontinued Operation": 44862000.0,
        "Diluted Average Shares": 74765515.0,
        "Basic Average Shares": 74750294.0,
        "Diluted EPS": 0.6,
        "Basic EPS": 0.6,
        "Diluted NI Availto Com Stockholders": 44862000.0,
        "Net Income Common Stockholders": 44862000.0,
        "Net Income": 44862000.0,
        "Minority Interests": 117000.0,
        "Net Income Including Noncontrolling Interests": 44745000.0,
        "Net Income Continuous Operations": 44745000.0,
        "Tax Provision": 9410000.0,
        "Pretax Income": 54155000.0,
        "Special Income Charges": -572000.0,
        "Other Special Charges": NaN,
        "Restructuring And Mergern Acquisition": 572000.0,
        "Gain On Sale Of Security": 554000.0,
        "Depreciation Amortization Depletion Income Statement": 3610000.0,
        "Depreciation And Amortization In Income Statement": 3610000.0,
        "Amortization": 3610000.0,
        "Amortization Of Intangibles Income Statement": 3610000.0,
        "Selling General And Administration": 74374000.0,
        "Selling And Marketing Expense": 3653000.0,
        "General And Administrative Expense": 70721000.0,
        "Other Gand A": NaN,
        "Insurance And Claims": 2736000.0,
        "Salaries And Wages": 67985000.0,
        "Total Revenue": 172864000.0,
        "Operating Revenue": 172864000.0
    },
    "2023-12-31": {
        "Tax Effect Of Unusual Items": -5116.323784,
        "Tax Rate For Calcs": 0.085272,
        "Total Unusual Items": -60000.0,
        "Total Unusual Items Excluding Goodwill": -60000.0,
        "Net Income From Continuing Operation Net Minority Interest": 28804000.0,
        "Reconciled Depreciation": 8509000.0,
        "Net Interest Income": 107733000.0,
        "Interest Expense": 76392000.0,
        "Interest Income": 184125000.0,
        "Normalized Income": 28858883.676216,
        "Net Income From Continuing And Discontinued Operation": 28804000.0,
        "Diluted Average Shares": NaN,
        "Basic Average Shares": NaN,
        "Diluted EPS": NaN,
        "Basic EPS": NaN,
        "Diluted NI Availto Com Stockholders": 28804000.0,
        "Net Income Common Stockholders": 28804000.0,
        "Net Income": 28804000.0,
        "Minority Interests": 259000.0,
        "Net Income Including Noncontrolling Interests": 28545000.0,
        "Net Income Continuous Operations": 28545000.0,
        "Tax Provision": 2661000.0,
        "Pretax Income": 31206000.0,
        "Special Income Charges": -60000.0,
        "Other Special Charges": NaN,
        "Restructuring And Mergern Acquisition": 60000.0,
        "Gain On Sale Of Security": 8953000.0,
        "Depreciation Amortization Depletion Income Statement": 3411000.0,
        "Depreciation And Amortization In Income Statement": 3411000.0,
        "Amortization": 3411000.0,
        "Amortization Of Intangibles Income Statement": 3411000.0,
        "Selling General And Administration": 78388000.0,
        "Selling And Marketing Expense": 3378000.0,
        "General And Administrative Expense": 75010000.0,
        "Other Gand A": NaN,
        "Insurance And Claims": 8178000.0,
        "Salaries And Wages": 66832000.0,
        "Total Revenue": 156513000.0,
        "Operating Revenue": 156513000.0
    },
    "2024-03-31": {
        "Tax Effect Of Unusual Items": -102994.5,
        "Tax Rate For Calcs": 0.1731,
        "Total Unusual Items": -595000.0,
        "Total Unusual Items Excluding Goodwill": -595000.0,
        "Net Income From Continuing Operation Net Minority Interest": 34687000.0,
        "Reconciled Depreciation": 8717000.0,
        "Net Interest Income": 103218000.0,
        "Interest Expense": 83702000.0,
        "Interest Income": 186920000.0,
        "Normalized Income": 35179005.5,
        "Net Income From Continuing And Discontinued Operation": 34687000.0,
        "Diluted Average Shares": 74979501.0,
        "Basic Average Shares": 74816420.0,
        "Diluted EPS": 0.46,
        "Basic EPS": 0.46,
        "Diluted NI Availto Com Stockholders": 34687000.0,
        "Net Income Common Stockholders": 34687000.0,
        "Net Income": 34687000.0,
        "Minority Interests": -440000.0,
        "Net Income Including Noncontrolling Interests": 35127000.0,
        "Net Income Continuous Operations": 35127000.0,
        "Tax Provision": 7261000.0,
        "Pretax Income": 42388000.0,
        "Special Income Charges": -595000.0,
        "Other Special Charges": NaN,
        "Restructuring And Mergern Acquisition": 595000.0,
        "Gain On Sale Of Security": 74000.0,
        "Depreciation Amortization Depletion Income Statement": 3246000.0,
        "Depreciation And Amortization In Income Statement": 3246000.0,
        "Amortization": 3246000.0,
        "Amortization Of Intangibles Income Statement": 3246000.0,
        "Selling General And Administration": 81638000.0,
        "Selling And Marketing Expense": 4582000.0,
        "General And Administrative Expense": 77056000.0,
        "Other Gand A": NaN,
        "Insurance And Claims": 4358000.0,
        "Salaries And Wages": 72698000.0,
        "Total Revenue": 167102000.0,
        "Operating Revenue": 167102000.0
    }
}