{
    "2023-03-31": {
        "Tax Effect Of Unusual Items": -1013544.0,
        "Tax Rate For Calcs": 0.252,
        "Normalized EBITDA": 19389000.0,
        "Total Unusual Items": -4022000.0,
        "Total Unusual Items Excluding Goodwill": -4022000.0,
        "Net Income From Continuing Operation Net Minority Interest": 7597000.0,
        "Reconciled Depreciation": 1547000.0,
        "Reconciled Cost Of Revenue": 52339000.0,
        "EBITDA": 15367000.0,
        "EBIT": 13820000.0,
        "Net Interest Income": -4010000.0,
        "Interest Expense": 4010000.0,
        "Normalized Income": 10605456.0,
        "Net Income From Continuing And Discontinued Operation": 7597000.0,
        "Total Expenses": 83114000.0,
        "Total Operating Income As Reported": 17842000.0,
        "Diluted Average Shares": 20669152.0,
        "Basic Average Shares": 17531414.0,
        "Diluted EPS": 0.41,
        "Basic EPS": 0.43,
        "Diluted NI Availto Com Stockholders": 8551000.0,
        "Average Dilution Earnings": 954000.0,
        "Net Income Common Stockholders": 7597000.0,
        "Net Income": 7597000.0,
        "Minority Interests": 255000.0,
        "Net Income Including Noncontrolling Interests": 7342000.0,
        "Net Income Continuous Operations": 7342000.0,
        "Tax Provision": 2468000.0,
        "Pretax Income": 9810000.0,
        "Other Income Expense": -4022000.0,
        "Special Income Charges": 777000.0,
        "Other Special Charges": -777000.0,
        "Gain On Sale Of Security": -4799000.0,
        "Net Non Operating Interest Income Expense": -4010000.0,
        "Interest Expense Non Operating": 4010000.0,
        "Operating Income": 17842000.0,
        "Operating Expense": 30775000.0,
        "Selling General And Administration": 30775000.0,
        "Gross Profit": 48617000.0,
        "Cost Of Revenue": 52339000.0,
        "Total Revenue": 100956000.0,
        "Operating Revenue": 100956000.0
    },
    "2022-12-31": {
        "Tax Effect Of Unusual Items": -6548055.972765,
        "Tax Rate For Calcs": 0.193101,
        "Normalized EBITDA": 19633000.0,
        "Total Unusual Items": -33910000.0,
        "Total Unusual Items Excluding Goodwill": -33910000.0,
        "Net Income From Continuing Operation Net Minority Interest": -16317000.0,
        "Reconciled Depreciation": 1315000.0,
        "Reconciled Cost Of Revenue": 53829000.0,
        "EBITDA": -14277000.0,
        "EBIT": -15592000.0,
        "Net Interest Income": -4382000.0,
        "Interest Expense": 4382000.0,
        "Normalized Income": 11044944.027235,
        "Net Income From Continuing And Discontinued Operation": -16317000.0,
        "Total Expenses": 85074000.0,
        "Total Operating Income As Reported": 18318000.0,
        "Diluted Average Shares": 17530278.0,
        "Basic Average Shares": 17530278.0,
        "Diluted EPS": -0.93,
        "Basic EPS": -0.93,
        "Diluted NI Availto Com Stockholders": -19479000.0,
        "Average Dilution Earnings": -3162000.0,
        "Net Income Common Stockholders": -16317000.0,
        "Net Income": -16317000.0,
        "Minority Interests": -200000.0,
        "Net Income Including Noncontrolling Interests": -16117000.0,
        "Net Income Continuous Operations": -16117000.0,
        "Tax Provision": -3857000.0,
        "Pretax Income": -19974000.0,
        "Other Income Expense": -33910000.0,
        "Special Income Charges": -26681000.0,
        "Other Special Charges": NaN,
        "Gain On Sale Of Security": -7229000.0,
        "Net Non Operating Interest Income Expense": -4382000.0,
        "Interest Expense Non Operating": 4382000.0,
        "Operating Income": 18318000.0,
        "Operating Expense": 31245000.0,
        "Selling General And Administration": 31245000.0,
        "Gross Profit": 49563000.0,
        "Cost Of Revenue": 53829000.0,
        "Total Revenue": 103392000.0,
        "Operating Revenue": 103392000.0
    },
    "2022-09-30": {
        "Tax Effect Of Unusual Items": 18900.0,
        "Tax Rate For Calcs": 0.252,
        "Normalized EBITDA": 21136000.0,
        "Total Unusual Items": 75000.0,
        "Total Unusual Items Excluding Goodwill": 75000.0,
        "Net Income From Continuing Operation Net Minority Interest": 11536000.0,
        "Reconciled Depreciation": 1315000.0,
        "Reconciled Cost Of Revenue": 55090000.0,
        "EBITDA": 21211000.0,
        "EBIT": 19896000.0,
        "Net Interest Income": -4802000.0,
        "Interest Expense": 4802000.0,
        "Normalized Income": 11479900.0,
        "Net Income From Continuing And Discontinued Operation": 11536000.0,
        "Total Expenses": 87981000.0,
        "Total Operating Income As Reported": 19821000.0,
        "Diluted Average Shares": 21102006.0,
        "Basic Average Shares": 17749294.0,
        "Diluted EPS": 0.6,
        "Basic EPS": 0.65,
        "Diluted NI Availto Com Stockholders": 12590000.0,
        "Average Dilution Earnings": 1054000.0,
        "Net Income Common Stockholders": 11536000.0,
        "Net Income": 11536000.0,
        "Minority Interests": 239000.0,
        "Net Income Including Noncontrolling Interests": 11297000.0,
        "Net Income Continuous Operations": 11297000.0,
        "Tax Provision": 3797000.0,
        "Pretax Income": 15094000.0,
        "Other Income Expense": 75000.0,
        "Special Income Charges": 0.0,
        "Other Special Charges": NaN,
        "Impairment Of Capital Assets": NaN,
        "Gain On Sale Of Security": 75000.0,
        "Net Non Operating Interest Income Expense": -4802000.0,
        "Interest Expense Non Operating": 4802000.0,
        "Operating Income": 19821000.0,
        "Operating Expense": 32891000.0,
        "Selling General And Administration": 32891000.0,
        "Gross Profit": 52712000.0,
        "Cost Of Revenue": 55090000.0,
        "Total Revenue": 107802000.0,
        "Operating Revenue": 107802000.0
    },
    "2022-06-30": {
        "Tax Effect Of Unusual Items": -1444664.0,
        "Tax Rate For Calcs": 0.232,
        "Normalized EBITDA": 19481000.0,
        "Total Unusual Items": -6227000.0,
        "Total Unusual Items Excluding Goodwill": -6227000.0,
        "Net Income From Continuing Operation Net Minority Interest": 5424000.0,
        "Reconciled Depreciation": 1335000.0,
        "Reconciled Cost Of Revenue": 51456000.0,
        "EBITDA": 13254000.0,
        "EBIT": 11919000.0,
        "Net Interest Income": -5144000.0,
        "Interest Expense": 5144000.0,
        "Normalized Income": 10206336.0,
        "Net Income From Continuing And Discontinued Operation": 5424000.0,
        "Total Expenses": 84779000.0,
        "Total Operating Income As Reported": 18146000.0,
        "Diluted Average Shares": 21443279.0,
        "Basic Average Shares": 18063259.0,
        "Diluted EPS": 0.3,
        "Basic EPS": 0.3,
        "Diluted NI Availto Com Stockholders": 6478000.0,
        "Average Dilution Earnings": 1054000.0,
        "Net Income Common Stockholders": 5424000.0,
        "Net Income": 5424000.0,
        "Minority Interests": 218000.0,
        "Net Income Including Noncontrolling Interests": 5206000.0,
        "Net Income Continuous Operations": 5206000.0,
        "Tax Provision": 1569000.0,
        "Pretax Income": 6775000.0,
        "Other Income Expense": -6227000.0,
        "Special Income Charges": NaN,
        "Other Special Charges": NaN,
        "Impairment Of Capital Assets": NaN,
        "Gain On Sale Of Security": -6227000.0,
        "Net Non Operating Interest Income Expense": -5144000.0,
        "Interest Expense Non Operating": 5144000.0,
        "Operating Income": 18146000.0,
        "Operating Expense": 33323000.0,
        "Selling General And Administration": 33323000.0,
        "Gross Profit": 51469000.0,
        "Cost Of Revenue": 51456000.0,
        "Total Revenue": 102925000.0,
        "Operating Revenue": 102925000.0
    },
    "2023-06-30": {
        "Tax Effect Of Unusual Items": -890880.0,
        "Tax Rate For Calcs": 0.256,
        "Normalized EBITDA": 22075000.0,
        "Total Unusual Items": -3480000.0,
        "Total Unusual Items Excluding Goodwill": -3480000.0,
        "Net Income From Continuing Operation Net Minority Interest": 9925000.0,
        "Reconciled Depreciation": 1530000.0,
        "Reconciled Cost Of Revenue": 53117000.0,
        "EBITDA": 18595000.0,
        "EBIT": 17065000.0,
        "Net Interest Income": -4019000.0,
        "Interest Expense": 4019000.0,
        "Normalized Income": 12514120.0,
        "Net Income From Continuing And Discontinued Operation": 9925000.0,
        "Total Expenses": 85050000.0,
        "Total Operating Income As Reported": 20545000.0,
        "Diluted Average Shares": 20409943.0,
        "Basic Average Shares": 17584241.0,
        "Diluted EPS": 0.53,
        "Basic EPS": 0.56,
        "Diluted NI Availto Com Stockholders": 10771000.0,
        "Average Dilution Earnings": 846000.0,
        "Net Income Common Stockholders": 9925000.0,
        "Net Income": 9925000.0,
        "Minority Interests": 217000.0,
        "Net Income Including Noncontrolling Interests": 9708000.0,
        "Net Income Continuous Operations": 9708000.0,
        "Tax Provision": 3338000.0,
        "Pretax Income": 13046000.0,
        "Other Income Expense": -3480000.0,
        "Special Income Charges": 600000.0,
        "Other Special Charges": -600000.0,
        "Gain On Sale Of Security": -4080000.0,
        "Net Non Operating Interest Income Expense": -4019000.0,
        "Interest Expense Non Operating": 4019000.0,
        "Operating Income": 20545000.0,
        "Operating Expense": 31933000.0,
        "Selling General And Administration": 31933000.0,
        "Gross Profit": 52478000.0,
        "Cost Of Revenue": 53117000.0,
        "Total Revenue": 105595000.0,
        "Operating Revenue": 105595000.0
    },
    "2022-03-31": {
        "Diluted EPS": 0.55,
        "Total Revenue": 101,
        "Gross Profit": 52,
        "Operating Income": 19,
        "EBIT": 21,
        "Net Income": 11
    },
    "2021-12-31": {
        "Diluted EPS": 0.57,
        "Total Revenue": 105,
        "Gross Profit": 50,
        "Operating Income": 19,
        "EBIT": 21,
        "Net Income": 11
    },
    "2021-09-30": {
        "Diluted EPS": 0.65,
        "Total Revenue": 110,
        "Gross Profit": 54,
        "Operating Income": 22,
        "EBIT": 24,
        "Net Income": 13
    },
    "2021-06-30": {
        "Diluted EPS": 0.73,
        "Total Revenue": 123,
        "Gross Profit": 60,
        "Operating Income": 25,
        "EBIT": 27,
        "Net Income": 15
    },
    "2021-03-31": {
        "Diluted EPS": 0.57,
        "Total Revenue": 108,
        "Gross Profit": 53,
        "Operating Income": 24,
        "EBIT": 26,
        "Net Income": 12
    },
    "2020-12-31": {
        "Diluted EPS": 0.7,
        "Total Revenue": 105,
        "Gross Profit": 52,
        "Operating Income": 22,
        "EBIT": 24,
        "Net Income": 14
    },
    "2020-09-30": {
        "Diluted EPS": 0.44,
        "Total Revenue": 104,
        "Gross Profit": 48,
        "Operating Income": 16,
        "EBIT": 18,
        "Net Income": 9
    },
    "2020-06-30": {
        "Diluted EPS": 0.49,
        "Total Revenue": 105,
        "Gross Profit": 48,
        "Operating Income": 17,
        "EBIT": 19,
        "Net Income": 10
    },
    "2020-03-31": {
        "Diluted EPS": 0.22,
        "Total Revenue": 91,
        "Gross Profit": 41,
        "Operating Income": 9,
        "EBIT": 11,
        "Net Income": 4
    },
    "2019-12-31": {
        "Diluted EPS": -0.52,
        "Total Revenue": 80,
        "Gross Profit": 13,
        "Operating Income": -18,
        "EBIT": -16,
        "Net Income": -10
    },
    "2019-09-30": {
        "Diluted EPS": 0.31,
        "Total Revenue": 97,
        "Gross Profit": 43,
        "Operating Income": 13,
        "EBIT": 15,
        "Net Income": 6
    },
    "2019-06-30": {
        "Diluted EPS": 0.66,
        "Total Revenue": 93,
        "Gross Profit": 41,
        "Operating Income": 20,
        "EBIT": 21,
        "Net Income": 13
    },
    "2019-03-31": {
        "Diluted EPS": 0.33,
        "Total Revenue": 92,
        "Gross Profit": 40,
        "Operating Income": 12,
        "EBIT": 13,
        "Net Income": 7
    },
    "2018-12-31": {
        "Diluted EPS": 0.26,
        "Total Revenue": 94,
        "Gross Profit": 39,
        "Operating Income": 11,
        "EBIT": 12,
        "Net Income": 5
    },
    "2018-09-30": {
        "Diluted EPS": 0.4,
        "Total Revenue": 83,
        "Gross Profit": 36,
        "Operating Income": 13,
        "EBIT": 14,
        "Net Income": 8
    },
    "2018-06-30": {
        "Diluted EPS": 0.47,
        "Total Revenue": 81,
        "Gross Profit": 36,
        "Operating Income": 15,
        "EBIT": 16,
        "Net Income": 9
    },
    "2018-03-31": {
        "Diluted EPS": 0.15,
        "Total Revenue": 74,
        "Gross Profit": 32,
        "Operating Income": 10,
        "EBIT": 11,
        "Net Income": 3
    },
    "2017-12-31": {
        "Diluted EPS": 0.18,
        "Total Revenue": 74,
        "Gross Profit": 32,
        "Operating Income": 11,
        "EBIT": 12,
        "Net Income": 4
    },
    "2017-09-30": {
        "Diluted EPS": 0.38,
        "Total Revenue": 73,
        "Gross Profit": 33,
        "Operating Income": 14,
        "EBIT": 15,
        "Net Income": 7
    },
    "2017-06-30": {
        "Diluted EPS": 0.38,
        "Total Revenue": 72,
        "Gross Profit": 32,
        "Operating Income": 14,
        "EBIT": 14,
        "Net Income": 7
    },
    "2017-03-31": {
        "Diluted EPS": 0.1,
        "Total Revenue": 67,
        "Gross Profit": 28,
        "Operating Income": 11,
        "EBIT": 12,
        "Net Income": 2
    },
    "2016-12-31": {
        "Diluted EPS": 0.83,
        "Total Revenue": 54,
        "Gross Profit": 26,
        "Operating Income": 10,
        "EBIT": 11,
        "Net Income": 17
    },
    "2016-09-30": {
        "Diluted EPS": 0.34,
        "Total Revenue": 51,
        "Gross Profit": 25,
        "Operating Income": 12,
        "EBIT": 13,
        "Net Income": 7
    },
    "2016-06-30": {
        "Diluted EPS": 0.05,
        "Total Revenue": 52,
        "Gross Profit": 25,
        "Operating Income": 11,
        "EBIT": 12,
        "Net Income": 1
    },
    "2016-03-31": {
        "Diluted EPS": 0.27,
        "Total Revenue": 50,
        "Gross Profit": 25,
        "Operating Income": 11,
        "EBIT": 12,
        "Net Income": 2
    },
    "2015-12-31": {
        "Diluted EPS": 0.28,
        "Total Revenue": 47,
        "Gross Profit": 24,
        "Operating Income": 11,
        "EBIT": 12,
        "Net Income": 2
    },
    "2015-09-30": {
        "Diluted EPS": 0.57,
        "Total Revenue": 51,
        "Gross Profit": 25,
        "Operating Income": 14,
        "EBIT": 14,
        "Net Income": 5
    },
    "2015-06-30": {
        "Diluted EPS": -0.2,
        "Total Revenue": 48,
        "Gross Profit": 23,
        "Operating Income": 8,
        "EBIT": 9,
        "Net Income": -1
    },
    "2015-03-31": {
        "Diluted EPS": 0.41,
        "Total Revenue": 51,
        "Gross Profit": 25,
        "Operating Income": 12,
        "EBIT": 13,
        "Net Income": 3
    },
    "2014-12-31": {
        "Diluted EPS": 0.0,
        "Total Revenue": NaN,
        "Gross Profit": NaN,
        "Operating Income": NaN,
        "EBIT": NaN,
        "Net Income": NaN
    },
    "2014-03-31": {
        "Diluted EPS": 0.0,
        "Total Revenue": 51,
        "Gross Profit": 25,
        "Operating Income": 12,
        "EBIT": 13,
        "Net Income": 3
    },
    "2023-09-30": {
        "Tax Effect Of Unusual Items": -416340.0,
        "Tax Rate For Calcs": 0.257,
        "Normalized EBITDA": 21863000.0,
        "Total Unusual Items": -1620000.0,
        "Total Unusual Items Excluding Goodwill": -1620000.0,
        "Net Income From Continuing Operation Net Minority Interest": 10831000.0,
        "Reconciled Depreciation": 1626000.0,
        "Reconciled Cost Of Revenue": 50100000.0,
        "EBITDA": 20243000.0,
        "EBIT": 18617000.0,
        "Net Interest Income": -3984000.0,
        "Interest Expense": 3984000.0,
        "Normalized Income": 12034660.0,
        "Net Income From Continuing And Discontinued Operation": 10831000.0,
        "Total Expenses": 81485000.0,
        "Total Operating Income As Reported": 20237000.0,
        "Diluted Average Shares": 20098450.0,
        "Basic Average Shares": 17595980.0,
        "Diluted EPS": 0.58,
        "Basic EPS": 0.62,
        "Diluted NI Availto Com Stockholders": 11574000.0,
        "Average Dilution Earnings": 743000.0,
        "Net Income Common Stockholders": 10831000.0,
        "Net Income": 10831000.0,
        "Minority Interests": -35000.0,
        "Net Income Including Noncontrolling Interests": 10866000.0,
        "Net Income Continuous Operations": 10866000.0,
        "Tax Provision": 3767000.0,
        "Pretax Income": 14633000.0,
        "Other Income Expense": -1620000.0,
        "Special Income Charges": 481000.0,
        "Other Special Charges": -481000.0,
        "Gain On Sale Of Security": -2101000.0,
        "Net Non Operating Interest Income Expense": -3984000.0,
        "Interest Expense Non Operating": 3984000.0,
        "Operating Income": 20237000.0,
        "Operating Expense": 31385000.0,
        "Selling General And Administration": 31385000.0,
        "Gross Profit": 51622000.0,
        "Cost Of Revenue": 50100000.0,
        "Total Revenue": 101722000.0,
        "Operating Revenue": 101722000.0
    },
    "2023-12-31": {
        "Tax Effect Of Unusual Items": -236880.0,
        "Tax Rate For Calcs": 0.21,
        "Normalized EBITDA": 29608000.0,
        "Total Unusual Items": -1128000.0,
        "Total Unusual Items Excluding Goodwill": -1128000.0,
        "Net Income From Continuing Operation Net Minority Interest": 10109000.0,
        "Reconciled Depreciation": 1655000.0,
        "Reconciled Cost Of Revenue": 46596000.0,
        "EBITDA": 28480000.0,
        "EBIT": 26825000.0,
        "Net Interest Income": -2632000.0,
        "Interest Expense": 2632000.0,
        "Normalized Income": 11000120.0,
        "Net Income From Continuing And Discontinued Operation": 10109000.0,
        "Total Expenses": 73167000.0,
        "Total Operating Income As Reported": 23953000.0,
        "Diluted Average Shares": 20153157.0,
        "Basic Average Shares": 17604313.0,
        "Diluted EPS": 0.53,
        "Basic EPS": 0.57,
        "Diluted NI Availto Com Stockholders": 10230000.0,
        "Average Dilution Earnings": 121000.0,
        "Net Income Common Stockholders": 10109000.0,
        "Net Income": 10109000.0,
        "Minority Interests": 244000.0,
        "Net Income Including Noncontrolling Interests": 9865000.0,
        "Net Income Continuous Operations": 9865000.0,
        "Tax Provision": 14328000.0,
        "Pretax Income": 24193000.0,
        "Other Income Expense": 2872000.0,
        "Special Income Charges": -194000.0,
        "Other Special Charges": 194000.0,
        "Gain On Sale Of Security": -934000.0,
        "Net Non Operating Interest Income Expense": -2632000.0,
        "Interest Expense Non Operating": 2632000.0,
        "Operating Income": 23953000.0,
        "Operating Expense": 26571000.0,
        "Selling General And Administration": 30916000.0,
        "Gross Profit": 50524000.0,
        "Cost Of Revenue": 46596000.0,
        "Total Revenue": 97120000.0,
        "Operating Revenue": 97120000.0
    }
}