{
    "2023-03-31": {
        "Tax Effect Of Unusual Items": NaN,
        "Tax Rate For Calcs": NaN,
        "Net Income From Continuing Operation Net Minority Interest": NaN,
        "Reconciled Depreciation": NaN,
        "Net Interest Income": NaN,
        "Interest Expense": NaN,
        "Interest Income": NaN,
        "Normalized Income": NaN,
        "Net Income From Continuing And Discontinued Operation": NaN,
        "Diluted Average Shares": 309140849.0,
        "Basic Average Shares": 79499319.0,
        "Diluted EPS": -0.01,
        "Basic EPS": 0.27,
        "Diluted NI Availto Com Stockholders": NaN,
        "Average Dilution Earnings": NaN,
        "Net Income Common Stockholders": NaN,
        "Otherunder Preferred Stock Dividend": NaN,
        "Preferred Stock Dividends": NaN,
        "Net Income": NaN,
        "Minority Interests": NaN,
        "Net Income Including Noncontrolling Interests": NaN,
        "Net Income Continuous Operations": NaN,
        "Tax Provision": NaN,
        "Pretax Income": NaN,
        "Gain On Sale Of Security": NaN,
        "Operating Expense": NaN,
        "Depreciation And Amortization In Income Statement": NaN,
        "Depreciation Income Statement": NaN,
        "Selling General And Administration": NaN,
        "General And Administrative Expense": NaN,
        "Total Revenue": NaN,
        "Operating Revenue": NaN
    },
    "2022-12-31": {
        "Tax Effect Of Unusual Items": 0.0,
        "Tax Rate For Calcs": 0.21,
        "Net Income From Continuing Operation Net Minority Interest": 23641000.0,
        "Reconciled Depreciation": 8361000.0,
        "Net Interest Income": -6506000.0,
        "Interest Expense": 6506000.0,
        "Interest Income": 0.0,
        "Normalized Income": 23641000.0,
        "Net Income From Continuing And Discontinued Operation": 23641000.0,
        "Diluted Average Shares": NaN,
        "Basic Average Shares": NaN,
        "Diluted EPS": NaN,
        "Basic EPS": NaN,
        "Diluted NI Availto Com Stockholders": -10303000.0,
        "Average Dilution Earnings": -32525000.0,
        "Net Income Common Stockholders": 22222000.0,
        "Otherunder Preferred Stock Dividend": 1419000.0,
        "Preferred Stock Dividends": 0.0,
        "Net Income": 23641000.0,
        "Minority Interests": 33389000.0,
        "Net Income Including Noncontrolling Interests": -9748000.0,
        "Net Income Continuous Operations": -9748000.0,
        "Tax Provision": 8949000.0,
        "Pretax Income": -799000.0,
        "Gain On Sale Of Security": -11310000.0,
        "Operating Expense": 422985000.0,
        "Depreciation And Amortization In Income Statement": 8361000.0,
        "Depreciation Income Statement": 8361000.0,
        "Selling General And Administration": 94216000.0,
        "General And Administrative Expense": 94216000.0,
        "Total Revenue": 422186000.0,
        "Operating Revenue": 422186000.0
    },
    "2022-09-30": {
        "Tax Effect Of Unusual Items": NaN,
        "Tax Rate For Calcs": NaN,
        "Net Income From Continuing Operation Net Minority Interest": NaN,
        "Reconciled Depreciation": NaN,
        "Net Interest Income": NaN,
        "Interest Expense": NaN,
        "Interest Income": NaN,
        "Normalized Income": NaN,
        "Net Income From Continuing And Discontinued Operation": NaN,
        "Diluted Average Shares": 308919463.0,
        "Basic Average Shares": 79266822.0,
        "Diluted EPS": 0.09,
        "Basic EPS": 0.44,
        "Diluted NI Availto Com Stockholders": NaN,
        "Average Dilution Earnings": NaN,
        "Net Income Common Stockholders": NaN,
        "Otherunder Preferred Stock Dividend": NaN,
        "Preferred Stock Dividends": NaN,
        "Net Income": NaN,
        "Minority Interests": NaN,
        "Net Income Including Noncontrolling Interests": NaN,
        "Net Income Continuous Operations": NaN,
        "Tax Provision": NaN,
        "Pretax Income": NaN,
        "Gain On Sale Of Security": NaN,
        "Operating Expense": NaN,
        "Depreciation And Amortization In Income Statement": NaN,
        "Depreciation Income Statement": NaN,
        "Selling General And Administration": NaN,
        "General And Administrative Expense": NaN,
        "Total Revenue": NaN,
        "Operating Revenue": NaN
    },
    "2022-06-30": {
        "Tax Effect Of Unusual Items": 0.0,
        "Tax Rate For Calcs": 0.4,
        "Net Income From Continuing Operation Net Minority Interest": -9859000.0,
        "Reconciled Depreciation": 8558000.0,
        "Net Interest Income": -4731000.0,
        "Interest Expense": 4731000.0,
        "Interest Income": 0.0,
        "Normalized Income": -9859000.0,
        "Net Income From Continuing And Discontinued Operation": -9859000.0,
        "Diluted Average Shares": 308892699.0,
        "Basic Average Shares": 79240058.0,
        "Diluted EPS": -0.37,
        "Basic EPS": -0.15,
        "Diluted NI Availto Com Stockholders": -114350000.0,
        "Average Dilution Earnings": -102075000.0,
        "Net Income Common Stockholders": -12275000.0,
        "Otherunder Preferred Stock Dividend": 2416000.0,
        "Preferred Stock Dividends": 0.0,
        "Net Income": -9859000.0,
        "Minority Interests": 252638000.0,
        "Net Income Including Noncontrolling Interests": -262497000.0,
        "Net Income Continuous Operations": -262497000.0,
        "Tax Provision": 8098000.0,
        "Pretax Income": -254399000.0,
        "Gain On Sale Of Security": -97770000.0,
        "Operating Expense": 49439000.0,
        "Depreciation And Amortization In Income Statement": 8558000.0,
        "Depreciation Income Statement": 8558000.0,
        "Selling General And Administration": 78128000.0,
        "General And Administrative Expense": 78128000.0,
        "Total Revenue": -204960000.0,
        "Operating Revenue": -204960000.0
    },
    "2022-03-31": {
        "Diluted EPS": 0.11,
        "Total Revenue": NaN,
        "Gross Profit": NaN,
        "Operating Income": 168,
        "EBIT": 173,
        "Net Income": 163
    },
    "2021-12-31": {
        "Diluted EPS": 0.25,
        "Total Revenue": NaN,
        "Gross Profit": NaN,
        "Operating Income": 784,
        "EBIT": 787,
        "Net Income": 41
    },
    "2021-09-30": {
        "Diluted EPS": 0.0,
        "Total Revenue": 511,
        "Gross Profit": 511,
        "Operating Income": 287,
        "EBIT": 292,
        "Net Income": 520
    },
    "2021-06-30": {
        "Diluted EPS": 0.0,
        "Total Revenue": NaN,
        "Gross Profit": NaN,
        "Operating Income": NaN,
        "EBIT": NaN,
        "Net Income": NaN
    },
    "2021-03-31": {
        "Diluted EPS": 0.0,
        "Total Revenue": NaN,
        "Gross Profit": NaN,
        "Operating Income": NaN,
        "EBIT": NaN,
        "Net Income": NaN
    },
    "2020-12-31": {
        "Diluted EPS": 0.0,
        "Total Revenue": NaN,
        "Gross Profit": NaN,
        "Operating Income": NaN,
        "EBIT": NaN,
        "Net Income": NaN
    },
    "2023-06-30": {
        "Tax Effect Of Unusual Items": NaN,
        "Tax Rate For Calcs": NaN,
        "Net Income From Continuing Operation Net Minority Interest": NaN,
        "Reconciled Depreciation": NaN,
        "Net Interest Income": NaN,
        "Interest Expense": NaN,
        "Interest Income": NaN,
        "Normalized Income": NaN,
        "Net Income From Continuing And Discontinued Operation": NaN,
        "Diluted Average Shares": 309193210.0,
        "Basic Average Shares": 80540569.0,
        "Diluted EPS": 0.02,
        "Basic EPS": 0.32,
        "Diluted NI Availto Com Stockholders": NaN,
        "Average Dilution Earnings": NaN,
        "Net Income Common Stockholders": NaN,
        "Otherunder Preferred Stock Dividend": NaN,
        "Preferred Stock Dividends": NaN,
        "Net Income": NaN,
        "Minority Interests": NaN,
        "Net Income Including Noncontrolling Interests": NaN,
        "Net Income Continuous Operations": NaN,
        "Tax Provision": NaN,
        "Pretax Income": NaN,
        "Gain On Sale Of Security": NaN,
        "Operating Expense": NaN,
        "Depreciation And Amortization In Income Statement": NaN,
        "Depreciation Income Statement": NaN,
        "Selling General And Administration": NaN,
        "General And Administrative Expense": NaN,
        "Total Revenue": NaN,
        "Operating Revenue": NaN
    },
    "2023-09-30": {
        "Tax Effect Of Unusual Items": 0.0,
        "Tax Rate For Calcs": 0.21,
        "Net Income From Continuing Operation Net Minority Interest": 14667000.0,
        "Reconciled Depreciation": 7701000.0,
        "Net Interest Income": 3202000.0,
        "Interest Expense": 7792000.0,
        "Interest Income": 10994000.0,
        "Normalized Income": 14667000.0,
        "Net Income From Continuing And Discontinued Operation": 14667000.0,
        "Diluted Average Shares": 309269698.0,
        "Basic Average Shares": 80617057.0,
        "Diluted EPS": -0.09,
        "Basic EPS": 0.14,
        "Diluted NI Availto Com Stockholders": -27043000.0,
        "Average Dilution Earnings": -38712000.0,
        "Net Income Common Stockholders": 11669000.0,
        "Otherunder Preferred Stock Dividend": 2998000.0,
        "Preferred Stock Dividends": 0.0,
        "Net Income": 14667000.0,
        "Minority Interests": 109379000.0,
        "Net Income Including Noncontrolling Interests": -94712000.0,
        "Net Income Continuous Operations": -94712000.0,
        "Tax Provision": 8244000.0,
        "Pretax Income": -86468000.0,
        "Gain On Sale Of Security": -1607000.0,
        "Operating Expense": 369188000.0,
        "Depreciation And Amortization In Income Statement": 7701000.0,
        "Depreciation Income Statement": 7701000.0,
        "Selling General And Administration": 101677000.0,
        "General And Administrative Expense": 101677000.0,
        "Total Revenue": 282720000.0,
        "Operating Revenue": 282720000.0
    },
    "2023-12-31": {
        "Tax Effect Of Unusual Items": 0.0,
        "Tax Rate For Calcs": 0.386835,
        "Net Income From Continuing Operation Net Minority Interest": 13173000.0,
        "Reconciled Depreciation": 23446000.0,
        "Net Interest Income": -1126000.0,
        "Interest Expense": 14800000.0,
        "Interest Income": 13674000.0,
        "Normalized Income": 13173000.0,
        "Net Income From Continuing And Discontinued Operation": 13173000.0,
        "Diluted Average Shares": NaN,
        "Basic Average Shares": NaN,
        "Diluted EPS": NaN,
        "Basic EPS": NaN,
        "Diluted NI Availto Com Stockholders": 12865000.0,
        "Average Dilution Earnings": 144000.0,
        "Net Income Common Stockholders": 12721000.0,
        "Otherunder Preferred Stock Dividend": 452000.0,
        "Preferred Stock Dividends": 0.0,
        "Net Income": 13173000.0,
        "Minority Interests": -29239000.0,
        "Net Income Including Noncontrolling Interests": 42412000.0,
        "Net Income Continuous Operations": 42412000.0,
        "Tax Provision": 26757000.0,
        "Pretax Income": 69169000.0,
        "Gain On Sale Of Security": -4895000.0,
        "Operating Expense": 588919000.0,
        "Depreciation And Amortization In Income Statement": 23446000.0,
        "Depreciation Income Statement": 23446000.0,
        "Selling General And Administration": 171561000.0,
        "General And Administrative Expense": 171561000.0,
        "Total Revenue": 658088000.0,
        "Operating Revenue": 658088000.0
    },
    "2024-03-31": {
        "Tax Effect Of Unusual Items": 0.0,
        "Tax Rate For Calcs": 0.21,
        "Net Income From Continuing Operation Net Minority Interest": 15519000.0,
        "Reconciled Depreciation": 32965000.0,
        "Net Interest Income": -8218000.0,
        "Interest Expense": 21122000.0,
        "Interest Income": 12904000.0,
        "Normalized Income": 15519000.0,
        "Net Income From Continuing And Discontinued Operation": 15519000.0,
        "Diluted Average Shares": 364350918.0,
        "Basic Average Shares": 89113782.0,
        "Diluted EPS": -0.11,
        "Basic EPS": 0.09,
        "Diluted NI Availto Com Stockholders": -38362000.0,
        "Average Dilution Earnings": -46736000.0,
        "Net Income Common Stockholders": 8374000.0,
        "Otherunder Preferred Stock Dividend": 7145000.0,
        "Preferred Stock Dividends": 0.0,
        "Net Income": 15519000.0,
        "Minority Interests": 24525000.0,
        "Net Income Including Noncontrolling Interests": -9006000.0,
        "Net Income Continuous Operations": -9006000.0,
        "Tax Provision": 4386000.0,
        "Pretax Income": -4620000.0,
        "Gain On Sale Of Security": -5198000.0,
        "Operating Expense": 618841000.0,
        "Depreciation And Amortization In Income Statement": 32965000.0,
        "Depreciation Income Statement": 32965000.0,
        "Selling General And Administration": 151632000.0,
        "General And Administrative Expense": 151632000.0,
        "Total Revenue": 614221000.0,
        "Operating Revenue": 614221000.0
    },
    "2024-06-30": {
        "Tax Effect Of Unusual Items": 0.0,
        "Tax Rate For Calcs": 0.21,
        "Net Income From Continuing Operation Net Minority Interest": -13977000.0,
        "Reconciled Depreciation": 32079000.0,
        "Net Interest Income": -7686000.0,
        "Interest Expense": 21502000.0,
        "Interest Income": 13816000.0,
        "Normalized Income": -13977000.0,
        "Net Income From Continuing And Discontinued Operation": -13977000.0,
        "Diluted Average Shares": 364765098.0,
        "Basic Average Shares": 101690961.0,
        "Diluted EPS": -0.15,
        "Basic EPS": -0.15,
        "Diluted NI Availto Com Stockholders": -67609000.0,
        "Average Dilution Earnings": -51995000.0,
        "Net Income Common Stockholders": -15614000.0,
        "Otherunder Preferred Stock Dividend": 1637000.0,
        "Preferred Stock Dividends": 0.0,
        "Net Income": -13977000.0,
        "Minority Interests": 43601000.0,
        "Net Income Including Noncontrolling Interests": -57578000.0,
        "Net Income Continuous Operations": -57578000.0,
        "Tax Provision": 22390000.0,
        "Pretax Income": -35188000.0,
        "Gain On Sale Of Security": -16652000.0,
        "Operating Expense": 621291000.0,
        "Depreciation And Amortization In Income Statement": 32079000.0,
        "Depreciation Income Statement": 32079000.0,
        "Selling General And Administration": 170184000.0,
        "General And Administrative Expense": 170184000.0,
        "Total Revenue": 586103000.0,
        "Operating Revenue": 586103000.0
    },
    "2024-09-30": {
        "Tax Effect Of Unusual Items": 0.0,
        "Tax Rate For Calcs": 0.21,
        "Net Income From Continuing Operation Net Minority Interest": 8961000.0,
        "Reconciled Depreciation": 32400000.0,
        "Net Interest Income": -9119000.0,
        "Interest Expense": 21789000.0,
        "Interest Income": 12670000.0,
        "Normalized Income": 8961000.0,
        "Net Income From Continuing And Discontinued Operation": 8961000.0,
        "Diluted Average Shares": 364836508.0,
        "Basic Average Shares": 103358212.0,
        "Diluted EPS": -0.08,
        "Basic EPS": 0.04,
        "Diluted NI Availto Com Stockholders": -27442000.0,
        "Average Dilution Earnings": -31433000.0,
        "Net Income Common Stockholders": 3991000.0,
        "Otherunder Preferred Stock Dividend": 4970000.0,
        "Preferred Stock Dividends": 0.0,
        "Net Income": 8961000.0,
        "Minority Interests": 30386000.0,
        "Net Income Including Noncontrolling Interests": -21425000.0,
        "Net Income Continuous Operations": -21425000.0,
        "Tax Provision": 13881000.0,
        "Pretax Income": -7544000.0,
        "Gain On Sale Of Security": -8483000.0,
        "Operating Expense": 621708000.0,
        "Depreciation And Amortization In Income Statement": 32400000.0,
        "Depreciation Income Statement": 32400000.0,
        "Selling General And Administration": 141262000.0,
        "General And Administrative Expense": 141262000.0,
        "Total Revenue": 614164000.0,
        "Operating Revenue": 614164000.0
    }
}