{
    "2023-06-30": {
        "Tax Effect Of Unusual Items": 0.0,
        "Tax Rate For Calcs": 0.257,
        "Normalized EBITDA": 78436000.0,
        "Net Income From Continuing Operation Net Minority Interest": 60724000.0,
        "Reconciled Depreciation": 6128000.0,
        "Reconciled Cost Of Revenue": 666774000.0,
        "EBITDA": 78436000.0,
        "EBIT": 72308000.0,
        "Normalized Income": 60724000.0,
        "Net Income From Continuing And Discontinued Operation": 60724000.0,
        "Total Expenses": 765021000.0,
        "Total Operating Income As Reported": 69343000.0,
        "Diluted Average Shares": 100634964.0,
        "Basic Average Shares": 99598933.0,
        "Diluted EPS": 0.6,
        "Basic EPS": 0.61,
        "Diluted NI Availto Com Stockholders": 60724000.0,
        "Net Income Common Stockholders": 60724000.0,
        "Net Income": 60724000.0,
        "Minority Interests": -1247000.0,
        "Net Income Including Noncontrolling Interests": 61971000.0,
        "Net Income Continuous Operations": 61971000.0,
        "Tax Provision": 21472000.0,
        "Pretax Income": 83443000.0,
        "Other Income Expense": 11135000.0,
        "Other Non Operating Income Expenses": 11093000.0,
        "Earnings From Equity Interest": 42000.0,
        "Operating Income": 72308000.0,
        "Operating Expense": 98247000.0,
        "Other Operating Expenses": 782000.0,
        "Selling General And Administration": 97465000.0,
        "Selling And Marketing Expense": 43241000.0,
        "General And Administrative Expense": 54224000.0,
        "Other Gand A": 54224000.0,
        "Gross Profit": 170555000.0,
        "Cost Of Revenue": 666774000.0,
        "Total Revenue": 837329000.0,
        "Operating Revenue": 836533000.0
    },
    "2023-03-31": {
        "Tax Effect Of Unusual Items": 0.0,
        "Tax Rate For Calcs": 0.265,
        "Normalized EBITDA": 102430000.0,
        "Net Income From Continuing Operation Net Minority Interest": 74742000.0,
        "Reconciled Depreciation": 7054000.0,
        "Reconciled Cost Of Revenue": 595392000.0,
        "EBITDA": 102430000.0,
        "EBIT": 95376000.0,
        "Normalized Income": 74742000.0,
        "Net Income From Continuing And Discontinued Operation": 74742000.0,
        "Total Expenses": 684285000.0,
        "Total Operating Income As Reported": 92331000.0,
        "Diluted Average Shares": 101706438.0,
        "Basic Average Shares": 101019253.0,
        "Diluted EPS": 0.73,
        "Basic EPS": 0.74,
        "Diluted NI Availto Com Stockholders": 74742000.0,
        "Net Income Common Stockholders": 74742000.0,
        "Net Income": 74742000.0,
        "Minority Interests": -1115000.0,
        "Net Income Including Noncontrolling Interests": 75857000.0,
        "Net Income Continuous Operations": 75857000.0,
        "Tax Provision": 27350000.0,
        "Pretax Income": 103207000.0,
        "Other Income Expense": 7831000.0,
        "Other Non Operating Income Expenses": 7604000.0,
        "Earnings From Equity Interest": 227000.0,
        "Operating Income": 95376000.0,
        "Operating Expense": 88893000.0,
        "Other Operating Expenses": 665000.0,
        "Selling General And Administration": 88228000.0,
        "Selling And Marketing Expense": 41862000.0,
        "General And Administrative Expense": 46366000.0,
        "Other Gand A": 46366000.0,
        "Gross Profit": 184269000.0,
        "Cost Of Revenue": 595392000.0,
        "Total Revenue": 779661000.0,
        "Operating Revenue": 778987000.0
    },
    "2022-12-31": {
        "Tax Effect Of Unusual Items": 0.0,
        "Tax Rate For Calcs": 0.250695,
        "Normalized EBITDA": 281682000.0,
        "Net Income From Continuing Operation Net Minority Interest": 202973000.0,
        "Reconciled Depreciation": 9369000.0,
        "Reconciled Cost Of Revenue": 1135100000.0,
        "EBITDA": 281682000.0,
        "EBIT": 272313000.0,
        "Normalized Income": 202973000.0,
        "Net Income From Continuing And Discontinued Operation": 202973000.0,
        "Total Expenses": 1250491000.0,
        "Total Operating Income As Reported": 262810000.0,
        "Diluted Average Shares": 102456279.0,
        "Basic Average Shares": 100947993.0,
        "Diluted EPS": 1.98,
        "Basic EPS": 2.01,
        "Diluted NI Availto Com Stockholders": 202973000.0,
        "Net Income Common Stockholders": 202973000.0,
        "Net Income": 202973000.0,
        "Minority Interests": -2422000.0,
        "Net Income Including Noncontrolling Interests": 205395000.0,
        "Net Income Continuous Operations": 205395000.0,
        "Tax Provision": 68719000.0,
        "Pretax Income": 274114000.0,
        "Other Income Expense": 1801000.0,
        "Other Non Operating Income Expenses": 1455000.0,
        "Earnings From Equity Interest": 346000.0,
        "Operating Income": 272313000.0,
        "Operating Expense": 115391000.0,
        "Other Operating Expenses": 665000.0,
        "Selling General And Administration": 114726000.0,
        "Selling And Marketing Expense": 62293000.0,
        "General And Administrative Expense": 52433000.0,
        "Other Gand A": 52433000.0,
        "Gross Profit": 387704000.0,
        "Cost Of Revenue": 1135100000.0,
        "Total Revenue": 1522804000.0,
        "Operating Revenue": 1522130000.0
    },
    "2022-09-30": {
        "Tax Effect Of Unusual Items": 0.0,
        "Tax Rate For Calcs": 0.234,
        "Normalized EBITDA": 202774000.0,
        "Net Income From Continuing Operation Net Minority Interest": 149226000.0,
        "Reconciled Depreciation": 6615000.0,
        "Reconciled Cost Of Revenue": 778231000.0,
        "EBITDA": 202774000.0,
        "EBIT": 196159000.0,
        "Normalized Income": 149226000.0,
        "Net Income From Continuing And Discontinued Operation": 149226000.0,
        "Total Expenses": 875637000.0,
        "Total Operating Income As Reported": 190981000.0,
        "Diluted Average Shares": 102661222.0,
        "Basic Average Shares": 101242708.0,
        "Diluted EPS": 1.45,
        "Basic EPS": 1.47,
        "Diluted NI Availto Com Stockholders": 149226000.0,
        "Net Income Common Stockholders": 149226000.0,
        "Net Income": 149226000.0,
        "Minority Interests": -1351000.0,
        "Net Income Including Noncontrolling Interests": 150577000.0,
        "Net Income Continuous Operations": 150577000.0,
        "Tax Provision": 45923000.0,
        "Pretax Income": 196500000.0,
        "Other Income Expense": 341000.0,
        "Other Non Operating Income Expenses": 463000.0,
        "Earnings From Equity Interest": -122000.0,
        "Operating Income": 196159000.0,
        "Operating Expense": 97406000.0,
        "Other Operating Expenses": 670000.0,
        "Selling General And Administration": 96736000.0,
        "Selling And Marketing Expense": 41950000.0,
        "General And Administrative Expense": 54786000.0,
        "Other Gand A": 54786000.0,
        "Gross Profit": 293565000.0,
        "Cost Of Revenue": 778231000.0,
        "Total Revenue": 1071796000.0,
        "Operating Revenue": 1071122000.0
    },
    "2022-06-30": {
        "Tax Effect Of Unusual Items": 0.0,
        "Tax Rate For Calcs": 0.25,
        "Normalized EBITDA": 190356000.0,
        "Net Income From Continuing Operation Net Minority Interest": 136383000.0,
        "Reconciled Depreciation": 6741000.0,
        "Reconciled Cost Of Revenue": 738018000.0,
        "EBITDA": 190356000.0,
        "EBIT": 183615000.0,
        "Normalized Income": 136383000.0,
        "Net Income From Continuing And Discontinued Operation": 136383000.0,
        "Total Expenses": 834074000.0,
        "Total Operating Income As Reported": 177709000.0,
        "Diluted Average Shares": 102787919.0,
        "Basic Average Shares": 102164377.0,
        "Diluted EPS": 1.33,
        "Basic EPS": 1.33,
        "Diluted NI Availto Com Stockholders": 136383000.0,
        "Net Income Common Stockholders": 136383000.0,
        "Net Income": 136383000.0,
        "Minority Interests": -1555000.0,
        "Net Income Including Noncontrolling Interests": 137938000.0,
        "Net Income Continuous Operations": 137938000.0,
        "Tax Provision": 45936000.0,
        "Pretax Income": 183874000.0,
        "Other Income Expense": 259000.0,
        "Other Non Operating Income Expenses": 116000.0,
        "Earnings From Equity Interest": 143000.0,
        "Operating Income": 183615000.0,
        "Operating Expense": 96056000.0,
        "Other Operating Expenses": 704000.0,
        "Selling General And Administration": 95352000.0,
        "Selling And Marketing Expense": 38523000.0,
        "General And Administrative Expense": 56829000.0,
        "Other Gand A": 56829000.0,
        "Gross Profit": 279671000.0,
        "Cost Of Revenue": 738018000.0,
        "Total Revenue": 1017689000.0,
        "Operating Revenue": 1016986000.0
    },
    "2022-03-31": {
        "Diluted EPS": 0.81,
        "Total Revenue": 736,
        "Gross Profit": 204,
        "Operating Income": 118,
        "EBIT": 129,
        "Net Income": 87
    },
    "2021-12-31": {
        "Diluted EPS": 1.36,
        "Total Revenue": NaN,
        "Gross Profit": 296,
        "Operating Income": 192,
        "EBIT": 209,
        "Net Income": 147
    },
    "2021-09-30": {
        "Diluted EPS": 1.17,
        "Total Revenue": NaN,
        "Gross Profit": 273,
        "Operating Income": 173,
        "EBIT": 186,
        "Net Income": 133
    },
    "2021-06-30": {
        "Diluted EPS": 1.0,
        "Total Revenue": NaN,
        "Gross Profit": 251,
        "Operating Income": 153,
        "EBIT": 167,
        "Net Income": 118
    },
    "2021-03-31": {
        "Diluted EPS": 0.59,
        "Total Revenue": 721,
        "Gross Profit": 175,
        "Operating Income": 92,
        "EBIT": 102,
        "Net Income": 71
    },
    "2020-12-31": {
        "Diluted EPS": 0.89,
        "Total Revenue": NaN,
        "Gross Profit": 255,
        "Operating Income": 150,
        "EBIT": 166,
        "Net Income": 115
    },
    "2020-09-30": {
        "Diluted EPS": 0.61,
        "Total Revenue": 832,
        "Gross Profit": 185,
        "Operating Income": 103,
        "EBIT": 113,
        "Net Income": 79
    },
    "2020-06-30": {
        "Diluted EPS": 0.43,
        "Total Revenue": 770,
        "Gross Profit": 168,
        "Operating Income": 78,
        "EBIT": 89,
        "Net Income": 57
    },
    "2020-03-31": {
        "Diluted EPS": 0.24,
        "Total Revenue": 597,
        "Gross Profit": 123,
        "Operating Income": 40,
        "EBIT": 49,
        "Net Income": 32
    },
    "2019-12-31": {
        "Diluted EPS": 0.85,
        "Total Revenue": NaN,
        "Gross Profit": 252,
        "Operating Income": 146,
        "EBIT": 161,
        "Net Income": 118
    },
    "2019-09-30": {
        "Diluted EPS": 0.44,
        "Total Revenue": 748,
        "Gross Profit": 170,
        "Operating Income": 82,
        "EBIT": 93,
        "Net Income": 63
    },
    "2019-06-30": {
        "Diluted EPS": 0.18,
        "Total Revenue": 699,
        "Gross Profit": 118,
        "Operating Income": 33,
        "EBIT": 43,
        "Net Income": 26
    },
    "2019-03-31": {
        "Diluted EPS": 0.0,
        "Total Revenue": 495,
        "Gross Profit": 71,
        "Operating Income": -7,
        "EBIT": 2,
        "Net Income": 0
    },
    "2018-12-31": {
        "Diluted EPS": 0.68,
        "Total Revenue": NaN,
        "Gross Profit": 235,
        "Operating Income": 133,
        "EBIT": 146,
        "Net Income": 99
    },
    "2018-09-30": {
        "Diluted EPS": 0.43,
        "Total Revenue": 775,
        "Gross Profit": 165,
        "Operating Income": 82,
        "EBIT": 93,
        "Net Income": 64
    },
    "2018-06-30": {
        "Diluted EPS": 0.42,
        "Total Revenue": 771,
        "Gross Profit": 165,
        "Operating Income": 83,
        "EBIT": 94,
        "Net Income": 64
    },
    "2018-03-31": {
        "Diluted EPS": 0.28,
        "Total Revenue": 584,
        "Gross Profit": 132,
        "Operating Income": 57,
        "EBIT": 66,
        "Net Income": 43
    },
    "2017-12-31": {
        "Diluted EPS": 0.47,
        "Total Revenue": NaN,
        "Gross Profit": 248,
        "Operating Income": 166,
        "EBIT": 171,
        "Net Income": 74
    },
    "2017-09-30": {
        "Diluted EPS": 0.48,
        "Total Revenue": 718,
        "Gross Profit": 183,
        "Operating Income": 117,
        "EBIT": 122,
        "Net Income": 72
    },
    "2017-06-30": {
        "Diluted EPS": 0.21,
        "Total Revenue": 571,
        "Gross Profit": 115,
        "Operating Income": 49,
        "EBIT": 54,
        "Net Income": 33
    },
    "2017-03-31": {
        "Diluted EPS": 0.05,
        "Total Revenue": 393,
        "Gross Profit": 74,
        "Operating Income": 12,
        "EBIT": 17,
        "Net Income": 8
    },
    "2016-12-31": {
        "Diluted EPS": 0.35,
        "Total Revenue": 774,
        "Gross Profit": 156,
        "Operating Income": 85,
        "EBIT": 89,
        "Net Income": 58
    },
    "2016-09-30": {
        "Diluted EPS": 0.22,
        "Total Revenue": 582,
        "Gross Profit": 117,
        "Operating Income": 54,
        "EBIT": 58,
        "Net Income": 35
    },
    "2016-06-30": {
        "Diluted EPS": 0.46,
        "Total Revenue": 625,
        "Gross Profit": 177,
        "Operating Income": 114,
        "EBIT": 118,
        "Net Income": 74
    },
    "2016-03-31": {
        "Diluted EPS": 0.18,
        "Total Revenue": 424,
        "Gross Profit": 98,
        "Operating Income": 43,
        "EBIT": 48,
        "Net Income": 29
    },
    "2015-12-31": {
        "Diluted EPS": 0.53,
        "Total Revenue": 880,
        "Gross Profit": 200,
        "Operating Income": 128,
        "EBIT": 134,
        "Net Income": 85
    },
    "2015-09-30": {
        "Diluted EPS": 0.31,
        "Total Revenue": 648,
        "Gross Profit": 137,
        "Operating Income": 78,
        "EBIT": 83,
        "Net Income": 50
    },
    "2015-06-30": {
        "Diluted EPS": 0.34,
        "Total Revenue": 496,
        "Gross Profit": 142,
        "Operating Income": 87,
        "EBIT": 92,
        "Net Income": 55
    },
    "2015-03-31": {
        "Diluted EPS": 0.09,
        "Total Revenue": 377,
        "Gross Profit": 74,
        "Operating Income": 23,
        "EBIT": 27,
        "Net Income": 15
    },
    "2014-12-31": {
        "Diluted EPS": 0.26,
        "Total Revenue": 635,
        "Gross Profit": 129,
        "Operating Income": 70,
        "EBIT": 72,
        "Net Income": 41
    },
    "2014-09-30": {
        "Diluted EPS": 0.07,
        "Total Revenue": 478,
        "Gross Profit": 90,
        "Operating Income": 33,
        "EBIT": 42,
        "Net Income": 11
    },
    "2014-06-30": {
        "Diluted EPS": 0.19,
        "Total Revenue": 343,
        "Gross Profit": 75,
        "Operating Income": 32,
        "EBIT": 37,
        "Net Income": 24
    },
    "2014-03-31": {
        "Diluted EPS": 0.06,
        "Total Revenue": 248,
        "Gross Profit": 52,
        "Operating Income": 11,
        "EBIT": 16,
        "Net Income": 8
    },
    "2013-12-31": {
        "Diluted EPS": -1.37,
        "Total Revenue": 487,
        "Gross Profit": 116,
        "Operating Income": -282,
        "EBIT": -276,
        "Net Income": -178
    },
    "2013-09-30": {
        "Diluted EPS": 0.15,
        "Total Revenue": 324,
        "Gross Profit": 76,
        "Operating Income": 31,
        "EBIT": 43,
        "Net Income": 20
    },
    "2013-06-30": {
        "Diluted EPS": 0.07,
        "Total Revenue": 51,
        "Gross Profit": 9,
        "Operating Income": 3,
        "EBIT": 4,
        "Net Income": 2
    },
    "2013-03-31": {
        "Diluted EPS": 0.01,
        "Total Revenue": 28,
        "Gross Profit": 5,
        "Operating Income": 0,
        "EBIT": 1,
        "Net Income": 0
    },
    "2012-12-31": {
        "Diluted EPS": 0.3,
        "Total Revenue": 56,
        "Gross Profit": -736,
        "Operating Income": -889,
        "EBIT": -889,
        "Net Income": 6
    },
    "2012-09-30": {
        "Diluted EPS": -0.1,
        "Total Revenue": 10,
        "Gross Profit": 1,
        "Operating Income": -1,
        "EBIT": -1,
        "Net Income": -1
    },
    "2012-06-30": {
        "Diluted EPS": -0.09,
        "Total Revenue": 8,
        "Gross Profit": 1,
        "Operating Income": -1,
        "EBIT": -1,
        "Net Income": -1
    },
    "2012-03-31": {
        "Diluted EPS": -0.09,
        "Total Revenue": 5,
        "Gross Profit": 1,
        "Operating Income": -1,
        "EBIT": -1,
        "Net Income": -1
    },
    "2011-12-31": {
        "Diluted EPS": 0.0,
        "Total Revenue": NaN,
        "Gross Profit": NaN,
        "Operating Income": NaN,
        "EBIT": NaN,
        "Net Income": NaN
    },
    "2023-09-30": {
        "Tax Effect Of Unusual Items": 0.0,
        "Tax Rate For Calcs": 0.23,
        "Normalized EBITDA": 94768000.0,
        "Net Income From Continuing Operation Net Minority Interest": 75402000.0,
        "Reconciled Depreciation": 6884000.0,
        "Reconciled Cost Of Revenue": 648675000.0,
        "EBITDA": 94768000.0,
        "EBIT": 87884000.0,
        "Normalized Income": 75402000.0,
        "Net Income From Continuing And Discontinued Operation": 75402000.0,
        "Total Expenses": 750632000.0,
        "Total Operating Income As Reported": 83253000.0,
        "Diluted Average Shares": 99030210.0,
        "Basic Average Shares": 98018498.0,
        "Diluted EPS": 0.76,
        "Basic EPS": 0.77,
        "Diluted NI Availto Com Stockholders": 75402000.0,
        "Net Income Common Stockholders": 75402000.0,
        "Net Income": 75402000.0,
        "Minority Interests": -1207000.0,
        "Net Income Including Noncontrolling Interests": 76609000.0,
        "Net Income Continuous Operations": 76609000.0,
        "Tax Provision": 22942000.0,
        "Pretax Income": 99551000.0,
        "Other Income Expense": 11667000.0,
        "Other Non Operating Income Expenses": 11664000.0,
        "Earnings From Equity Interest": 3000.0,
        "Operating Income": 87884000.0,
        "Operating Expense": 101957000.0,
        "Other Operating Expenses": 724000.0,
        "Selling General And Administration": 101233000.0,
        "Selling And Marketing Expense": 42874000.0,
        "General And Administrative Expense": 58359000.0,
        "Other Gand A": 58359000.0,
        "Gross Profit": 189841000.0,
        "Cost Of Revenue": 648675000.0,
        "Total Revenue": 838516000.0,
        "Operating Revenue": 837767000.0
    },
    "2023-12-31": {
        "Tax Effect Of Unusual Items": 0.0,
        "Tax Rate For Calcs": 0.25613,
        "Normalized EBITDA": 179228000.0,
        "Net Income From Continuing Operation Net Minority Interest": 132834000.0,
        "Reconciled Depreciation": 6786000.0,
        "Reconciled Cost Of Revenue": 971077000.0,
        "EBITDA": 179228000.0,
        "EBIT": 172442000.0,
        "Normalized Income": 132834000.0,
        "Net Income From Continuing And Discontinued Operation": 132834000.0,
        "Total Expenses": 1087256000.0,
        "Total Operating Income As Reported": 168404000.0,
        "Diluted Average Shares": 97438742.0,
        "Basic Average Shares": 96142092.0,
        "Diluted EPS": 1.36,
        "Basic EPS": 1.38,
        "Diluted NI Availto Com Stockholders": 132834000.0,
        "Net Income Common Stockholders": 132834000.0,
        "Net Income": 132834000.0,
        "Minority Interests": -1924000.0,
        "Net Income Including Noncontrolling Interests": 134758000.0,
        "Net Income Continuous Operations": 134758000.0,
        "Tax Provision": 46400000.0,
        "Pretax Income": 181158000.0,
        "Other Income Expense": 8716000.0,
        "Other Non Operating Income Expenses": 9085000.0,
        "Earnings From Equity Interest": -369000.0,
        "Operating Income": 172442000.0,
        "Operating Expense": 116179000.0,
        "Other Operating Expenses": 723000.0,
        "Selling General And Administration": 115456000.0,
        "Selling And Marketing Expense": 56411000.0,
        "General And Administrative Expense": 59045000.0,
        "Other Gand A": 59045000.0,
        "Gross Profit": 288621000.0,
        "Cost Of Revenue": 971077000.0,
        "Total Revenue": 1259698000.0,
        "Operating Revenue": 1258946000.0
    }
}