{
    "2023-03-31": {
        "Tax Effect Of Unusual Items": 0.0,
        "Tax Rate For Calcs": 0.21545,
        "Normalized EBITDA": 104952000.0,
        "Net Income From Continuing Operation Net Minority Interest": 86568000.0,
        "Reconciled Depreciation": 3404000.0,
        "Reconciled Cost Of Revenue": 9063000.0,
        "EBITDA": 104952000.0,
        "EBIT": 104952000.0,
        "Normalized Income": 86568000.0,
        "Net Income From Continuing And Discontinued Operation": 86568000.0,
        "Total Expenses": 41410000.0,
        "Total Operating Income As Reported": 104952000.0,
        "Diluted Average Shares": 7698398.0,
        "Basic Average Shares": 7693084.0,
        "Diluted EPS": 11.24,
        "Basic EPS": 11.25,
        "Diluted NI Availto Com Stockholders": 86568000.0,
        "Net Income Common Stockholders": 86568000.0,
        "Net Income": 86568000.0,
        "Net Income Including Noncontrolling Interests": 86568000.0,
        "Net Income Continuous Operations": 86568000.0,
        "Tax Provision": 23773000.0,
        "Pretax Income": 110341000.0,
        "Other Income Expense": 5389000.0,
        "Other Non Operating Income Expenses": 5389000.0,
        "Operating Income": 104952000.0,
        "Operating Expense": 32347000.0,
        "Other Taxes": 1574000.0,
        "Selling General And Administration": 30773000.0,
        "General And Administrative Expense": 30773000.0,
        "Other Gand A": 20180000.0,
        "Salaries And Wages": 10593000.0,
        "Gross Profit": 137299000.0,
        "Cost Of Revenue": 9063000.0,
        "Total Revenue": 146362000.0,
        "Operating Revenue": 146362000.0
    },
    "2022-12-31": {
        "Tax Effect Of Unusual Items": 0.0,
        "Tax Rate For Calcs": 0.221782,
        "Normalized EBITDA": 124231000.0,
        "Net Income From Continuing Operation Net Minority Interest": 99731000.0,
        "Reconciled Depreciation": 3153000.0,
        "Reconciled Cost Of Revenue": 7626000.0,
        "EBITDA": 124231000.0,
        "EBIT": 124231000.0,
        "Normalized Income": 99731000.0,
        "Net Income From Continuing And Discontinued Operation": 99731000.0,
        "Total Expenses": 28475000.0,
        "Total Operating Income As Reported": 124231000.0,
        "Diluted Average Shares": 7705116.0,
        "Basic Average Shares": 7698487.0,
        "Diluted EPS": 12.94,
        "Basic EPS": 12.95,
        "Diluted NI Availto Com Stockholders": 99731000.0,
        "Net Income Common Stockholders": 99731000.0,
        "Net Income": 99731000.0,
        "Net Income Including Noncontrolling Interests": 99731000.0,
        "Net Income Continuous Operations": 99731000.0,
        "Tax Provision": 28422000.0,
        "Pretax Income": 128153000.0,
        "Other Income Expense": 3922000.0,
        "Other Non Operating Income Expenses": 3922000.0,
        "Operating Income": 124231000.0,
        "Operating Expense": 20849000.0,
        "Other Taxes": 1878000.0,
        "Selling General And Administration": 18971000.0,
        "General And Administrative Expense": 18971000.0,
        "Other Gand A": 7239000.0,
        "Salaries And Wages": 11732000.0,
        "Gross Profit": 145080000.0,
        "Cost Of Revenue": 7626000.0,
        "Total Revenue": 152706000.0,
        "Operating Revenue": 152706000.0
    },
    "2022-09-30": {
        "Tax Effect Of Unusual Items": 0.0,
        "Tax Rate For Calcs": 0.208,
        "Normalized EBITDA": 165972000.0,
        "Net Income From Continuing Operation Net Minority Interest": 129837000.0,
        "Reconciled Depreciation": 3917000.0,
        "Reconciled Cost Of Revenue": 10265000.0,
        "EBITDA": 165972000.0,
        "EBIT": 162055000.0,
        "Normalized Income": 129837000.0,
        "Net Income From Continuing And Discontinued Operation": 129837000.0,
        "Total Expenses": 29056000.0,
        "Total Operating Income As Reported": 162055000.0,
        "Diluted Average Shares": 7720221.0,
        "Basic Average Shares": 7714796.0,
        "Diluted EPS": 16.82,
        "Basic EPS": 16.83,
        "Diluted NI Availto Com Stockholders": 129837000.0,
        "Net Income Common Stockholders": 129837000.0,
        "Net Income": 129837000.0,
        "Net Income Including Noncontrolling Interests": 129837000.0,
        "Net Income Continuous Operations": 129837000.0,
        "Tax Provision": 34138000.0,
        "Pretax Income": 163975000.0,
        "Other Income Expense": 1920000.0,
        "Other Non Operating Income Expenses": 1920000.0,
        "Operating Income": 162055000.0,
        "Operating Expense": 18791000.0,
        "Other Taxes": 2835000.0,
        "Selling General And Administration": 15956000.0,
        "General And Administrative Expense": 15956000.0,
        "Other Gand A": 5259000.0,
        "Salaries And Wages": 10697000.0,
        "Gross Profit": 180846000.0,
        "Cost Of Revenue": 10265000.0,
        "Total Revenue": 191111000.0,
        "Operating Revenue": 191111000.0
    },
    "2022-06-30": {
        "Tax Effect Of Unusual Items": 0.0,
        "Tax Rate For Calcs": 0.22,
        "Normalized EBITDA": 155888000.0,
        "Net Income From Continuing Operation Net Minority Interest": 118894000.0,
        "Reconciled Depreciation": 4180000.0,
        "Reconciled Cost Of Revenue": 8095000.0,
        "EBITDA": 155888000.0,
        "EBIT": 151708000.0,
        "Normalized Income": 118894000.0,
        "Net Income From Continuing And Discontinued Operation": 118894000.0,
        "Total Expenses": 24562000.0,
        "Total Operating Income As Reported": 151708000.0,
        "Diluted Average Shares": 7737112.0,
        "Basic Average Shares": 7733730.0,
        "Diluted EPS": 15.37,
        "Basic EPS": 15.37,
        "Diluted NI Availto Com Stockholders": 118894000.0,
        "Net Income Common Stockholders": 118894000.0,
        "Net Income": 118894000.0,
        "Net Income Including Noncontrolling Interests": 118894000.0,
        "Net Income Continuous Operations": 118894000.0,
        "Tax Provision": 33444000.0,
        "Pretax Income": 152338000.0,
        "Other Income Expense": 630000.0,
        "Other Non Operating Income Expenses": 630000.0,
        "Operating Income": 151708000.0,
        "Operating Expense": 16467000.0,
        "Other Taxes": 2011000.0,
        "Selling General And Administration": 14456000.0,
        "General And Administrative Expense": 14456000.0,
        "Other Gand A": 4868000.0,
        "Salaries And Wages": 9588000.0,
        "Gross Profit": 168175000.0,
        "Cost Of Revenue": 8095000.0,
        "Total Revenue": 176270000.0,
        "Operating Revenue": 176270000.0
    },
    "2023-06-30": {
        "Tax Effect Of Unusual Items": 0.0,
        "Tax Rate For Calcs": 0.21,
        "Normalized EBITDA": 124173000.0,
        "Net Income From Continuing Operation Net Minority Interest": 100393000.0,
        "Reconciled Depreciation": 3893000.0,
        "Reconciled Cost Of Revenue": 14180000.0,
        "EBITDA": 124173000.0,
        "EBIT": 120280000.0,
        "Normalized Income": 100393000.0,
        "Net Income From Continuing And Discontinued Operation": 100393000.0,
        "Total Expenses": 40329000.0,
        "Total Operating Income As Reported": 120280000.0,
        "Diluted Average Shares": 7690950.0,
        "Basic Average Shares": 7685662.0,
        "Diluted EPS": 13.05,
        "Basic EPS": 13.06,
        "Diluted NI Availto Com Stockholders": 100393000.0,
        "Net Income Common Stockholders": 100393000.0,
        "Net Income": 100393000.0,
        "Net Income Including Noncontrolling Interests": 100393000.0,
        "Net Income Continuous Operations": 100393000.0,
        "Tax Provision": 26758000.0,
        "Pretax Income": 127151000.0,
        "Other Income Expense": 6871000.0,
        "Other Non Operating Income Expenses": 6871000.0,
        "Operating Income": 120280000.0,
        "Operating Expense": 26149000.0,
        "Other Taxes": 2070000.0,
        "Selling General And Administration": 24079000.0,
        "General And Administrative Expense": 24079000.0,
        "Other Gand A": 13483000.0,
        "Salaries And Wages": 10596000.0,
        "Gross Profit": 146429000.0,
        "Cost Of Revenue": 14180000.0,
        "Total Revenue": 160609000.0,
        "Operating Revenue": 160609000.0
    },
    "2022-03-31": {
        "Diluted EPS": 12.64,
        "Total Revenue": 147,
        "Gross Profit": 147,
        "Operating Income": 124,
        "EBIT": 128,
        "Net Income": 98
    },
    "2021-12-31": {
        "Diluted EPS": 10.2,
        "Total Revenue": 147,
        "Gross Profit": 147,
        "Operating Income": 126,
        "EBIT": 131,
        "Net Income": 79
    },
    "2021-09-30": {
        "Diluted EPS": 10.82,
        "Total Revenue": 124,
        "Gross Profit": 124,
        "Operating Income": 103,
        "EBIT": 107,
        "Net Income": 84
    },
    "2021-06-30": {
        "Diluted EPS": 7.36,
        "Total Revenue": 96,
        "Gross Profit": 96,
        "Operating Income": 71,
        "EBIT": 75,
        "Net Income": 57
    },
    "2021-03-31": {
        "Diluted EPS": 6.45,
        "Total Revenue": 84,
        "Gross Profit": 84,
        "Operating Income": 62,
        "EBIT": 66,
        "Net Income": 50
    },
    "2020-12-31": {
        "Diluted EPS": 5.77,
        "Total Revenue": 74,
        "Gross Profit": 74,
        "Operating Income": 55,
        "EBIT": 59,
        "Net Income": 45
    },
    "2020-09-30": {
        "Diluted EPS": 5.97,
        "Total Revenue": 74,
        "Gross Profit": 74,
        "Operating Income": 57,
        "EBIT": 61,
        "Net Income": 46
    },
    "2020-06-30": {
        "Diluted EPS": 3.56,
        "Total Revenue": 57,
        "Gross Profit": 57,
        "Operating Income": 35,
        "EBIT": 38,
        "Net Income": 28
    },
    "2020-03-31": {
        "Diluted EPS": 7.4,
        "Total Revenue": 97,
        "Gross Profit": 97,
        "Operating Income": 71,
        "EBIT": 74,
        "Net Income": 57
    },
    "2019-12-31": {
        "Diluted EPS": 8.92,
        "Total Revenue": 113,
        "Gross Profit": 113,
        "Operating Income": 88,
        "EBIT": 92,
        "Net Income": 69
    },
    "2019-09-30": {
        "Diluted EPS": 7.74,
        "Total Revenue": 99,
        "Gross Profit": 99,
        "Operating Income": 74,
        "EBIT": 76,
        "Net Income": 60
    },
    "2019-06-30": {
        "Diluted EPS": 6.39,
        "Total Revenue": 87,
        "Gross Profit": 87,
        "Operating Income": 62,
        "EBIT": 64,
        "Net Income": 50
    },
    "2019-03-31": {
        "Diluted EPS": 18.04,
        "Total Revenue": 191,
        "Gross Profit": 191,
        "Operating Income": 175,
        "EBIT": 176,
        "Net Income": 140
    },
    "2018-12-31": {
        "Diluted EPS": 8.08,
        "Total Revenue": 93,
        "Gross Profit": 93,
        "Operating Income": 78,
        "EBIT": 79,
        "Net Income": 63
    },
    "2018-09-30": {
        "Diluted EPS": 6.52,
        "Total Revenue": 73,
        "Gross Profit": 73,
        "Operating Income": 63,
        "EBIT": 64,
        "Net Income": 51
    },
    "2018-06-30": {
        "Diluted EPS": 6.73,
        "Total Revenue": 74,
        "Gross Profit": 74,
        "Operating Income": 66,
        "EBIT": 66,
        "Net Income": 53
    },
    "2018-03-31": {
        "Diluted EPS": 5.6,
        "Total Revenue": 60,
        "Gross Profit": 60,
        "Operating Income": 54,
        "EBIT": 55,
        "Net Income": 44
    },
    "2017-12-31": {
        "Diluted EPS": 3.17,
        "Total Revenue": 40,
        "Gross Profit": 40,
        "Operating Income": 36,
        "EBIT": 36,
        "Net Income": 25
    },
    "2017-09-30": {
        "Diluted EPS": 4.2,
        "Total Revenue": 52,
        "Gross Profit": 52,
        "Operating Income": 49,
        "EBIT": 50,
        "Net Income": 33
    },
    "2017-06-30": {
        "Diluted EPS": 2.58,
        "Total Revenue": 32,
        "Gross Profit": 32,
        "Operating Income": 30,
        "EBIT": 30,
        "Net Income": 20
    },
    "2017-03-31": {
        "Diluted EPS": 2.43,
        "Total Revenue": 30,
        "Gross Profit": 30,
        "Operating Income": 29,
        "EBIT": 29,
        "Net Income": 19
    },
    "2016-12-31": {
        "Diluted EPS": 2.01,
        "Total Revenue": 24,
        "Gross Profit": 24,
        "Operating Income": 24,
        "EBIT": 24,
        "Net Income": 16
    },
    "2016-09-30": {
        "Diluted EPS": 1.12,
        "Total Revenue": 14,
        "Gross Profit": 14,
        "Operating Income": 13,
        "EBIT": 13,
        "Net Income": 9
    },
    "2016-06-30": {
        "Diluted EPS": 1.26,
        "Total Revenue": 16,
        "Gross Profit": 16,
        "Operating Income": 15,
        "EBIT": 15,
        "Net Income": 10
    },
    "2016-03-31": {
        "Diluted EPS": 0.9,
        "Total Revenue": 12,
        "Gross Profit": 12,
        "Operating Income": 11,
        "EBIT": 11,
        "Net Income": 7
    },
    "2015-12-31": {
        "Diluted EPS": 1.13,
        "Total Revenue": 15,
        "Gross Profit": 15,
        "Operating Income": 13,
        "EBIT": 13,
        "Net Income": 9
    },
    "2015-09-30": {
        "Diluted EPS": 1.4,
        "Total Revenue": 18,
        "Gross Profit": 18,
        "Operating Income": 17,
        "EBIT": 17,
        "Net Income": 11
    },
    "2015-06-30": {
        "Diluted EPS": 0.9,
        "Total Revenue": 12,
        "Gross Profit": 12,
        "Operating Income": 11,
        "EBIT": 11,
        "Net Income": 7
    },
    "2015-03-31": {
        "Diluted EPS": 2.67,
        "Total Revenue": 35,
        "Gross Profit": 35,
        "Operating Income": 34,
        "EBIT": 34,
        "Net Income": 22
    },
    "2014-12-31": {
        "Diluted EPS": 1.0,
        "Total Revenue": 13,
        "Gross Profit": 13,
        "Operating Income": 12,
        "EBIT": 12,
        "Net Income": 8
    },
    "2014-09-30": {
        "Diluted EPS": 1.11,
        "Total Revenue": 15,
        "Gross Profit": 15,
        "Operating Income": 14,
        "EBIT": 14,
        "Net Income": 9
    },
    "2014-06-30": {
        "Diluted EPS": 1.17,
        "Total Revenue": 16,
        "Gross Profit": 16,
        "Operating Income": 15,
        "EBIT": 15,
        "Net Income": 10
    },
    "2014-03-31": {
        "Diluted EPS": 0.86,
        "Total Revenue": 12,
        "Gross Profit": 12,
        "Operating Income": 11,
        "EBIT": 11,
        "Net Income": 7
    },
    "2013-12-31": {
        "Diluted EPS": 0.88,
        "Total Revenue": 13,
        "Gross Profit": 13,
        "Operating Income": 11,
        "EBIT": 11,
        "Net Income": 8
    },
    "2013-09-30": {
        "Diluted EPS": 1.1,
        "Total Revenue": 15,
        "Gross Profit": 15,
        "Operating Income": 14,
        "EBIT": 14,
        "Net Income": 9
    },
    "2013-06-30": {
        "Diluted EPS": 0.71,
        "Total Revenue": 10,
        "Gross Profit": 10,
        "Operating Income": 9,
        "EBIT": 9,
        "Net Income": 6
    },
    "2013-03-31": {
        "Diluted EPS": 0.47,
        "Total Revenue": 7,
        "Gross Profit": 7,
        "Operating Income": 6,
        "EBIT": 6,
        "Net Income": 4
    },
    "2012-12-31": {
        "Diluted EPS": 0.48,
        "Total Revenue": 7,
        "Gross Profit": 7,
        "Operating Income": 6,
        "EBIT": 6,
        "Net Income": 4
    },
    "2012-09-30": {
        "Diluted EPS": 0.48,
        "Total Revenue": 7,
        "Gross Profit": 7,
        "Operating Income": 6,
        "EBIT": 6,
        "Net Income": 4
    },
    "2012-06-30": {
        "Diluted EPS": 0.59,
        "Total Revenue": 9,
        "Gross Profit": 9,
        "Operating Income": 8,
        "EBIT": 8,
        "Net Income": 5
    },
    "2012-03-31": {
        "Diluted EPS": 0.65,
        "Total Revenue": 10,
        "Gross Profit": 10,
        "Operating Income": 9,
        "EBIT": 9,
        "Net Income": 6
    },
    "2011-12-31": {
        "Diluted EPS": 0.72,
        "Total Revenue": 11,
        "Gross Profit": 11,
        "Operating Income": 10,
        "EBIT": 10,
        "Net Income": 7
    },
    "2011-09-30": {
        "Diluted EPS": 0.56,
        "Total Revenue": 9,
        "Gross Profit": 9,
        "Operating Income": 8,
        "EBIT": 8,
        "Net Income": 5
    },
    "2011-06-30": {
        "Diluted EPS": 0.58,
        "Total Revenue": 9,
        "Gross Profit": 9,
        "Operating Income": 8,
        "EBIT": 8,
        "Net Income": 5
    },
    "2011-03-31": {
        "Diluted EPS": 0.35,
        "Total Revenue": 6,
        "Gross Profit": 6,
        "Operating Income": 5,
        "EBIT": 5,
        "Net Income": 3
    },
    "2010-12-31": {
        "Diluted EPS": 0.3,
        "Total Revenue": 5,
        "Gross Profit": 5,
        "Operating Income": 4,
        "EBIT": 4,
        "Net Income": 3
    },
    "2010-09-30": {
        "Diluted EPS": 0.23,
        "Total Revenue": 4,
        "Gross Profit": 4,
        "Operating Income": 3,
        "EBIT": 3,
        "Net Income": 2
    },
    "2010-06-30": {
        "Diluted EPS": 0.39,
        "Total Revenue": 6,
        "Gross Profit": 6,
        "Operating Income": 6,
        "EBIT": 6,
        "Net Income": 4
    },
    "2010-03-31": {
        "Diluted EPS": 0.25,
        "Total Revenue": 4,
        "Gross Profit": 4,
        "Operating Income": 3,
        "EBIT": 3,
        "Net Income": 2
    },
    "2009-12-31": {
        "Diluted EPS": 0.19,
        "Total Revenue": 4,
        "Gross Profit": 4,
        "Operating Income": 3,
        "EBIT": 3,
        "Net Income": 2
    },
    "2009-09-30": {
        "Diluted EPS": 0.19,
        "Total Revenue": 3,
        "Gross Profit": 3,
        "Operating Income": 3,
        "EBIT": 3,
        "Net Income": 2
    },
    "2009-06-30": {
        "Diluted EPS": 0.24,
        "Total Revenue": 4,
        "Gross Profit": 4,
        "Operating Income": 3,
        "EBIT": 3,
        "Net Income": 2
    },
    "2009-03-31": {
        "Diluted EPS": 0.07,
        "Total Revenue": 2,
        "Gross Profit": 2,
        "Operating Income": 1,
        "EBIT": 1,
        "Net Income": 1
    },
    "2023-09-30": {
        "Tax Effect Of Unusual Items": 0.0,
        "Tax Rate For Calcs": 0.217605,
        "Normalized EBITDA": 126958000.0,
        "Net Income From Continuing Operation Net Minority Interest": 105574000.0,
        "Reconciled Depreciation": NaN,
        "Reconciled Cost Of Revenue": 12137000.0,
        "EBITDA": 126958000.0,
        "EBIT": 126958000.0,
        "Normalized Income": 105574000.0,
        "Net Income From Continuing And Discontinued Operation": 105574000.0,
        "Total Expenses": 31009000.0,
        "Total Operating Income As Reported": 126958000.0,
        "Diluted Average Shares": 7681774.0,
        "Basic Average Shares": 7675521.0,
        "Diluted EPS": 13.74,
        "Basic EPS": 13.75,
        "Diluted NI Availto Com Stockholders": 105574000.0,
        "Net Income Common Stockholders": 105574000.0,
        "Net Income": 105574000.0,
        "Net Income Including Noncontrolling Interests": 105574000.0,
        "Net Income Continuous Operations": 105574000.0,
        "Tax Provision": 29363000.0,
        "Pretax Income": 134937000.0,
        "Other Income Expense": 7979000.0,
        "Other Non Operating Income Expenses": 7979000.0,
        "Operating Income": 126958000.0,
        "Operating Expense": 18872000.0,
        "Other Taxes": 1781000.0,
        "Selling General And Administration": 17091000.0,
        "General And Administrative Expense": 17091000.0,
        "Other Gand A": 5592000.0,
        "Salaries And Wages": 11499000.0,
        "Gross Profit": 145830000.0,
        "Cost Of Revenue": 12137000.0,
        "Total Revenue": 157967000.0,
        "Operating Revenue": 157967000.0
    }
}