{
    "2023-03-31": {
        "Tax Effect Of Unusual Items": 0.0,
        "Tax Rate For Calcs": 0.222,
        "Normalized EBITDA": 177000000.0,
        "Net Income From Continuing Operation Net Minority Interest": 85300000.0,
        "Reconciled Depreciation": 33800000.0,
        "Reconciled Cost Of Revenue": 708200000.0,
        "EBITDA": 177000000.0,
        "EBIT": 143200000.0,
        "Net Interest Income": -32800000.0,
        "Interest Expense": 32800000.0,
        "Normalized Income": 85300000.0,
        "Net Income From Continuing And Discontinued Operation": 85300000.0,
        "Total Expenses": 1069400000.0,
        "Total Operating Income As Reported": 143300000.0,
        "Diluted Average Shares": 176800000.0,
        "Basic Average Shares": 172000000.0,
        "Diluted EPS": 0.48,
        "Basic EPS": 0.5,
        "Diluted NI Availto Com Stockholders": 85300000.0,
        "Net Income Common Stockholders": 85300000.0,
        "Net Income": 85300000.0,
        "Minority Interests": -600000.0,
        "Net Income Including Noncontrolling Interests": 85900000.0,
        "Net Income Discontinuous Operations": NaN,
        "Net Income Continuous Operations": 85900000.0,
        "Tax Provision": 24500000.0,
        "Pretax Income": 110400000.0,
        "Other Income Expense": 4500000.0,
        "Other Non Operating Income Expenses": -100000.0,
        "Earnings From Equity Interest": 4600000.0,
        "Net Non Operating Interest Income Expense": -32800000.0,
        "Interest Expense Non Operating": 32800000.0,
        "Operating Income": 138700000.0,
        "Operating Expense": 361200000.0,
        "Selling General And Administration": 361200000.0,
        "Selling And Marketing Expense": 256700000.0,
        "General And Administrative Expense": 104500000.0,
        "Other Gand A": 104500000.0,
        "Gross Profit": 499900000.0,
        "Cost Of Revenue": 708200000.0,
        "Total Revenue": 1208100000.0,
        "Operating Revenue": 1208100000.0
    },
    "2022-12-31": {
        "Tax Effect Of Unusual Items": 0.0,
        "Tax Rate For Calcs": 0.101232,
        "Normalized EBITDA": 179000000.0,
        "Total Unusual Items": 0.0,
        "Total Unusual Items Excluding Goodwill": 0.0,
        "Net Income From Continuing Operation Net Minority Interest": 101300000.0,
        "Reconciled Depreciation": 33800000.0,
        "Reconciled Cost Of Revenue": 698200000.0,
        "EBITDA": 179000000.0,
        "EBIT": 145200000.0,
        "Net Interest Income": -31600000.0,
        "Interest Expense": 31600000.0,
        "Normalized Income": 101300000.0,
        "Net Income From Continuing And Discontinued Operation": 101700000.0,
        "Total Expenses": 1047000000.0,
        "Total Operating Income As Reported": 147100000.0,
        "Diluted Average Shares": 177000000.0,
        "Basic Average Shares": 170900000.0,
        "Diluted EPS": 0.57,
        "Basic EPS": 0.6,
        "Diluted NI Availto Com Stockholders": 101700000.0,
        "Net Income Common Stockholders": 101700000.0,
        "Net Income": 101700000.0,
        "Minority Interests": -800000.0,
        "Net Income Including Noncontrolling Interests": 102500000.0,
        "Net Income Discontinuous Operations": 400000.0,
        "Net Income Continuous Operations": 102100000.0,
        "Tax Provision": 11500000.0,
        "Pretax Income": 113600000.0,
        "Other Income Expense": 4800000.0,
        "Other Non Operating Income Expenses": -1900000.0,
        "Special Income Charges": 0.0,
        "Earnings From Equity Interest": 6700000.0,
        "Net Non Operating Interest Income Expense": -31600000.0,
        "Interest Expense Non Operating": 31600000.0,
        "Operating Income": 140400000.0,
        "Operating Expense": 348800000.0,
        "Selling General And Administration": 348800000.0,
        "Selling And Marketing Expense": 247800000.0,
        "General And Administrative Expense": 101000000.0,
        "Other Gand A": 101000000.0,
        "Gross Profit": 489200000.0,
        "Cost Of Revenue": 698200000.0,
        "Total Revenue": 1187400000.0,
        "Operating Revenue": 1187400000.0
    },
    "2022-09-30": {
        "Tax Effect Of Unusual Items": 0.0,
        "Tax Rate For Calcs": 0.234723,
        "Normalized EBITDA": 233900000.0,
        "Total Unusual Items": 0.0,
        "Total Unusual Items Excluding Goodwill": 0.0,
        "Net Income From Continuing Operation Net Minority Interest": 133500000.0,
        "Reconciled Depreciation": 32000000.0,
        "Reconciled Cost Of Revenue": 742200000.0,
        "EBITDA": 233900000.0,
        "EBIT": 201900000.0,
        "Net Interest Income": -26800000.0,
        "Interest Expense": 26800000.0,
        "Normalized Income": 133500000.0,
        "Net Income From Continuing And Discontinued Operation": 132700000.0,
        "Total Expenses": 1087200000.0,
        "Total Operating Income As Reported": 201000000.0,
        "Diluted Average Shares": 177000000.0,
        "Basic Average Shares": 171900000.0,
        "Diluted EPS": 0.75,
        "Basic EPS": 0.77,
        "Diluted NI Availto Com Stockholders": 132700000.0,
        "Net Income Common Stockholders": 132700000.0,
        "Net Income": 132700000.0,
        "Minority Interests": -500000.0,
        "Net Income Including Noncontrolling Interests": 133200000.0,
        "Net Income Discontinuous Operations": -800000.0,
        "Net Income Continuous Operations": 134000000.0,
        "Tax Provision": 41100000.0,
        "Pretax Income": 175100000.0,
        "Other Income Expense": 5800000.0,
        "Other Non Operating Income Expenses": 900000.0,
        "Special Income Charges": 0.0,
        "Earnings From Equity Interest": 4900000.0,
        "Net Non Operating Interest Income Expense": -26800000.0,
        "Interest Expense Non Operating": 26800000.0,
        "Operating Income": 196100000.0,
        "Operating Expense": 345000000.0,
        "Selling General And Administration": 345000000.0,
        "Selling And Marketing Expense": 248300000.0,
        "General And Administrative Expense": 96700000.0,
        "Other Gand A": 96700000.0,
        "Gross Profit": 541100000.0,
        "Cost Of Revenue": 742200000.0,
        "Total Revenue": 1283300000.0,
        "Operating Revenue": 1283300000.0
    },
    "2022-06-30": {
        "Tax Effect Of Unusual Items": 0.0,
        "Tax Rate For Calcs": 0.23682,
        "Normalized EBITDA": 174100000.0,
        "Total Unusual Items": 0.0,
        "Total Unusual Items Excluding Goodwill": 0.0,
        "Net Income From Continuing Operation Net Minority Interest": 90600000.0,
        "Reconciled Depreciation": 30900000.0,
        "Reconciled Cost Of Revenue": 714500000.0,
        "EBITDA": 174100000.0,
        "EBIT": 143200000.0,
        "Net Interest Income": -23700000.0,
        "Interest Expense": 23700000.0,
        "Normalized Income": 90600000.0,
        "Net Income From Continuing And Discontinued Operation": 90600000.0,
        "Total Expenses": 1069700000.0,
        "Total Operating Income As Reported": 143900000.0,
        "Diluted Average Shares": 178800000.0,
        "Basic Average Shares": 174100000.0,
        "Diluted EPS": 0.51,
        "Basic EPS": 0.52,
        "Diluted NI Availto Com Stockholders": 90600000.0,
        "Net Income Common Stockholders": 90600000.0,
        "Net Income": 90600000.0,
        "Minority Interests": -600000.0,
        "Net Income Including Noncontrolling Interests": 91200000.0,
        "Net Income Discontinuous Operations": 0.0,
        "Net Income Continuous Operations": 91200000.0,
        "Tax Provision": 28300000.0,
        "Pretax Income": 119500000.0,
        "Other Income Expense": 1900000.0,
        "Other Non Operating Income Expenses": -700000.0,
        "Special Income Charges": 0.0,
        "Earnings From Equity Interest": 2600000.0,
        "Net Non Operating Interest Income Expense": -23700000.0,
        "Interest Expense Non Operating": 23700000.0,
        "Operating Income": 141300000.0,
        "Operating Expense": 355200000.0,
        "Selling General And Administration": 355200000.0,
        "Selling And Marketing Expense": 252900000.0,
        "General And Administrative Expense": 102300000.0,
        "Other Gand A": 102300000.0,
        "Gross Profit": 496500000.0,
        "Cost Of Revenue": 714500000.0,
        "Total Revenue": 1211000000.0,
        "Operating Revenue": 1211000000.0
    },
    "2023-06-30": {
        "Tax Effect Of Unusual Items": 0.0,
        "Tax Rate For Calcs": 0.257,
        "Normalized EBITDA": 191600000.0,
        "Net Income From Continuing Operation Net Minority Interest": 92400000.0,
        "Reconciled Depreciation": 32600000.0,
        "Reconciled Cost Of Revenue": 727400000.0,
        "EBITDA": 191600000.0,
        "EBIT": 159000000.0,
        "Net Interest Income": -33600000.0,
        "Interest Expense": 33600000.0,
        "Normalized Income": 92400000.0,
        "Net Income From Continuing And Discontinued Operation": 92400000.0,
        "Total Expenses": 1115100000.0,
        "Total Operating Income As Reported": 158800000.0,
        "Diluted Average Shares": 176800000.0,
        "Basic Average Shares": 172100000.0,
        "Diluted EPS": 0.52,
        "Basic EPS": 0.54,
        "Diluted NI Availto Com Stockholders": 92400000.0,
        "Net Income Common Stockholders": 92400000.0,
        "Net Income": 92400000.0,
        "Minority Interests": -800000.0,
        "Net Income Including Noncontrolling Interests": 93200000.0,
        "Net Income Discontinuous Operations": NaN,
        "Net Income Continuous Operations": 93200000.0,
        "Tax Provision": 32200000.0,
        "Pretax Income": 125400000.0,
        "Other Income Expense": 4400000.0,
        "Other Non Operating Income Expenses": 200000.0,
        "Earnings From Equity Interest": 4200000.0,
        "Net Non Operating Interest Income Expense": -33600000.0,
        "Interest Expense Non Operating": 33600000.0,
        "Operating Income": 154600000.0,
        "Operating Expense": 387700000.0,
        "Selling General And Administration": 387700000.0,
        "Selling And Marketing Expense": 270200000.0,
        "General And Administrative Expense": 117500000.0,
        "Other Gand A": 117500000.0,
        "Gross Profit": 542300000.0,
        "Cost Of Revenue": 727400000.0,
        "Total Revenue": 1269700000.0,
        "Operating Revenue": 1269700000.0
    },
    "2022-03-31": {
        "Diluted EPS": 0.69,
        "Total Revenue": NaN,
        "Gross Profit": 523,
        "Operating Income": 189,
        "EBIT": 234,
        "Net Income": 131
    },
    "2021-12-31": {
        "Diluted EPS": 0.88,
        "Total Revenue": NaN,
        "Gross Profit": 605,
        "Operating Income": 251,
        "EBIT": 298,
        "Net Income": 176
    },
    "2021-09-30": {
        "Diluted EPS": 0.87,
        "Total Revenue": NaN,
        "Gross Profit": 577,
        "Operating Income": 250,
        "EBIT": 296,
        "Net Income": 177
    },
    "2021-06-30": {
        "Diluted EPS": 0.69,
        "Total Revenue": NaN,
        "Gross Profit": 518,
        "Operating Income": 223,
        "EBIT": 266,
        "Net Income": 141
    },
    "2021-03-31": {
        "Diluted EPS": 0.62,
        "Total Revenue": NaN,
        "Gross Profit": 459,
        "Operating Income": 188,
        "EBIT": 231,
        "Net Income": 131
    },
    "2020-12-31": {
        "Diluted EPS": 0.68,
        "Total Revenue": NaN,
        "Gross Profit": 485,
        "Operating Income": 193,
        "EBIT": 237,
        "Net Income": 145
    },
    "2020-09-30": {
        "Diluted EPS": 0.57,
        "Total Revenue": NaN,
        "Gross Profit": 530,
        "Operating Income": 180,
        "EBIT": 278,
        "Net Income": 121
    },
    "2020-06-30": {
        "Diluted EPS": 0.11,
        "Total Revenue": 665,
        "Gross Profit": 266,
        "Operating Income": 53,
        "EBIT": 86,
        "Net Income": 23
    },
    "2020-03-31": {
        "Diluted EPS": 0.28,
        "Total Revenue": 822,
        "Gross Profit": 357,
        "Operating Income": 105,
        "EBIT": 137,
        "Net Income": 60
    },
    "2019-12-31": {
        "Diluted EPS": 0.22,
        "Total Revenue": 871,
        "Gross Profit": 386,
        "Operating Income": 85,
        "EBIT": 115,
        "Net Income": 46
    },
    "2019-09-30": {
        "Diluted EPS": 0.33,
        "Total Revenue": 821,
        "Gross Profit": 361,
        "Operating Income": 121,
        "EBIT": 151,
        "Net Income": 73
    },
    "2019-06-30": {
        "Diluted EPS": 0.19,
        "Total Revenue": 723,
        "Gross Profit": 313,
        "Operating Income": 81,
        "EBIT": 110,
        "Net Income": 42
    },
    "2019-03-31": {
        "Diluted EPS": 0.13,
        "Total Revenue": 691,
        "Gross Profit": 282,
        "Operating Income": 61,
        "EBIT": 89,
        "Net Income": 28
    },
    "2018-12-31": {
        "Diluted EPS": 0.06,
        "Total Revenue": 676,
        "Gross Profit": 283,
        "Operating Income": 58,
        "EBIT": 86,
        "Net Income": 12
    },
    "2018-09-30": {
        "Diluted EPS": 0.19,
        "Total Revenue": 730,
        "Gross Profit": 300,
        "Operating Income": 85,
        "EBIT": 115,
        "Net Income": 42
    },
    "2018-06-30": {
        "Diluted EPS": 0.11,
        "Total Revenue": 660,
        "Gross Profit": 273,
        "Operating Income": 58,
        "EBIT": 86,
        "Net Income": 23
    },
    "2018-03-31": {
        "Diluted EPS": 0.11,
        "Total Revenue": 637,
        "Gross Profit": 265,
        "Operating Income": 56,
        "EBIT": 83,
        "Net Income": 23
    },
    "2017-12-31": {
        "Diluted EPS": 0.22,
        "Total Revenue": 608,
        "Gross Profit": 259,
        "Operating Income": 82,
        "EBIT": 108,
        "Net Income": 48
    },
    "2017-09-30": {
        "Diluted EPS": 0.2,
        "Total Revenue": 712,
        "Gross Profit": 307,
        "Operating Income": 97,
        "EBIT": 124,
        "Net Income": 45
    },
    "2017-06-30": {
        "Diluted EPS": 0.11,
        "Total Revenue": 659,
        "Gross Profit": 269,
        "Operating Income": 57,
        "EBIT": 83,
        "Net Income": 25
    },
    "2017-03-31": {
        "Diluted EPS": 0.16,
        "Total Revenue": 722,
        "Gross Profit": 287,
        "Operating Income": 60,
        "EBIT": 76,
        "Net Income": 34
    },
    "2016-12-31": {
        "Diluted EPS": 0.22,
        "Total Revenue": 722,
        "Gross Profit": 300,
        "Operating Income": 105,
        "EBIT": 125,
        "Net Income": 52
    },
    "2016-09-30": {
        "Diluted EPS": 0.33,
        "Total Revenue": 832,
        "Gross Profit": 362,
        "Operating Income": 131,
        "EBIT": 155,
        "Net Income": 78
    },
    "2016-06-30": {
        "Diluted EPS": 0.09,
        "Total Revenue": 804,
        "Gross Profit": 337,
        "Operating Income": 100,
        "EBIT": 124,
        "Net Income": 21
    },
    "2016-03-31": {
        "Diluted EPS": 0.16,
        "Total Revenue": 721,
        "Gross Profit": 291,
        "Operating Income": 77,
        "EBIT": 102,
        "Net Income": 40
    },
    "2015-12-31": {
        "Diluted EPS": -0.08,
        "Total Revenue": 771,
        "Gross Profit": 313,
        "Operating Income": 89,
        "EBIT": 113,
        "Net Income": -20
    },
    "2015-09-30": {
        "Diluted EPS": 0.16,
        "Total Revenue": 880,
        "Gross Profit": 360,
        "Operating Income": 111,
        "EBIT": 148,
        "Net Income": 40
    },
    "2015-06-30": {
        "Diluted EPS": 0.09,
        "Total Revenue": 764,
        "Gross Profit": 298,
        "Operating Income": 52,
        "EBIT": 81,
        "Net Income": 21
    },
    "2015-03-31": {
        "Diluted EPS": 0.1,
        "Total Revenue": 740,
        "Gross Profit": 279,
        "Operating Income": 54,
        "EBIT": 78,
        "Net Income": 23
    },
    "2014-12-31": {
        "Diluted EPS": 0.19,
        "Total Revenue": 746,
        "Gross Profit": 294,
        "Operating Income": 77,
        "EBIT": 101,
        "Net Income": 47
    },
    "2014-09-30": {
        "Diluted EPS": 0.15,
        "Total Revenue": 827,
        "Gross Profit": 319,
        "Operating Income": 87,
        "EBIT": 114,
        "Net Income": 37
    },
    "2014-06-30": {
        "Diluted EPS": -0.01,
        "Total Revenue": 715,
        "Gross Profit": 268,
        "Operating Income": 50,
        "EBIT": 74,
        "Net Income": -2
    },
    "2014-03-31": {
        "Diluted EPS": 0.11,
        "Total Revenue": 702,
        "Gross Profit": 270,
        "Operating Income": 62,
        "EBIT": 89,
        "Net Income": 27
    },
    "2013-12-31": {
        "Diluted EPS": 0.12,
        "Total Revenue": 678,
        "Gross Profit": 273,
        "Operating Income": 74,
        "EBIT": 102,
        "Net Income": 28
    },
    "2013-09-30": {
        "Diluted EPS": 0.16,
        "Total Revenue": 736,
        "Gross Profit": 299,
        "Operating Income": 81,
        "EBIT": 110,
        "Net Income": 40
    },
    "2013-06-30": {
        "Diluted EPS": -0.01,
        "Total Revenue": 661,
        "Gross Profit": 255,
        "Operating Income": 44,
        "EBIT": 71,
        "Net Income": -2
    },
    "2013-03-31": {
        "Diluted EPS": 0.05,
        "Total Revenue": 390,
        "Gross Profit": 188,
        "Operating Income": 45,
        "EBIT": 60,
        "Net Income": 13
    },
    "2012-12-31": {
        "Diluted EPS": 0.11,
        "Total Revenue": 341,
        "Gross Profit": 171,
        "Operating Income": 51,
        "EBIT": 63,
        "Net Income": 24
    },
    "2012-09-30": {
        "Diluted EPS": -0.01,
        "Total Revenue": 348,
        "Gross Profit": 171,
        "Operating Income": 63,
        "EBIT": 69,
        "Net Income": -2
    },
    "2012-06-30": {
        "Diluted EPS": 0.11,
        "Total Revenue": 330,
        "Gross Profit": 167,
        "Operating Income": 48,
        "EBIT": 60,
        "Net Income": 29
    },
    "2012-03-31": {
        "Diluted EPS": 0.22,
        "Total Revenue": 384,
        "Gross Profit": 206,
        "Operating Income": 86,
        "EBIT": 100,
        "Net Income": 56
    },
    "2011-12-31": {
        "Diluted EPS": 0.21,
        "Total Revenue": 367,
        "Gross Profit": 191,
        "Operating Income": 86,
        "EBIT": 101,
        "Net Income": 56
    },
    "2011-09-30": {
        "Diluted EPS": 0.23,
        "Total Revenue": 383,
        "Gross Profit": 201,
        "Operating Income": 97,
        "EBIT": 109,
        "Net Income": 62
    },
    "2011-06-30": {
        "Diluted EPS": 0.19,
        "Total Revenue": 342,
        "Gross Profit": 181,
        "Operating Income": 83,
        "EBIT": 96,
        "Net Income": 53
    },
    "2011-03-31": {
        "Diluted EPS": 0.17,
        "Total Revenue": 326,
        "Gross Profit": 170,
        "Operating Income": 75,
        "EBIT": 87,
        "Net Income": 48
    },
    "2010-12-31": {
        "Diluted EPS": 0.16,
        "Total Revenue": 293,
        "Gross Profit": 152,
        "Operating Income": 72,
        "EBIT": 84,
        "Net Income": 46
    },
    "2010-09-30": {
        "Diluted EPS": 0.16,
        "Total Revenue": 296,
        "Gross Profit": 151,
        "Operating Income": 68,
        "EBIT": 79,
        "Net Income": 44
    },
    "2010-06-30": {
        "Diluted EPS": 0.12,
        "Total Revenue": 263,
        "Gross Profit": 128,
        "Operating Income": 54,
        "EBIT": 65,
        "Net Income": 34
    },
    "2010-03-31": {
        "Diluted EPS": 0.11,
        "Total Revenue": 254,
        "Gross Profit": 125,
        "Operating Income": 52,
        "EBIT": 62,
        "Net Income": 33
    },
    "2009-12-31": {
        "Diluted EPS": 0.1,
        "Total Revenue": 245,
        "Gross Profit": 119,
        "Operating Income": 47,
        "EBIT": 58,
        "Net Income": 29
    },
    "2009-09-30": {
        "Diluted EPS": 0.09,
        "Total Revenue": 224,
        "Gross Profit": 107,
        "Operating Income": 43,
        "EBIT": 53,
        "Net Income": 26
    },
    "2009-06-30": {
        "Diluted EPS": 0.06,
        "Total Revenue": 185,
        "Gross Profit": 86,
        "Operating Income": 29,
        "EBIT": 39,
        "Net Income": 17
    },
    "2009-03-31": {
        "Diluted EPS": 0.05,
        "Total Revenue": 177,
        "Gross Profit": 82,
        "Operating Income": 26,
        "EBIT": 36,
        "Net Income": 13
    },
    "2023-09-30": {
        "Tax Effect Of Unusual Items": 0.0,
        "Tax Rate For Calcs": 0.244,
        "Normalized EBITDA": 216500000.0,
        "Net Income From Continuing Operation Net Minority Interest": 113300000.0,
        "Reconciled Depreciation": 33200000.0,
        "Reconciled Cost Of Revenue": 703400000.0,
        "EBITDA": 216500000.0,
        "EBIT": 183300000.0,
        "Net Interest Income": -32600000.0,
        "Interest Expense": 32600000.0,
        "Normalized Income": 113300000.0,
        "Net Income From Continuing And Discontinued Operation": 113300000.0,
        "Total Expenses": 1098500000.0,
        "Total Operating Income As Reported": 183200000.0,
        "Diluted Average Shares": 177600000.0,
        "Basic Average Shares": 172200000.0,
        "Diluted EPS": 0.64,
        "Basic EPS": 0.66,
        "Diluted NI Availto Com Stockholders": 113300000.0,
        "Net Income Common Stockholders": 113300000.0,
        "Net Income": 113300000.0,
        "Minority Interests": -600000.0,
        "Net Income Including Noncontrolling Interests": 113900000.0,
        "Net Income Discontinuous Operations": 0.0,
        "Net Income Continuous Operations": 113900000.0,
        "Tax Provision": 36800000.0,
        "Pretax Income": 150700000.0,
        "Other Income Expense": 4700000.0,
        "Other Non Operating Income Expenses": 100000.0,
        "Earnings From Equity Interest": 4600000.0,
        "Net Non Operating Interest Income Expense": -32600000.0,
        "Interest Expense Non Operating": 32600000.0,
        "Operating Income": 178600000.0,
        "Operating Expense": 395100000.0,
        "Selling General And Administration": 395100000.0,
        "Selling And Marketing Expense": 272900000.0,
        "General And Administrative Expense": 122200000.0,
        "Other Gand A": 122200000.0,
        "Gross Profit": 573700000.0,
        "Cost Of Revenue": 703400000.0,
        "Total Revenue": 1277100000.0,
        "Operating Revenue": 1277100000.0
    },
    "2023-12-31": {
        "Tax Effect Of Unusual Items": 0.0,
        "Tax Rate For Calcs": 0.113014,
        "Normalized EBITDA": 154200000.0,
        "Net Income From Continuing Operation Net Minority Interest": 77100000.0,
        "Reconciled Depreciation": 35700000.0,
        "Reconciled Cost Of Revenue": 657700000.0,
        "EBITDA": 154200000.0,
        "EBIT": 118500000.0,
        "Net Interest Income": -30900000.0,
        "Interest Expense": 30900000.0,
        "Normalized Income": 77100000.0,
        "Net Income From Continuing And Discontinued Operation": 77100000.0,
        "Total Expenses": 1058200000.0,
        "Total Operating Income As Reported": 121900000.0,
        "Diluted Average Shares": NaN,
        "Basic Average Shares": NaN,
        "Diluted EPS": NaN,
        "Basic EPS": NaN,
        "Diluted NI Availto Com Stockholders": 77100000.0,
        "Net Income Common Stockholders": 77100000.0,
        "Net Income": 77100000.0,
        "Minority Interests": -600000.0,
        "Net Income Including Noncontrolling Interests": 77700000.0,
        "Net Income Discontinuous Operations": 0.0,
        "Net Income Continuous Operations": 77700000.0,
        "Tax Provision": 9900000.0,
        "Pretax Income": 87600000.0,
        "Other Income Expense": 6200000.0,
        "Other Non Operating Income Expenses": NaN,
        "Earnings From Equity Interest": 9600000.0,
        "Net Non Operating Interest Income Expense": -30900000.0,
        "Interest Expense Non Operating": 30900000.0,
        "Operating Income": 112300000.0,
        "Operating Expense": 400500000.0,
        "Selling General And Administration": 400500000.0,
        "Selling And Marketing Expense": 263600000.0,
        "General And Administrative Expense": 136900000.0,
        "Other Gand A": 136900000.0,
        "Gross Profit": 512800000.0,
        "Cost Of Revenue": 657700000.0,
        "Total Revenue": 1170500000.0,
        "Operating Revenue": 1170500000.0
    }
}