{
    "2023-09-30": {
        "Tax Effect Of Unusual Items": 0.0,
        "Tax Rate For Calcs": 0.0,
        "Normalized EBITDA": -5084000.0,
        "Total Unusual Items": 0.0,
        "Total Unusual Items Excluding Goodwill": 0.0,
        "Net Income From Continuing Operation Net Minority Interest": -4739000.0,
        "Reconciled Depreciation": 5000.0,
        "EBITDA": -5084000.0,
        "EBIT": -5089000.0,
        "Normalized Income": -4739000.0,
        "Net Income From Continuing And Discontinued Operation": -4739000.0,
        "Total Expenses": 5146000.0,
        "Total Operating Income As Reported": -5089000.0,
        "Diluted Average Shares": 840117.0,
        "Basic Average Shares": 840117.0,
        "Diluted EPS": -5.64,
        "Basic EPS": -5.64,
        "Diluted NI Availto Com Stockholders": -4739000.0,
        "Net Income Common Stockholders": -4739000.0,
        "Net Income": -4739000.0,
        "Net Income Including Noncontrolling Interests": -4739000.0,
        "Net Income Continuous Operations": -4739000.0,
        "Pretax Income": -4739000.0,
        "Other Income Expense": 350000.0,
        "Other Non Operating Income Expenses": 350000.0,
        "Special Income Charges": 0.0,
        "Other Special Charges": NaN,
        "Operating Income": -5089000.0,
        "Operating Expense": 5146000.0,
        "Research And Development": 2460000.0,
        "Selling General And Administration": 2686000.0,
        "General And Administrative Expense": 2686000.0,
        "Other Gand A": 2686000.0,
        "Insurance And Claims": 235000.0,
        "Salaries And Wages": 929000.0,
        "Total Revenue": 57000.0,
        "Operating Revenue": 57000.0
    },
    "2023-06-30": {
        "Tax Effect Of Unusual Items": NaN,
        "Tax Rate For Calcs": NaN,
        "Normalized EBITDA": NaN,
        "Total Unusual Items": 0.0,
        "Total Unusual Items Excluding Goodwill": 0.0,
        "Net Income From Continuing Operation Net Minority Interest": NaN,
        "Reconciled Depreciation": NaN,
        "EBITDA": NaN,
        "EBIT": NaN,
        "Normalized Income": NaN,
        "Net Income From Continuing And Discontinued Operation": NaN,
        "Total Expenses": NaN,
        "Total Operating Income As Reported": NaN,
        "Diluted Average Shares": 839190.0,
        "Basic Average Shares": 839190.0,
        "Diluted EPS": -5.0,
        "Basic EPS": -5.0,
        "Diluted NI Availto Com Stockholders": NaN,
        "Net Income Common Stockholders": NaN,
        "Net Income": NaN,
        "Net Income Including Noncontrolling Interests": NaN,
        "Net Income Continuous Operations": NaN,
        "Pretax Income": NaN,
        "Other Income Expense": NaN,
        "Other Non Operating Income Expenses": NaN,
        "Special Income Charges": 0.0,
        "Other Special Charges": NaN,
        "Operating Income": NaN,
        "Operating Expense": NaN,
        "Research And Development": NaN,
        "Selling General And Administration": NaN,
        "General And Administrative Expense": NaN,
        "Other Gand A": NaN,
        "Insurance And Claims": 275000.0,
        "Salaries And Wages": 1037000.0,
        "Total Revenue": NaN,
        "Operating Revenue": NaN
    },
    "2023-03-31": {
        "Tax Effect Of Unusual Items": NaN,
        "Tax Rate For Calcs": NaN,
        "Normalized EBITDA": NaN,
        "Total Unusual Items": NaN,
        "Total Unusual Items Excluding Goodwill": NaN,
        "Net Income From Continuing Operation Net Minority Interest": NaN,
        "Reconciled Depreciation": NaN,
        "EBITDA": NaN,
        "EBIT": NaN,
        "Normalized Income": NaN,
        "Net Income From Continuing And Discontinued Operation": NaN,
        "Total Expenses": NaN,
        "Total Operating Income As Reported": NaN,
        "Diluted Average Shares": NaN,
        "Basic Average Shares": NaN,
        "Diluted EPS": NaN,
        "Basic EPS": NaN,
        "Diluted NI Availto Com Stockholders": NaN,
        "Net Income Common Stockholders": NaN,
        "Net Income": NaN,
        "Net Income Including Noncontrolling Interests": NaN,
        "Net Income Continuous Operations": NaN,
        "Pretax Income": NaN,
        "Other Income Expense": NaN,
        "Other Non Operating Income Expenses": NaN,
        "Special Income Charges": NaN,
        "Other Special Charges": NaN,
        "Operating Income": NaN,
        "Operating Expense": NaN,
        "Research And Development": NaN,
        "Selling General And Administration": NaN,
        "General And Administrative Expense": NaN,
        "Other Gand A": NaN,
        "Insurance And Claims": 256000.0,
        "Salaries And Wages": 1076000.0,
        "Total Revenue": NaN,
        "Operating Revenue": NaN
    },
    "2023-12-31": {
        "Tax Effect Of Unusual Items": 0.0,
        "Tax Rate For Calcs": 0.0,
        "Normalized EBITDA": -4458000.0,
        "Total Unusual Items": NaN,
        "Total Unusual Items Excluding Goodwill": NaN,
        "Net Income From Continuing Operation Net Minority Interest": -4184000.0,
        "Reconciled Depreciation": 4000.0,
        "EBITDA": -4458000.0,
        "EBIT": -4462000.0,
        "Normalized Income": -4184000.0,
        "Net Income From Continuing And Discontinued Operation": -4184000.0,
        "Total Expenses": 4518000.0,
        "Total Operating Income As Reported": -4462000.0,
        "Diluted Average Shares": NaN,
        "Basic Average Shares": NaN,
        "Diluted EPS": NaN,
        "Basic EPS": NaN,
        "Diluted NI Availto Com Stockholders": -4184000.0,
        "Net Income Common Stockholders": -4184000.0,
        "Net Income": -4184000.0,
        "Net Income Including Noncontrolling Interests": -4184000.0,
        "Net Income Continuous Operations": -4184000.0,
        "Pretax Income": -4184000.0,
        "Other Income Expense": 278000.0,
        "Other Non Operating Income Expenses": 278000.0,
        "Special Income Charges": NaN,
        "Other Special Charges": NaN,
        "Operating Income": -4462000.0,
        "Operating Expense": 4518000.0,
        "Research And Development": 2434000.0,
        "Selling General And Administration": 2084000.0,
        "General And Administrative Expense": 2084000.0,
        "Other Gand A": 926000.0,
        "Insurance And Claims": 219000.0,
        "Salaries And Wages": 939000.0,
        "Total Revenue": 56000.0,
        "Operating Revenue": 56000.0
    },
    "2024-03-31": {
        "Tax Effect Of Unusual Items": 0.0,
        "Tax Rate For Calcs": 0.0,
        "Normalized EBITDA": -5208000.0,
        "Total Unusual Items": NaN,
        "Total Unusual Items Excluding Goodwill": NaN,
        "Net Income From Continuing Operation Net Minority Interest": -4983000.0,
        "Reconciled Depreciation": 4000.0,
        "EBITDA": -5208000.0,
        "EBIT": -5212000.0,
        "Normalized Income": -4983000.0,
        "Net Income From Continuing And Discontinued Operation": -4983000.0,
        "Total Expenses": 5268000.0,
        "Total Operating Income As Reported": -5212000.0,
        "Diluted Average Shares": 841738.0,
        "Basic Average Shares": 841738.0,
        "Diluted EPS": -6.0,
        "Basic EPS": -6.0,
        "Diluted NI Availto Com Stockholders": -4983000.0,
        "Net Income Common Stockholders": -4983000.0,
        "Net Income": -4983000.0,
        "Net Income Including Noncontrolling Interests": -4983000.0,
        "Net Income Continuous Operations": -4983000.0,
        "Pretax Income": -4983000.0,
        "Other Income Expense": 229000.0,
        "Other Non Operating Income Expenses": 229000.0,
        "Special Income Charges": NaN,
        "Other Special Charges": NaN,
        "Operating Income": -5212000.0,
        "Operating Expense": 5268000.0,
        "Research And Development": 1912000.0,
        "Selling General And Administration": 3356000.0,
        "General And Administrative Expense": 3356000.0,
        "Other Gand A": 2303000.0,
        "Insurance And Claims": 99000.0,
        "Salaries And Wages": 954000.0,
        "Total Revenue": 56000.0,
        "Operating Revenue": 56000.0
    },
    "2022-09-30": {
        "Tax Effect Of Unusual Items": NaN,
        "Tax Rate For Calcs": NaN,
        "Normalized EBITDA": NaN,
        "Net Income From Continuing Operation Net Minority Interest": NaN,
        "Reconciled Depreciation": NaN,
        "EBITDA": NaN,
        "EBIT": NaN,
        "Normalized Income": NaN,
        "Net Income From Continuing And Discontinued Operation": NaN,
        "Total Expenses": NaN,
        "Total Operating Income As Reported": NaN,
        "Diluted Average Shares": 20915408.0,
        "Basic Average Shares": 20915408.0,
        "Diluted EPS": -0.26,
        "Basic EPS": -0.26,
        "Diluted NI Availto Com Stockholders": NaN,
        "Net Income Common Stockholders": NaN,
        "Net Income": NaN,
        "Net Income Including Noncontrolling Interests": NaN,
        "Net Income Continuous Operations": NaN,
        "Pretax Income": NaN,
        "Other Income Expense": NaN,
        "Other Non Operating Income Expenses": NaN,
        "Operating Income": NaN,
        "Operating Expense": NaN,
        "Research And Development": NaN,
        "Selling General And Administration": NaN,
        "General And Administrative Expense": NaN,
        "Other Gand A": NaN,
        "Insurance And Claims": NaN,
        "Salaries And Wages": NaN,
        "Total Revenue": NaN,
        "Operating Revenue": NaN
    },
    "2024-06-30": {
        "Tax Effect Of Unusual Items": 0.0,
        "Tax Rate For Calcs": 0.0,
        "Normalized EBITDA": 111584000.0,
        "Total Unusual Items": -117464000.0,
        "Total Unusual Items Excluding Goodwill": -117464000.0,
        "Net Income From Continuing Operation Net Minority Interest": -123143000.0,
        "Reconciled Depreciation": 4000.0,
        "EBITDA": -5880000.0,
        "EBIT": -5884000.0,
        "Normalized Income": -5679000.0,
        "Net Income From Continuing And Discontinued Operation": -123143000.0,
        "Total Expenses": 5941000.0,
        "Total Operating Income As Reported": -123348000.0,
        "Diluted Average Shares": 1012430.0,
        "Basic Average Shares": 1012430.0,
        "Diluted EPS": -121.75,
        "Basic EPS": -121.75,
        "Diluted NI Availto Com Stockholders": -123143000.0,
        "Net Income Common Stockholders": -123143000.0,
        "Net Income": -123143000.0,
        "Net Income Including Noncontrolling Interests": -123143000.0,
        "Net Income Continuous Operations": -123143000.0,
        "Pretax Income": -123143000.0,
        "Other Income Expense": -117259000.0,
        "Other Non Operating Income Expenses": 205000.0,
        "Special Income Charges": -117464000.0,
        "Other Special Charges": 117464000.0,
        "Operating Income": -5884000.0,
        "Operating Expense": 5941000.0,
        "Research And Development": 3964000.0,
        "Selling General And Administration": 1977000.0,
        "General And Administrative Expense": 1977000.0,
        "Other Gand A": 1977000.0,
        "Insurance And Claims": NaN,
        "Salaries And Wages": NaN,
        "Total Revenue": 57000.0,
        "Operating Revenue": 57000.0
    },
    "2024-09-30": {
        "Tax Effect Of Unusual Items": 0.0,
        "Tax Rate For Calcs": 0.0,
        "Normalized EBITDA": -8534000.0,
        "Total Unusual Items": 0.0,
        "Total Unusual Items Excluding Goodwill": 0.0,
        "Net Income From Continuing Operation Net Minority Interest": -8475000.0,
        "Reconciled Depreciation": 2000.0,
        "EBITDA": -8534000.0,
        "EBIT": -8536000.0,
        "Normalized Income": -8475000.0,
        "Net Income From Continuing And Discontinued Operation": -8475000.0,
        "Total Expenses": 8593000.0,
        "Total Operating Income As Reported": -8536000.0,
        "Diluted Average Shares": 961530.0,
        "Basic Average Shares": 961530.0,
        "Diluted EPS": -8.81,
        "Basic EPS": -8.81,
        "Diluted NI Availto Com Stockholders": -8475000.0,
        "Net Income Common Stockholders": -8475000.0,
        "Net Income": -8475000.0,
        "Net Income Including Noncontrolling Interests": -8475000.0,
        "Net Income Continuous Operations": -8475000.0,
        "Pretax Income": -8475000.0,
        "Other Income Expense": 61000.0,
        "Other Non Operating Income Expenses": 61000.0,
        "Special Income Charges": 0.0,
        "Other Special Charges": NaN,
        "Operating Income": -8536000.0,
        "Operating Expense": 8593000.0,
        "Research And Development": 5113000.0,
        "Selling General And Administration": 3480000.0,
        "General And Administrative Expense": 3480000.0,
        "Other Gand A": 3480000.0,
        "Insurance And Claims": NaN,
        "Salaries And Wages": NaN,
        "Total Revenue": 57000.0,
        "Operating Revenue": 57000.0
    }
}