{
    "2023-03-31": {
        "Tax Effect Of Unusual Items": -160000.0,
        "Tax Rate For Calcs": 0.4,
        "Normalized EBITDA": 896000.0,
        "Total Unusual Items": -400000.0,
        "Total Unusual Items Excluding Goodwill": -400000.0,
        "Net Income From Continuing Operation Net Minority Interest": -7074000.0,
        "Reconciled Depreciation": 6200000.0,
        "Reconciled Cost Of Revenue": 67524000.0,
        "EBITDA": 496000.0,
        "EBIT": -5704000.0,
        "Net Interest Income": -1265000.0,
        "Interest Expense": 1265000.0,
        "Normalized Income": -6834000.0,
        "Net Income From Continuing And Discontinued Operation": -15898000.0,
        "Total Expenses": 94033000.0,
        "Total Operating Income As Reported": -6156000.0,
        "Diluted Average Shares": 25244720.0,
        "Basic Average Shares": 25244720.0,
        "Diluted EPS": -0.63,
        "Basic EPS": -0.63,
        "Diluted NI Availto Com Stockholders": -15898000.0,
        "Net Income Common Stockholders": -15898000.0,
        "Net Income": -15898000.0,
        "Net Income Including Noncontrolling Interests": -15898000.0,
        "Net Income Discontinuous Operations": -8824000.0,
        "Net Income Continuous Operations": -7074000.0,
        "Tax Provision": 105000.0,
        "Pretax Income": -6969000.0,
        "Other Income Expense": 52000.0,
        "Other Non Operating Income Expenses": 452000.0,
        "Special Income Charges": -400000.0,
        "Impairment Of Capital Assets": 0.0,
        "Restructuring And Mergern Acquisition": 400000.0,
        "Net Non Operating Interest Income Expense": -1265000.0,
        "Interest Expense Non Operating": 1265000.0,
        "Operating Income": -5756000.0,
        "Operating Expense": 26509000.0,
        "Depreciation Amortization Depletion Income Statement": 6200000.0,
        "Depreciation And Amortization In Income Statement": 6200000.0,
        "Research And Development": 1279000.0,
        "Selling General And Administration": 19030000.0,
        "Selling And Marketing Expense": 2453000.0,
        "General And Administrative Expense": 16577000.0,
        "Other Gand A": 16577000.0,
        "Gross Profit": 20753000.0,
        "Cost Of Revenue": 67524000.0,
        "Total Revenue": 88277000.0,
        "Operating Revenue": 88277000.0
    },
    "2022-12-31": {
        "Tax Effect Of Unusual Items": -3412400.0,
        "Tax Rate For Calcs": 0.4,
        "Normalized EBITDA": -1822000.0,
        "Total Unusual Items": -8531000.0,
        "Total Unusual Items Excluding Goodwill": -8531000.0,
        "Net Income From Continuing Operation Net Minority Interest": -18371000.0,
        "Reconciled Depreciation": 6393000.0,
        "Reconciled Cost Of Revenue": 63016000.0,
        "EBITDA": -10353000.0,
        "EBIT": -16746000.0,
        "Net Interest Income": -1604000.0,
        "Interest Expense": 1604000.0,
        "Normalized Income": -13252400.0,
        "Net Income From Continuing And Discontinued Operation": -29642000.0,
        "Total Expenses": 91508000.0,
        "Total Operating Income As Reported": -17331000.0,
        "Diluted Average Shares": 24946934.0,
        "Basic Average Shares": 24946934.0,
        "Diluted EPS": -1.19,
        "Basic EPS": -1.19,
        "Diluted NI Availto Com Stockholders": -29642000.0,
        "Net Income Common Stockholders": -29642000.0,
        "Net Income": -29642000.0,
        "Net Income Including Noncontrolling Interests": -29642000.0,
        "Net Income Discontinuous Operations": -11271000.0,
        "Net Income Continuous Operations": -18371000.0,
        "Tax Provision": 21000.0,
        "Pretax Income": -18350000.0,
        "Other Income Expense": -7946000.0,
        "Other Non Operating Income Expenses": 585000.0,
        "Special Income Charges": -8531000.0,
        "Impairment Of Capital Assets": 4881000.0,
        "Restructuring And Mergern Acquisition": 3650000.0,
        "Net Non Operating Interest Income Expense": -1604000.0,
        "Interest Expense Non Operating": 1604000.0,
        "Operating Income": -8800000.0,
        "Operating Expense": 28492000.0,
        "Depreciation Amortization Depletion Income Statement": 6393000.0,
        "Depreciation And Amortization In Income Statement": 6393000.0,
        "Research And Development": 3257000.0,
        "Selling General And Administration": 18842000.0,
        "Selling And Marketing Expense": 2813000.0,
        "General And Administrative Expense": 16029000.0,
        "Other Gand A": 16029000.0,
        "Gross Profit": 19692000.0,
        "Cost Of Revenue": 63016000.0,
        "Total Revenue": 82708000.0,
        "Operating Revenue": 82708000.0
    },
    "2022-09-30": {
        "Tax Effect Of Unusual Items": 0.0,
        "Tax Rate For Calcs": 0.0,
        "Normalized EBITDA": -17447000.0,
        "Total Unusual Items": 0.0,
        "Total Unusual Items Excluding Goodwill": 0.0,
        "Net Income From Continuing Operation Net Minority Interest": -25880000.0,
        "Reconciled Depreciation": 5723000.0,
        "Reconciled Cost Of Revenue": 60235000.0,
        "EBITDA": -17447000.0,
        "EBIT": -23170000.0,
        "Net Interest Income": -2717000.0,
        "Interest Expense": 2717000.0,
        "Normalized Income": -25880000.0,
        "Net Income From Continuing And Discontinued Operation": -40065000.0,
        "Total Expenses": 100750000.0,
        "Total Operating Income As Reported": -23649000.0,
        "Diluted Average Shares": 24350182.0,
        "Basic Average Shares": 24350182.0,
        "Diluted EPS": -1.65,
        "Basic EPS": -1.65,
        "Diluted NI Availto Com Stockholders": -40065000.0,
        "Net Income Common Stockholders": -40065000.0,
        "Net Income": -40065000.0,
        "Net Income Including Noncontrolling Interests": -40065000.0,
        "Net Income Discontinuous Operations": -14185000.0,
        "Net Income Continuous Operations": -25880000.0,
        "Tax Provision": -7000.0,
        "Pretax Income": -25887000.0,
        "Other Income Expense": 479000.0,
        "Other Non Operating Income Expenses": 479000.0,
        "Special Income Charges": 0.0,
        "Impairment Of Capital Assets": 0.0,
        "Restructuring And Mergern Acquisition": NaN,
        "Net Non Operating Interest Income Expense": -2717000.0,
        "Interest Expense Non Operating": 2717000.0,
        "Operating Income": -23649000.0,
        "Operating Expense": 40515000.0,
        "Depreciation Amortization Depletion Income Statement": 5723000.0,
        "Depreciation And Amortization In Income Statement": 5723000.0,
        "Research And Development": 4018000.0,
        "Selling General And Administration": 30774000.0,
        "Selling And Marketing Expense": 2857000.0,
        "General And Administrative Expense": 27917000.0,
        "Other Gand A": 27917000.0,
        "Gross Profit": 16866000.0,
        "Cost Of Revenue": 60235000.0,
        "Total Revenue": 77101000.0,
        "Operating Revenue": 77101000.0
    },
    "2022-06-30": {
        "Tax Effect Of Unusual Items": 0.0,
        "Tax Rate For Calcs": 0.4,
        "Normalized EBITDA": -4599000.0,
        "Total Unusual Items": 0.0,
        "Total Unusual Items Excluding Goodwill": 0.0,
        "Net Income From Continuing Operation Net Minority Interest": -12691000.0,
        "Reconciled Depreciation": 5489000.0,
        "Reconciled Cost Of Revenue": 56631000.0,
        "EBITDA": -4599000.0,
        "EBIT": -10088000.0,
        "Net Interest Income": -2444000.0,
        "Interest Expense": 2444000.0,
        "Normalized Income": -12691000.0,
        "Net Income From Continuing And Discontinued Operation": -49610000.0,
        "Total Expenses": 82685000.0,
        "Total Operating Income As Reported": -10088000.0,
        "Diluted Average Shares": 23959726.0,
        "Basic Average Shares": 23959726.0,
        "Diluted EPS": -2.07,
        "Basic EPS": -2.07,
        "Diluted NI Availto Com Stockholders": -49610000.0,
        "Net Income Common Stockholders": -49610000.0,
        "Net Income": -49610000.0,
        "Net Income Including Noncontrolling Interests": -49610000.0,
        "Net Income Discontinuous Operations": -36919000.0,
        "Net Income Continuous Operations": -12691000.0,
        "Tax Provision": 159000.0,
        "Pretax Income": -12532000.0,
        "Other Income Expense": NaN,
        "Other Non Operating Income Expenses": NaN,
        "Special Income Charges": 0.0,
        "Impairment Of Capital Assets": 0.0,
        "Restructuring And Mergern Acquisition": NaN,
        "Net Non Operating Interest Income Expense": -2444000.0,
        "Interest Expense Non Operating": 2444000.0,
        "Operating Income": -10088000.0,
        "Operating Expense": 26054000.0,
        "Depreciation Amortization Depletion Income Statement": 5489000.0,
        "Depreciation And Amortization In Income Statement": 5489000.0,
        "Research And Development": 3243000.0,
        "Selling General And Administration": 17322000.0,
        "Selling And Marketing Expense": 2172000.0,
        "General And Administrative Expense": 15150000.0,
        "Other Gand A": 15150000.0,
        "Gross Profit": 15966000.0,
        "Cost Of Revenue": 56631000.0,
        "Total Revenue": 72597000.0,
        "Operating Revenue": 72597000.0
    },
    "2022-03-31": {
        "Diluted EPS": -1.18,
        "Total Revenue": 67,
        "Gross Profit": 14,
        "Operating Income": -18,
        "EBIT": -4,
        "Net Income": -28
    },
    "2021-12-31": {
        "Diluted EPS": -0.9,
        "Total Revenue": 69,
        "Gross Profit": 18,
        "Operating Income": -11,
        "EBIT": 2,
        "Net Income": -21
    },
    "2021-09-30": {
        "Diluted EPS": -0.73,
        "Total Revenue": 68,
        "Gross Profit": 17,
        "Operating Income": -9,
        "EBIT": 3,
        "Net Income": -17
    },
    "2021-06-30": {
        "Diluted EPS": -0.91,
        "Total Revenue": 64,
        "Gross Profit": 17,
        "Operating Income": -12,
        "EBIT": 0,
        "Net Income": -21
    },
    "2021-03-31": {
        "Diluted EPS": -0.85,
        "Total Revenue": 59,
        "Gross Profit": 15,
        "Operating Income": -11,
        "EBIT": 2,
        "Net Income": -19
    },
    "2020-12-31": {
        "Diluted EPS": -1.38,
        "Total Revenue": 1,
        "Gross Profit": -10,
        "Operating Income": 1,
        "EBIT": 17,
        "Net Income": -31
    },
    "2020-09-30": {
        "Diluted EPS": -0.99,
        "Total Revenue": 71,
        "Gross Profit": 21,
        "Operating Income": -19,
        "EBIT": -3,
        "Net Income": -22
    },
    "2020-06-30": {
        "Diluted EPS": -0.66,
        "Total Revenue": 77,
        "Gross Profit": 25,
        "Operating Income": -10,
        "EBIT": 3,
        "Net Income": -14
    },
    "2020-03-31": {
        "Diluted EPS": -0.68,
        "Total Revenue": 73,
        "Gross Profit": 25,
        "Operating Income": -13,
        "EBIT": 0,
        "Net Income": -14
    },
    "2019-12-31": {
        "Diluted EPS": -0.32,
        "Total Revenue": 73,
        "Gross Profit": 25,
        "Operating Income": -8,
        "EBIT": 5,
        "Net Income": -7
    },
    "2019-09-30": {
        "Diluted EPS": -0.39,
        "Total Revenue": 74,
        "Gross Profit": 28,
        "Operating Income": -8,
        "EBIT": 4,
        "Net Income": -8
    },
    "2019-06-30": {
        "Diluted EPS": -0.32,
        "Total Revenue": 76,
        "Gross Profit": 31,
        "Operating Income": -5,
        "EBIT": 7,
        "Net Income": -7
    },
    "2019-03-31": {
        "Diluted EPS": -0.54,
        "Total Revenue": 61,
        "Gross Profit": 19,
        "Operating Income": -12,
        "EBIT": -4,
        "Net Income": -11
    },
    "2018-12-31": {
        "Diluted EPS": -0.46,
        "Total Revenue": 57,
        "Gross Profit": 19,
        "Operating Income": -9,
        "EBIT": -5,
        "Net Income": -11
    },
    "2018-09-30": {
        "Diluted EPS": 0.47,
        "Total Revenue": 54,
        "Gross Profit": 19,
        "Operating Income": 10,
        "EBIT": 14,
        "Net Income": 10
    },
    "2018-06-30": {
        "Diluted EPS": -1.53,
        "Total Revenue": 49,
        "Gross Profit": 16,
        "Operating Income": -35,
        "EBIT": -31,
        "Net Income": -29
    },
    "2018-03-31": {
        "Diluted EPS": -0.96,
        "Total Revenue": 44,
        "Gross Profit": 12,
        "Operating Income": -15,
        "EBIT": -11,
        "Net Income": -18
    },
    "2017-12-31": {
        "Diluted EPS": 0.61,
        "Total Revenue": 43,
        "Gross Profit": 14,
        "Operating Income": 9,
        "EBIT": 13,
        "Net Income": 11
    },
    "2017-09-30": {
        "Diluted EPS": 0.33,
        "Total Revenue": 33,
        "Gross Profit": 9,
        "Operating Income": -1,
        "EBIT": 1,
        "Net Income": 6
    },
    "2017-06-30": {
        "Diluted EPS": -0.1,
        "Total Revenue": 29,
        "Gross Profit": 8,
        "Operating Income": -1,
        "EBIT": 0,
        "Net Income": -2
    },
    "2017-03-31": {
        "Diluted EPS": -0.16,
        "Total Revenue": 28,
        "Gross Profit": 8,
        "Operating Income": -2,
        "EBIT": -1,
        "Net Income": -3
    },
    "2016-12-31": {
        "Diluted EPS": -0.28,
        "Total Revenue": 28,
        "Gross Profit": 10,
        "Operating Income": 0,
        "EBIT": 2,
        "Net Income": -3
    },
    "2016-09-30": {
        "Diluted EPS": -0.08,
        "Total Revenue": 24,
        "Gross Profit": 7,
        "Operating Income": 2,
        "EBIT": 3,
        "Net Income": 0
    },
    "2016-06-30": {
        "Diluted EPS": -0.18,
        "Total Revenue": 22,
        "Gross Profit": 6,
        "Operating Income": 1,
        "EBIT": 3,
        "Net Income": 0
    },
    "2016-03-31": {
        "Diluted EPS": 0.01,
        "Total Revenue": 20,
        "Gross Profit": 6,
        "Operating Income": 2,
        "EBIT": 3,
        "Net Income": 0
    },
    "2015-12-31": {
        "Diluted EPS": 0.0,
        "Total Revenue": NaN,
        "Gross Profit": NaN,
        "Operating Income": NaN,
        "EBIT": NaN,
        "Net Income": NaN
    },
    "2015-09-30": {
        "Diluted EPS": -3.21,
        "Total Revenue": 18,
        "Gross Profit": 6,
        "Operating Income": 2,
        "EBIT": 2,
        "Net Income": -3
    },
    "2014-12-31": {
        "Diluted EPS": 0.0,
        "Total Revenue": NaN,
        "Gross Profit": NaN,
        "Operating Income": NaN,
        "EBIT": NaN,
        "Net Income": NaN
    },
    "2023-06-30": {
        "Tax Effect Of Unusual Items": -1340000.0,
        "Tax Rate For Calcs": 0.4,
        "Normalized EBITDA": 987000.0,
        "Total Unusual Items": -3350000.0,
        "Total Unusual Items Excluding Goodwill": -3350000.0,
        "Net Income From Continuing Operation Net Minority Interest": -9743000.0,
        "Reconciled Depreciation": 6103000.0,
        "Reconciled Cost Of Revenue": 67507000.0,
        "EBITDA": -2363000.0,
        "EBIT": -8466000.0,
        "Net Interest Income": -1144000.0,
        "Interest Expense": 1144000.0,
        "Normalized Income": -7733000.0,
        "Net Income From Continuing And Discontinued Operation": -9851000.0,
        "Total Expenses": 95718000.0,
        "Total Operating Income As Reported": -9032000.0,
        "Diluted Average Shares": 25422032.0,
        "Basic Average Shares": 25422032.0,
        "Diluted EPS": -0.38,
        "Basic EPS": -0.38,
        "Diluted NI Availto Com Stockholders": -9851000.0,
        "Net Income Common Stockholders": -9851000.0,
        "Net Income": -9851000.0,
        "Net Income Including Noncontrolling Interests": -9851000.0,
        "Net Income Discontinuous Operations": -108000.0,
        "Net Income Continuous Operations": -9743000.0,
        "Tax Provision": 133000.0,
        "Pretax Income": -9610000.0,
        "Other Income Expense": -2784000.0,
        "Other Non Operating Income Expenses": 566000.0,
        "Special Income Charges": -3350000.0,
        "Impairment Of Capital Assets": 0.0,
        "Restructuring And Mergern Acquisition": 3350000.0,
        "Net Non Operating Interest Income Expense": -1144000.0,
        "Interest Expense Non Operating": 1144000.0,
        "Operating Income": -5682000.0,
        "Operating Expense": 28211000.0,
        "Depreciation Amortization Depletion Income Statement": 6103000.0,
        "Depreciation And Amortization In Income Statement": 6103000.0,
        "Research And Development": 1777000.0,
        "Selling General And Administration": 20331000.0,
        "Selling And Marketing Expense": 2732000.0,
        "General And Administrative Expense": 17599000.0,
        "Other Gand A": 17599000.0,
        "Gross Profit": 22529000.0,
        "Cost Of Revenue": 67507000.0,
        "Total Revenue": 90036000.0,
        "Operating Revenue": 90036000.0
    }
}