{
    "2023-03-31": {
        "Tax Effect Of Unusual Items": 0.0,
        "Tax Rate For Calcs": 0.4,
        "Normalized EBITDA": 17000000.0,
        "Net Income From Continuing Operation Net Minority Interest": -73000000.0,
        "Reconciled Depreciation": 21000000.0,
        "Reconciled Cost Of Revenue": 29000000.0,
        "EBITDA": 17000000.0,
        "EBIT": -4000000.0,
        "Net Interest Income": 0.0,
        "Interest Expense": 11000000.0,
        "Interest Income": 11000000.0,
        "Normalized Income": -73000000.0,
        "Net Income From Continuing And Discontinued Operation": -73000000.0,
        "Total Expenses": 385000000.0,
        "Total Operating Income As Reported": -14000000.0,
        "Diluted Average Shares": 141451000.0,
        "Basic Average Shares": 141451000.0,
        "Diluted EPS": -0.52,
        "Basic EPS": -0.52,
        "Diluted NI Availto Com Stockholders": -73000000.0,
        "Net Income Common Stockholders": -73000000.0,
        "Net Income": -73000000.0,
        "Net Income Including Noncontrolling Interests": -73000000.0,
        "Net Income Continuous Operations": -73000000.0,
        "Tax Provision": 58000000.0,
        "Pretax Income": -15000000.0,
        "Other Income Expense": -1000000.0,
        "Other Non Operating Income Expenses": -1000000.0,
        "Net Non Operating Interest Income Expense": 0.0,
        "Interest Expense Non Operating": 11000000.0,
        "Interest Income Non Operating": 11000000.0,
        "Operating Income": -14000000.0,
        "Operating Expense": 356000000.0,
        "Other Operating Expenses": 68000000.0,
        "Depreciation Amortization Depletion Income Statement": 21000000.0,
        "Depreciation And Amortization In Income Statement": 21000000.0,
        "Amortization": 2000000.0,
        "Amortization Of Intangibles Income Statement": 2000000.0,
        "Depreciation Income Statement": 19000000.0,
        "Selling General And Administration": 267000000.0,
        "Selling And Marketing Expense": 219000000.0,
        "General And Administrative Expense": 48000000.0,
        "Other Gand A": 48000000.0,
        "Salaries And Wages": 89000000.0,
        "Gross Profit": 342000000.0,
        "Cost Of Revenue": 29000000.0,
        "Total Revenue": 371000000.0,
        "Operating Revenue": 371000000.0
    },
    "2022-12-31": {
        "Tax Effect Of Unusual Items": 0.0,
        "Tax Rate For Calcs": 0.4,
        "Normalized EBITDA": 19000000.0,
        "Net Income From Continuing Operation Net Minority Interest": -3000000.0,
        "Reconciled Depreciation": 25000000.0,
        "Reconciled Cost Of Revenue": 30000000.0,
        "EBITDA": 19000000.0,
        "EBIT": -6000000.0,
        "Net Interest Income": -2000000.0,
        "Interest Expense": 10000000.0,
        "Interest Income": 8000000.0,
        "Normalized Income": -3000000.0,
        "Net Income From Continuing And Discontinued Operation": -3000000.0,
        "Total Expenses": 367000000.0,
        "Total Operating Income As Reported": -13000000.0,
        "Diluted Average Shares": 152000000.0,
        "Basic Average Shares": 140000000.0,
        "Diluted EPS": -0.02,
        "Basic EPS": -0.02,
        "Diluted NI Availto Com Stockholders": -3000000.0,
        "Net Income Common Stockholders": -3000000.0,
        "Net Income": -3000000.0,
        "Net Income Including Noncontrolling Interests": -3000000.0,
        "Net Income Continuous Operations": -3000000.0,
        "Tax Provision": -13000000.0,
        "Pretax Income": -16000000.0,
        "Other Income Expense": -1000000.0,
        "Other Non Operating Income Expenses": -1000000.0,
        "Net Non Operating Interest Income Expense": -2000000.0,
        "Interest Expense Non Operating": 10000000.0,
        "Interest Income Non Operating": 8000000.0,
        "Operating Income": -13000000.0,
        "Operating Expense": 337000000.0,
        "Other Operating Expenses": 60000000.0,
        "Depreciation Amortization Depletion Income Statement": 25000000.0,
        "Depreciation And Amortization In Income Statement": 25000000.0,
        "Amortization": 4000000.0,
        "Amortization Of Intangibles Income Statement": 4000000.0,
        "Depreciation Income Statement": 20000000.0,
        "Selling General And Administration": 252000000.0,
        "Selling And Marketing Expense": 194000000.0,
        "General And Administrative Expense": 58000000.0,
        "Other Gand A": 58000000.0,
        "Salaries And Wages": 88000000.0,
        "Gross Profit": 324000000.0,
        "Cost Of Revenue": 30000000.0,
        "Total Revenue": 354000000.0,
        "Operating Revenue": 354000000.0
    },
    "2022-09-30": {
        "Tax Effect Of Unusual Items": 0.0,
        "Tax Rate For Calcs": 0.4,
        "Normalized EBITDA": 96000000.0,
        "Net Income From Continuing Operation Net Minority Interest": 25000000.0,
        "Reconciled Depreciation": 23000000.0,
        "Reconciled Cost Of Revenue": 32000000.0,
        "EBITDA": 96000000.0,
        "EBIT": 73000000.0,
        "Net Interest Income": -7000000.0,
        "Interest Expense": 11000000.0,
        "Interest Income": 4000000.0,
        "Normalized Income": 25000000.0,
        "Net Income From Continuing And Discontinued Operation": 25000000.0,
        "Total Expenses": 389000000.0,
        "Total Operating Income As Reported": 70000000.0,
        "Diluted Average Shares": 146000000.0,
        "Basic Average Shares": 140000000.0,
        "Diluted EPS": 0.17,
        "Basic EPS": 0.18,
        "Diluted NI Availto Com Stockholders": 25000000.0,
        "Net Income Common Stockholders": 25000000.0,
        "Net Income": 25000000.0,
        "Net Income Including Noncontrolling Interests": 25000000.0,
        "Net Income Continuous Operations": 25000000.0,
        "Tax Provision": 37000000.0,
        "Pretax Income": 62000000.0,
        "Other Income Expense": -1000000.0,
        "Other Non Operating Income Expenses": -1000000.0,
        "Net Non Operating Interest Income Expense": -7000000.0,
        "Interest Expense Non Operating": 11000000.0,
        "Interest Income Non Operating": 4000000.0,
        "Operating Income": 70000000.0,
        "Operating Expense": 357000000.0,
        "Other Operating Expenses": 55000000.0,
        "Depreciation Amortization Depletion Income Statement": 23000000.0,
        "Depreciation And Amortization In Income Statement": 23000000.0,
        "Amortization": 3000000.0,
        "Amortization Of Intangibles Income Statement": 3000000.0,
        "Depreciation Income Statement": 20000000.0,
        "Selling General And Administration": 334000000.0,
        "Selling And Marketing Expense": 234000000.0,
        "General And Administrative Expense": 100000000.0,
        "Other Gand A": 100000000.0,
        "Salaries And Wages": 83000000.0,
        "Gross Profit": 427000000.0,
        "Cost Of Revenue": 32000000.0,
        "Total Revenue": 459000000.0,
        "Operating Revenue": 459000000.0
    },
    "2022-06-30": {
        "Tax Effect Of Unusual Items": 0.0,
        "Tax Rate For Calcs": 0.4,
        "Normalized EBITDA": 89000000.0,
        "Net Income From Continuing Operation Net Minority Interest": 31000000.0,
        "Reconciled Depreciation": 25000000.0,
        "Reconciled Cost Of Revenue": 31000000.0,
        "EBITDA": 89000000.0,
        "EBIT": 64000000.0,
        "Net Interest Income": -10000000.0,
        "Interest Expense": 11000000.0,
        "Interest Income": 1000000.0,
        "Normalized Income": 31000000.0,
        "Net Income From Continuing And Discontinued Operation": 31000000.0,
        "Total Expenses": 354000000.0,
        "Total Operating Income As Reported": 63000000.0,
        "Diluted Average Shares": 145496000.0,
        "Basic Average Shares": 139692000.0,
        "Diluted EPS": 0.21,
        "Basic EPS": 0.22,
        "Diluted NI Availto Com Stockholders": 31000000.0,
        "Net Income Common Stockholders": 31000000.0,
        "Net Income": 31000000.0,
        "Net Income Including Noncontrolling Interests": 31000000.0,
        "Net Income Continuous Operations": 31000000.0,
        "Tax Provision": 22000000.0,
        "Pretax Income": 53000000.0,
        "Other Income Expense": NaN,
        "Other Non Operating Income Expenses": NaN,
        "Net Non Operating Interest Income Expense": -10000000.0,
        "Interest Expense Non Operating": 11000000.0,
        "Interest Income Non Operating": 1000000.0,
        "Operating Income": 63000000.0,
        "Operating Expense": 323000000.0,
        "Other Operating Expenses": 53000000.0,
        "Depreciation Amortization Depletion Income Statement": 25000000.0,
        "Depreciation And Amortization In Income Statement": 25000000.0,
        "Amortization": 3000000.0,
        "Amortization Of Intangibles Income Statement": 3000000.0,
        "Depreciation Income Statement": 22000000.0,
        "Selling General And Administration": 298000000.0,
        "Selling And Marketing Expense": 217000000.0,
        "General And Administrative Expense": 81000000.0,
        "Other Gand A": 53000000.0,
        "Salaries And Wages": 28000000.0,
        "Gross Profit": 386000000.0,
        "Cost Of Revenue": 31000000.0,
        "Total Revenue": 417000000.0,
        "Operating Revenue": 417000000.0
    },
    "2023-06-30": {
        "Tax Effect Of Unusual Items": 0.0,
        "Tax Rate For Calcs": 0.4,
        "Normalized EBITDA": 76000000.0,
        "Net Income From Continuing Operation Net Minority Interest": 24000000.0,
        "Reconciled Depreciation": 21000000.0,
        "Reconciled Cost Of Revenue": 41000000.0,
        "EBITDA": 76000000.0,
        "EBIT": 55000000.0,
        "Net Interest Income": 1000000.0,
        "Interest Expense": 11000000.0,
        "Interest Income": 12000000.0,
        "Normalized Income": 24000000.0,
        "Net Income From Continuing And Discontinued Operation": 24000000.0,
        "Total Expenses": 450000000.0,
        "Total Operating Income As Reported": 44000000.0,
        "Diluted Average Shares": 145115000.0,
        "Basic Average Shares": 139881000.0,
        "Diluted EPS": 0.17,
        "Basic EPS": 0.17,
        "Diluted NI Availto Com Stockholders": 24000000.0,
        "Net Income Common Stockholders": 24000000.0,
        "Net Income": 24000000.0,
        "Net Income Including Noncontrolling Interests": 24000000.0,
        "Net Income Continuous Operations": 24000000.0,
        "Tax Provision": 20000000.0,
        "Pretax Income": 44000000.0,
        "Other Income Expense": -1000000.0,
        "Other Non Operating Income Expenses": -1000000.0,
        "Net Non Operating Interest Income Expense": 1000000.0,
        "Interest Expense Non Operating": 11000000.0,
        "Interest Income Non Operating": 12000000.0,
        "Operating Income": 44000000.0,
        "Operating Expense": 409000000.0,
        "Other Operating Expenses": 71000000.0,
        "Depreciation Amortization Depletion Income Statement": 21000000.0,
        "Depreciation And Amortization In Income Statement": 21000000.0,
        "Amortization": 2000000.0,
        "Amortization Of Intangibles Income Statement": 2000000.0,
        "Depreciation Income Statement": 19000000.0,
        "Selling General And Administration": 317000000.0,
        "Selling And Marketing Expense": 212000000.0,
        "General And Administrative Expense": 105000000.0,
        "Other Gand A": 14000000.0,
        "Salaries And Wages": 91000000.0,
        "Gross Profit": 453000000.0,
        "Cost Of Revenue": 41000000.0,
        "Total Revenue": 494000000.0,
        "Operating Revenue": 494000000.0
    },
    "2022-03-31": {
        "Diluted EPS": -0.24,
        "Total Revenue": 649,
        "Gross Profit": 481,
        "Operating Income": -55,
        "EBIT": -55,
        "Net Income": -155
    },
    "2021-12-31": {
        "Diluted EPS": -0.22,
        "Total Revenue": 771,
        "Gross Profit": 587,
        "Operating Income": -116,
        "EBIT": -116,
        "Net Income": -128
    },
    "2021-09-30": {
        "Diluted EPS": -0.2,
        "Total Revenue": 831,
        "Gross Profit": 641,
        "Operating Income": -37,
        "EBIT": -37,
        "Net Income": -131
    },
    "2021-06-30": {
        "Diluted EPS": -0.16,
        "Total Revenue": 912,
        "Gross Profit": 723,
        "Operating Income": 51,
        "EBIT": 51,
        "Net Income": -100
    },
    "2021-03-31": {
        "Diluted EPS": 0.44,
        "Total Revenue": 628,
        "Gross Profit": 470,
        "Operating Income": -119,
        "EBIT": -119,
        "Net Income": 273
    },
    "2020-12-31": {
        "Diluted EPS": 0.17,
        "Total Revenue": 885,
        "Gross Profit": 714,
        "Operating Income": -27,
        "EBIT": -27,
        "Net Income": 90
    },
    "2020-09-30": {
        "Diluted EPS": 0.38,
        "Total Revenue": 805,
        "Gross Profit": 653,
        "Operating Income": 117,
        "EBIT": 117,
        "Net Income": 234
    },
    "2020-06-30": {
        "Diluted EPS": -0.11,
        "Total Revenue": 448,
        "Gross Profit": 325,
        "Operating Income": -97,
        "EBIT": -97,
        "Net Income": -67
    },
    "2020-03-31": {
        "Diluted EPS": -1.27,
        "Total Revenue": 669,
        "Gross Profit": 497,
        "Operating Income": -211,
        "EBIT": -211,
        "Net Income": -754
    },
    "2019-12-31": {
        "Diluted EPS": 0.46,
        "Total Revenue": NaN,
        "Gross Profit": 930,
        "Operating Income": 83,
        "EBIT": 83,
        "Net Income": 266
    },
    "2019-09-30": {
        "Diluted EPS": 0.19,
        "Total Revenue": NaN,
        "Gross Profit": NaN,
        "Operating Income": 314,
        "EBIT": 314,
        "Net Income": 112
    },
    "2019-06-30": {
        "Diluted EPS": -0.11,
        "Total Revenue": NaN,
        "Gross Profit": NaN,
        "Operating Income": 194,
        "EBIT": 194,
        "Net Income": -59
    },
    "2019-03-31": {
        "Diluted EPS": 1.11,
        "Total Revenue": NaN,
        "Gross Profit": 965,
        "Operating Income": 132,
        "EBIT": 132,
        "Net Income": 687
    },
    "2018-12-31": {
        "Diluted EPS": -0.29,
        "Total Revenue": 963,
        "Gross Profit": 753,
        "Operating Income": -41,
        "EBIT": -41,
        "Net Income": -203
    },
    "2018-09-30": {
        "Diluted EPS": -0.3,
        "Total Revenue": NaN,
        "Gross Profit": NaN,
        "Operating Income": 215,
        "EBIT": 215,
        "Net Income": -165
    },
    "2018-06-30": {
        "Diluted EPS": 0.59,
        "Total Revenue": NaN,
        "Gross Profit": 884,
        "Operating Income": 110,
        "EBIT": 110,
        "Net Income": 360
    },
    "2018-03-31": {
        "Diluted EPS": 0.29,
        "Total Revenue": NaN,
        "Gross Profit": 875,
        "Operating Income": 95,
        "EBIT": 95,
        "Net Income": 170
    },
    "2017-12-31": {
        "Diluted EPS": 0.16,
        "Total Revenue": NaN,
        "Gross Profit": 914,
        "Operating Income": 90,
        "EBIT": 90,
        "Net Income": 84
    },
    "2017-09-30": {
        "Diluted EPS": 0.32,
        "Total Revenue": NaN,
        "Gross Profit": 991,
        "Operating Income": 204,
        "EBIT": 204,
        "Net Income": 185
    },
    "2017-06-30": {
        "Diluted EPS": 0.09,
        "Total Revenue": 946,
        "Gross Profit": 781,
        "Operating Income": 95,
        "EBIT": 95,
        "Net Income": 48
    },
    "2017-03-31": {
        "Diluted EPS": 0.02,
        "Total Revenue": 884,
        "Gross Profit": 711,
        "Operating Income": 60,
        "EBIT": 60,
        "Net Income": 12
    },
    "2016-09-30": {
        "Diluted EPS": 0.01,
        "Total Revenue": 836,
        "Gross Profit": 650,
        "Operating Income": 67,
        "EBIT": 67,
        "Net Income": 4
    },
    "2016-06-30": {
        "Diluted EPS": -0.17,
        "Total Revenue": 664,
        "Gross Profit": 478,
        "Operating Income": -60,
        "EBIT": -60,
        "Net Income": -78
    },
    "2016-03-31": {
        "Diluted EPS": -0.54,
        "Total Revenue": 648,
        "Gross Profit": 472,
        "Operating Income": -283,
        "Net Income": -245
    },
    "2015-12-31": {
        "Diluted EPS": 0.06,
        "Total Revenue": 358,
        "Gross Profit": 252,
        "Operating Income": -29,
        "EBIT": -19,
        "Net Income": 4
    },
    "2015-09-30": {
        "Diluted EPS": 1.05,
        "Total Revenue": 501,
        "Gross Profit": 368,
        "Operating Income": 64,
        "EBIT": 64,
        "Net Income": 380
    },
    "2015-06-30": {
        "Diluted EPS": 0.08,
        "Total Revenue": 430,
        "Gross Profit": 312,
        "Operating Income": 32,
        "EBIT": 32,
        "Net Income": 23
    },
    "2015-03-31": {
        "Diluted EPS": -0.08,
        "Total Revenue": 394,
        "Gross Profit": 280,
        "Operating Income": -8,
        "EBIT": -8,
        "Net Income": -20
    },
    "2014-12-31": {
        "Diluted EPS": -0.13,
        "Total Revenue": 326,
        "Gross Profit": 232,
        "Operating Income": -44,
        "EBIT": -44,
        "Net Income": -36
    },
    "2014-09-30": {
        "Diluted EPS": 0.11,
        "Total Revenue": 368,
        "Gross Profit": 272,
        "Operating Income": 36,
        "EBIT": 36,
        "Net Income": 35
    },
    "2014-06-30": {
        "Diluted EPS": 0.07,
        "Total Revenue": 293,
        "Gross Profit": 216,
        "Operating Income": 30,
        "EBIT": 30,
        "Net Income": 22
    },
    "2014-03-31": {
        "Diluted EPS": 0.06,
        "Total Revenue": 272,
        "Gross Profit": 200,
        "Operating Income": 29,
        "EBIT": 29,
        "Net Income": 19
    },
    "2013-12-31": {
        "Diluted EPS": 0.14,
        "Total Revenue": 252,
        "Gross Profit": 185,
        "Operating Income": 36,
        "EBIT": 36,
        "Net Income": 43
    },
    "2013-09-30": {
        "Diluted EPS": 0.2,
        "Total Revenue": 268,
        "Gross Profit": 206,
        "Operating Income": 65,
        "EBIT": 65,
        "Net Income": 61
    },
    "2013-06-30": {
        "Diluted EPS": 0.12,
        "Total Revenue": 215,
        "Gross Profit": 165,
        "Operating Income": 44,
        "EBIT": 44,
        "Net Income": 34
    },
    "2013-03-31": {
        "Diluted EPS": 0.09,
        "Total Revenue": 198,
        "Gross Profit": 149,
        "Operating Income": 37,
        "EBIT": 37,
        "Net Income": 25
    },
    "2012-12-31": {
        "Diluted EPS": 0.11,
        "Total Revenue": 187,
        "Gross Profit": 140,
        "Operating Income": 25,
        "EBIT": 25,
        "Net Income": 31
    },
    "2012-09-30": {
        "Diluted EPS": 0.11,
        "Total Revenue": 198,
        "Gross Profit": 153,
        "Operating Income": 42,
        "EBIT": 42,
        "Net Income": 31
    },
    "2012-06-30": {
        "Diluted EPS": 0.07,
        "Total Revenue": 162,
        "Gross Profit": 124,
        "Operating Income": 35,
        "EBIT": 35,
        "Net Income": 19
    },
    "2012-03-31": {
        "Diluted EPS": 0.09,
        "Total Revenue": 153,
        "Gross Profit": 117,
        "Operating Income": 36,
        "EBIT": 36,
        "Net Income": 27
    },
    "2011-12-31": {
        "Diluted EPS": 0.14,
        "Total Revenue": 157,
        "Gross Profit": 119,
        "Operating Income": 39,
        "EBIT": 39,
        "Net Income": 40
    },
    "2011-09-30": {
        "Diluted EPS": 0.17,
        "Total Revenue": 163,
        "Gross Profit": 127,
        "Operating Income": 58,
        "EBIT": 58,
        "Net Income": 51
    },
    "2011-06-30": {
        "Diluted EPS": 0.14,
        "Total Revenue": 129,
        "Gross Profit": 100,
        "Operating Income": 42,
        "EBIT": 42,
        "Net Income": 41
    },
    "2011-03-31": {
        "Diluted EPS": 0.12,
        "Total Revenue": 124,
        "Gross Profit": 99,
        "Operating Income": 48,
        "EBIT": 48,
        "Net Income": 36
    },
    "2010-12-31": {
        "Diluted EPS": 0.15,
        "Total Revenue": 119,
        "Gross Profit": 92,
        "Operating Income": 39,
        "EBIT": 39,
        "Net Income": 46
    },
    "2010-09-30": {
        "Diluted EPS": 0.16,
        "Total Revenue": 129,
        "Gross Profit": 103,
        "Operating Income": 54,
        "EBIT": 54,
        "Net Income": 48
    },
    "2010-06-30": {
        "Diluted EPS": 0.12,
        "Total Revenue": 109,
        "Gross Profit": 87,
        "Operating Income": 45,
        "EBIT": 45,
        "Net Income": 35
    },
    "2010-03-31": {
        "Diluted EPS": 0.1,
        "Total Revenue": 86,
        "Gross Profit": 67,
        "Operating Income": 29,
        "EBIT": 29,
        "Net Income": 28
    },
    "2009-12-31": {
        "Diluted EPS": 0.1,
        "Total Revenue": 88,
        "Gross Profit": 70,
        "Operating Income": 33,
        "EBIT": 33,
        "Net Income": 28
    },
    "2009-09-30": {
        "Diluted EPS": 0.1,
        "Total Revenue": 80,
        "Gross Profit": 62,
        "Operating Income": 29,
        "EBIT": 29,
        "Net Income": 28
    },
    "2009-06-30": {
        "Diluted EPS": 0.09,
        "Total Revenue": 74,
        "Gross Profit": 59,
        "Operating Income": 29,
        "EBIT": 29,
        "Net Income": 23
    },
    "2009-03-31": {
        "Diluted EPS": 0.07,
        "Total Revenue": 59,
        "Gross Profit": 45,
        "Operating Income": 20,
        "EBIT": 20,
        "Net Income": 18
    }
}