{
    "2023-03-31": {
        "Tax Effect Of Unusual Items": -1326600.0,
        "Tax Rate For Calcs": 0.198,
        "Normalized EBITDA": 231500000.0,
        "Total Unusual Items": -6700000.0,
        "Total Unusual Items Excluding Goodwill": -6700000.0,
        "Net Income From Continuing Operation Net Minority Interest": 128800000.0,
        "Reconciled Depreciation": 44500000.0,
        "Reconciled Cost Of Revenue": 321800000.0,
        "EBITDA": 224800000.0,
        "EBIT": 180300000.0,
        "Net Interest Income": -19700000.0,
        "Interest Expense": 19700000.0,
        "Normalized Income": 134173400.0,
        "Net Income From Continuing And Discontinued Operation": 128800000.0,
        "Total Expenses": 771700000.0,
        "Total Operating Income As Reported": 137000000.0,
        "Diluted Average Shares": 248700000.0,
        "Basic Average Shares": 247200000.0,
        "Diluted EPS": 0.52,
        "Basic EPS": 0.52,
        "Diluted NI Availto Com Stockholders": 128800000.0,
        "Net Income Common Stockholders": 128800000.0,
        "Net Income": 128800000.0,
        "Minority Interests": NaN,
        "Net Income Including Noncontrolling Interests": 128800000.0,
        "Net Income Continuous Operations": 128800000.0,
        "Tax Provision": 31800000.0,
        "Pretax Income": 160600000.0,
        "Other Income Expense": 36600000.0,
        "Other Non Operating Income Expenses": 31900000.0,
        "Special Income Charges": -6700000.0,
        "Gain On Sale Of Business": NaN,
        "Restructuring And Mergern Acquisition": 6700000.0,
        "Earnings From Equity Interest": 11400000.0,
        "Net Non Operating Interest Income Expense": -19700000.0,
        "Interest Expense Non Operating": 19700000.0,
        "Operating Income": 143700000.0,
        "Operating Expense": 417100000.0,
        "Depreciation Amortization Depletion Income Statement": 11700000.0,
        "Depreciation And Amortization In Income Statement": 11700000.0,
        "Amortization": 11700000.0,
        "Amortization Of Intangibles Income Statement": 11700000.0,
        "Research And Development": 159300000.0,
        "Selling General And Administration": 246100000.0,
        "Selling And Marketing Expense": 135400000.0,
        "General And Administrative Expense": 110700000.0,
        "Other Gand A": 110700000.0,
        "Gross Profit": 560800000.0,
        "Cost Of Revenue": 354600000.0,
        "Total Revenue": 915400000.0,
        "Operating Revenue": 915400000.0
    },
    "2022-12-31": {
        "Tax Effect Of Unusual Items": -828000.0,
        "Tax Rate For Calcs": 0.06,
        "Normalized EBITDA": 141200000.0,
        "Total Unusual Items": -13800000.0,
        "Total Unusual Items Excluding Goodwill": -13800000.0,
        "Net Income From Continuing Operation Net Minority Interest": 85600000.0,
        "Reconciled Depreciation": 12100000.0,
        "Reconciled Cost Of Revenue": 353400000.0,
        "EBITDA": 127400000.0,
        "EBIT": 115300000.0,
        "Net Interest Income": -24200000.0,
        "Interest Expense": 24200000.0,
        "Normalized Income": 98572000.0,
        "Net Income From Continuing And Discontinued Operation": 85600000.0,
        "Total Expenses": 750100000.0,
        "Total Operating Income As Reported": 96700000.0,
        "Diluted Average Shares": 248300000.0,
        "Basic Average Shares": 246900000.0,
        "Diluted EPS": 0.34,
        "Basic EPS": 0.35,
        "Diluted NI Availto Com Stockholders": 85600000.0,
        "Net Income Common Stockholders": 85600000.0,
        "Net Income": 85600000.0,
        "Minority Interests": 0.0,
        "Net Income Including Noncontrolling Interests": 85600000.0,
        "Net Income Continuous Operations": 85600000.0,
        "Tax Provision": 5500000.0,
        "Pretax Income": 91100000.0,
        "Other Income Expense": 8900000.0,
        "Other Non Operating Income Expenses": 13900000.0,
        "Special Income Charges": -13800000.0,
        "Gain On Sale Of Business": -4100000.0,
        "Restructuring And Mergern Acquisition": 9700000.0,
        "Earnings From Equity Interest": 8800000.0,
        "Net Non Operating Interest Income Expense": -24200000.0,
        "Interest Expense Non Operating": 24200000.0,
        "Operating Income": 106400000.0,
        "Operating Expense": 396700000.0,
        "Depreciation Amortization Depletion Income Statement": 12100000.0,
        "Depreciation And Amortization In Income Statement": 12100000.0,
        "Amortization": 12100000.0,
        "Amortization Of Intangibles Income Statement": 12100000.0,
        "Research And Development": 134700000.0,
        "Selling General And Administration": 249900000.0,
        "Selling And Marketing Expense": 145700000.0,
        "General And Administrative Expense": 104200000.0,
        "Other Gand A": 104200000.0,
        "Gross Profit": 503100000.0,
        "Cost Of Revenue": 353400000.0,
        "Total Revenue": 856500000.0,
        "Operating Revenue": 856500000.0
    },
    "2022-09-30": {
        "Tax Effect Of Unusual Items": -598400.0,
        "Tax Rate For Calcs": 0.272,
        "Normalized EBITDA": 176800000.0,
        "Total Unusual Items": -2200000.0,
        "Total Unusual Items Excluding Goodwill": -2200000.0,
        "Net Income From Continuing Operation Net Minority Interest": 85800000.0,
        "Reconciled Depreciation": 41100000.0,
        "Reconciled Cost Of Revenue": 339500000.0,
        "EBITDA": 174600000.0,
        "EBIT": 133500000.0,
        "Net Interest Income": -15600000.0,
        "Interest Expense": 15600000.0,
        "Normalized Income": 87401600.0,
        "Net Income From Continuing And Discontinued Operation": 85800000.0,
        "Total Expenses": 754300000.0,
        "Total Operating Income As Reported": 122400000.0,
        "Diluted Average Shares": 248900000.0,
        "Basic Average Shares": 247500000.0,
        "Diluted EPS": 0.34,
        "Basic EPS": 0.35,
        "Diluted NI Availto Com Stockholders": 85800000.0,
        "Net Income Common Stockholders": 85800000.0,
        "Net Income": 85800000.0,
        "Minority Interests": 0.0,
        "Net Income Including Noncontrolling Interests": 85800000.0,
        "Net Income Continuous Operations": 85800000.0,
        "Tax Provision": 32100000.0,
        "Pretax Income": 117900000.0,
        "Other Income Expense": 2900000.0,
        "Other Non Operating Income Expenses": -1700000.0,
        "Special Income Charges": -2200000.0,
        "Gain On Sale Of Business": 6000000.0,
        "Restructuring And Mergern Acquisition": 8200000.0,
        "Earnings From Equity Interest": 6800000.0,
        "Net Non Operating Interest Income Expense": -15600000.0,
        "Interest Expense Non Operating": 15600000.0,
        "Operating Income": 130600000.0,
        "Operating Expense": 384800000.0,
        "Depreciation Amortization Depletion Income Statement": 11100000.0,
        "Depreciation And Amortization In Income Statement": 11100000.0,
        "Amortization": 11100000.0,
        "Amortization Of Intangibles Income Statement": 11100000.0,
        "Research And Development": 127000000.0,
        "Selling General And Administration": 246700000.0,
        "Selling And Marketing Expense": 137100000.0,
        "General And Administrative Expense": 109600000.0,
        "Other Gand A": 109600000.0,
        "Gross Profit": 515400000.0,
        "Cost Of Revenue": 369500000.0,
        "Total Revenue": 884900000.0,
        "Operating Revenue": 884900000.0
    },
    "2022-06-30": {
        "Tax Effect Of Unusual Items": -1306800.0,
        "Tax Rate For Calcs": 0.242,
        "Normalized EBITDA": 284600000.0,
        "Total Unusual Items": -5400000.0,
        "Total Unusual Items Excluding Goodwill": -5400000.0,
        "Net Income From Continuing Operation Net Minority Interest": 168000000.0,
        "Reconciled Depreciation": 42300000.0,
        "Reconciled Cost Of Revenue": 372700000.0,
        "EBITDA": 279200000.0,
        "EBIT": 236900000.0,
        "Net Interest Income": -15300000.0,
        "Interest Expense": 15300000.0,
        "Normalized Income": 172093200.0,
        "Net Income From Continuing And Discontinued Operation": 168000000.0,
        "Total Expenses": 800900000.0,
        "Total Operating Income As Reported": 134900000.0,
        "Diluted Average Shares": 250700000.0,
        "Basic Average Shares": 249200000.0,
        "Diluted EPS": 0.67,
        "Basic EPS": 0.67,
        "Diluted NI Availto Com Stockholders": 168000000.0,
        "Net Income Common Stockholders": 168000000.0,
        "Net Income": 168000000.0,
        "Minority Interests": 0.0,
        "Net Income Including Noncontrolling Interests": 168000000.0,
        "Net Income Continuous Operations": 168000000.0,
        "Tax Provision": 53600000.0,
        "Pretax Income": 221600000.0,
        "Other Income Expense": 96600000.0,
        "Other Non Operating Income Expenses": 96200000.0,
        "Special Income Charges": -5400000.0,
        "Gain On Sale Of Business": NaN,
        "Restructuring And Mergern Acquisition": 5400000.0,
        "Earnings From Equity Interest": 5800000.0,
        "Net Non Operating Interest Income Expense": -15300000.0,
        "Interest Expense Non Operating": 15300000.0,
        "Operating Income": 140300000.0,
        "Operating Expense": 397200000.0,
        "Depreciation Amortization Depletion Income Statement": 11300000.0,
        "Depreciation And Amortization In Income Statement": 11300000.0,
        "Amortization": 11300000.0,
        "Amortization Of Intangibles Income Statement": 11300000.0,
        "Research And Development": 140100000.0,
        "Selling General And Administration": 245800000.0,
        "Selling And Marketing Expense": 138900000.0,
        "General And Administrative Expense": 106900000.0,
        "Other Gand A": 106900000.0,
        "Gross Profit": 537500000.0,
        "Cost Of Revenue": 403700000.0,
        "Total Revenue": 941200000.0,
        "Operating Revenue": 941200000.0
    },
    "2023-06-30": {
        "Tax Effect Of Unusual Items": -1456000.0,
        "Tax Rate For Calcs": 0.224,
        "Normalized EBITDA": 182900000.0,
        "Total Unusual Items": -6500000.0,
        "Total Unusual Items Excluding Goodwill": -6500000.0,
        "Net Income From Continuing Operation Net Minority Interest": 44600000.0,
        "Reconciled Depreciation": 72200000.0,
        "Reconciled Cost Of Revenue": 348800000.0,
        "EBITDA": 176400000.0,
        "EBIT": 104200000.0,
        "Net Interest Income": -46700000.0,
        "Interest Expense": 46700000.0,
        "Normalized Income": 49644000.0,
        "Net Income From Continuing And Discontinued Operation": 44600000.0,
        "Total Expenses": 892400000.0,
        "Total Operating Income As Reported": 93600000.0,
        "Diluted Average Shares": 249000000.0,
        "Basic Average Shares": 248100000.0,
        "Diluted EPS": 0.18,
        "Basic EPS": 0.18,
        "Diluted NI Availto Com Stockholders": 44600000.0,
        "Net Income Common Stockholders": 44600000.0,
        "Net Income": 44600000.0,
        "Minority Interests": NaN,
        "Net Income Including Noncontrolling Interests": 44600000.0,
        "Net Income Continuous Operations": 44600000.0,
        "Tax Provision": 12900000.0,
        "Pretax Income": 57500000.0,
        "Other Income Expense": 3000000.0,
        "Other Non Operating Income Expenses": 1500000.0,
        "Special Income Charges": -6500000.0,
        "Gain On Sale Of Business": 1100000.0,
        "Restructuring And Mergern Acquisition": 7600000.0,
        "Earnings From Equity Interest": 8000000.0,
        "Net Non Operating Interest Income Expense": -46700000.0,
        "Interest Expense Non Operating": 46700000.0,
        "Operating Income": 101200000.0,
        "Operating Expense": 503300000.0,
        "Depreciation Amortization Depletion Income Statement": 31900000.0,
        "Depreciation And Amortization In Income Statement": 31900000.0,
        "Amortization": 31900000.0,
        "Amortization Of Intangibles Income Statement": 31900000.0,
        "Research And Development": 174800000.0,
        "Selling General And Administration": 296600000.0,
        "Selling And Marketing Expense": 155300000.0,
        "General And Administrative Expense": 141300000.0,
        "Other Gand A": 141300000.0,
        "Gross Profit": 604500000.0,
        "Cost Of Revenue": 389100000.0,
        "Total Revenue": 993600000.0,
        "Operating Revenue": 993600000.0
    },
    "2022-03-31": {
        "Diluted EPS": 0.44,
        "Total Revenue": 994,
        "Gross Profit": 550,
        "Operating Income": 157,
        "EBIT": 202,
        "Net Income": 110
    },
    "2021-12-31": {
        "Diluted EPS": 0.45,
        "Total Revenue": 926,
        "Gross Profit": 512,
        "Operating Income": 128,
        "EBIT": 172,
        "Net Income": 115
    },
    "2021-09-30": {
        "Diluted EPS": 0.49,
        "Total Revenue": 901,
        "Gross Profit": 505,
        "Operating Income": 148,
        "EBIT": 192,
        "Net Income": 124
    },
    "2021-06-30": {
        "Diluted EPS": 0.55,
        "Total Revenue": 945,
        "Gross Profit": 525,
        "Operating Income": 145,
        "EBIT": 190,
        "Net Income": 139
    },
    "2021-03-31": {
        "Diluted EPS": 0.45,
        "Total Revenue": 887,
        "Gross Profit": 493,
        "Operating Income": 141,
        "EBIT": 187,
        "Net Income": 115
    },
    "2020-12-31": {
        "Diluted EPS": 0.71,
        "Total Revenue": 830,
        "Gross Profit": 469,
        "Operating Income": 122,
        "EBIT": 170,
        "Net Income": 180
    },
    "2020-09-30": {
        "Diluted EPS": 0.34,
        "Total Revenue": 792,
        "Gross Profit": 440,
        "Operating Income": 102,
        "EBIT": 152,
        "Net Income": 85
    },
    "2020-06-30": {
        "Diluted EPS": 0.25,
        "Total Revenue": 734,
        "Gross Profit": 406,
        "Operating Income": 98,
        "EBIT": 147,
        "Net Income": 63
    },
    "2020-03-31": {
        "Diluted EPS": 0.25,
        "Total Revenue": 792,
        "Gross Profit": 441,
        "Operating Income": 98,
        "EBIT": 149,
        "Net Income": 62
    },
    "2019-12-31": {
        "Diluted EPS": 1.1,
        "Total Revenue": 824,
        "Gross Profit": 460,
        "Operating Income": 88,
        "EBIT": 137,
        "Net Income": 279
    },
    "2019-09-30": {
        "Diluted EPS": 0.31,
        "Total Revenue": 784,
        "Gross Profit": 422,
        "Operating Income": 92,
        "EBIT": 142,
        "Net Income": 78
    },
    "2019-06-30": {
        "Diluted EPS": 0.37,
        "Total Revenue": 855,
        "Gross Profit": 461,
        "Operating Income": 110,
        "EBIT": 163,
        "Net Income": 95
    },
    "2019-03-31": {
        "Diluted EPS": 0.25,
        "Total Revenue": 802,
        "Gross Profit": 438,
        "Operating Income": 86,
        "EBIT": 141,
        "Net Income": 62
    },
    "2018-12-31": {
        "Diluted EPS": 0.35,
        "Total Revenue": 786,
        "Gross Profit": 435,
        "Operating Income": 90,
        "EBIT": 146,
        "Net Income": 87
    },
    "2018-09-30": {
        "Diluted EPS": 0.29,
        "Total Revenue": 795,
        "Gross Profit": 427,
        "Operating Income": 77,
        "EBIT": 136,
        "Net Income": 74
    },
    "2018-06-30": {
        "Diluted EPS": 0.25,
        "Total Revenue": 786,
        "Gross Profit": 423,
        "Operating Income": 90,
        "EBIT": 141,
        "Net Income": 64
    },
    "2018-03-31": {
        "Diluted EPS": 0.23,
        "Total Revenue": 742,
        "Gross Profit": 396,
        "Operating Income": 64,
        "EBIT": 113,
        "Net Income": 59
    },
    "2017-12-31": {
        "Diluted EPS": -0.13,
        "Total Revenue": 700,
        "Gross Profit": 360,
        "Operating Income": 56,
        "EBIT": 104,
        "Net Income": -36
    },
    "2017-09-30": {
        "Diluted EPS": 0.22,
        "Total Revenue": 676,
        "Gross Profit": 351,
        "Operating Income": 66,
        "EBIT": 115,
        "Net Income": 57
    },
    "2017-06-30": {
        "Diluted EPS": 0.18,
        "Total Revenue": 660,
        "Gross Profit": 343,
        "Operating Income": 59,
        "EBIT": 104,
        "Net Income": 47
    },
    "2017-03-31": {
        "Diluted EPS": 0.19,
        "Total Revenue": 611,
        "Gross Profit": 324,
        "Operating Income": 55,
        "EBIT": 97,
        "Net Income": 50
    },
    "2016-12-31": {
        "Diluted EPS": 0.15,
        "Total Revenue": 585,
        "Gross Profit": 309,
        "Operating Income": 55,
        "EBIT": 97,
        "Net Income": 38
    },
    "2016-09-30": {
        "Diluted EPS": 0.15,
        "Total Revenue": 584,
        "Gross Profit": 309,
        "Operating Income": 55,
        "EBIT": 102,
        "Net Income": 39
    },
    "2016-06-30": {
        "Diluted EPS": 0.14,
        "Total Revenue": 610,
        "Gross Profit": 316,
        "Operating Income": 41,
        "EBIT": 90,
        "Net Income": 36
    },
    "2016-03-31": {
        "Diluted EPS": 0.08,
        "Total Revenue": 583,
        "Gross Profit": 301,
        "Operating Income": 30,
        "EBIT": 79,
        "Net Income": 20
    },
    "2015-12-31": {
        "Diluted EPS": 0.1,
        "Total Revenue": 560,
        "Gross Profit": 293,
        "Operating Income": 33,
        "EBIT": 83,
        "Net Income": 24
    },
    "2015-09-30": {
        "Diluted EPS": 0.14,
        "Total Revenue": 562,
        "Gross Profit": 298,
        "Operating Income": 46,
        "EBIT": 96,
        "Net Income": 37
    },
    "2015-06-30": {
        "Diluted EPS": 0.1,
        "Total Revenue": 586,
        "Gross Profit": 304,
        "Operating Income": 36,
        "EBIT": 86,
        "Net Income": 26
    },
    "2015-03-31": {
        "Diluted EPS": 0.13,
        "Total Revenue": 583,
        "Gross Profit": 307,
        "Operating Income": 40,
        "EBIT": 89,
        "Net Income": 34
    },
    "2014-12-31": {
        "Diluted EPS": 0.22,
        "Total Revenue": 564,
        "Gross Profit": 293,
        "Operating Income": 77,
        "EBIT": 127,
        "Net Income": 56
    },
    "2014-09-30": {
        "Diluted EPS": 0.04,
        "Total Revenue": 585,
        "Gross Profit": 317,
        "Operating Income": 11,
        "EBIT": 59,
        "Net Income": 12
    },
    "2014-06-30": {
        "Diluted EPS": 0.29,
        "Total Revenue": 642,
        "Gross Profit": 355,
        "Operating Income": 97,
        "EBIT": 143,
        "Net Income": 78
    },
    "2014-03-31": {
        "Diluted EPS": 0.26,
        "Total Revenue": 605,
        "Gross Profit": 327,
        "Operating Income": 76,
        "EBIT": 124,
        "Net Income": 69
    },
    "2013-12-31": {
        "Diluted EPS": 0.23,
        "Total Revenue": 599,
        "Gross Profit": 319,
        "Operating Income": 67,
        "EBIT": 116,
        "Net Income": 60
    },
    "2013-09-30": {
        "Diluted EPS": 0.21,
        "Total Revenue": 557,
        "Gross Profit": 295,
        "Operating Income": 63,
        "EBIT": 111,
        "Net Income": 54
    },
    "2013-06-30": {
        "Diluted EPS": 0.21,
        "Total Revenue": 576,
        "Gross Profit": 302,
        "Operating Income": 65,
        "EBIT": 111,
        "Net Income": 55
    },
    "2013-03-31": {
        "Diluted EPS": 0.19,
        "Total Revenue": 556,
        "Gross Profit": 287,
        "Operating Income": 56,
        "EBIT": 102,
        "Net Income": 50
    },
    "2012-12-31": {
        "Diluted EPS": 0.12,
        "Total Revenue": 516,
        "Gross Profit": 256,
        "Operating Income": 30,
        "EBIT": 74,
        "Net Income": 33
    },
    "2012-09-30": {
        "Diluted EPS": 0.21,
        "Total Revenue": 505,
        "Gross Profit": 263,
        "Operating Income": 63,
        "EBIT": 101,
        "Net Income": 53
    },
    "2012-06-30": {
        "Diluted EPS": 0.21,
        "Total Revenue": 518,
        "Gross Profit": 268,
        "Operating Income": 59,
        "EBIT": 94,
        "Net Income": 54
    },
    "2012-03-31": {
        "Diluted EPS": 0.2,
        "Total Revenue": 502,
        "Gross Profit": 259,
        "Operating Income": 60,
        "EBIT": 94,
        "Net Income": 51
    },
    "2011-12-31": {
        "Diluted EPS": 0.12,
        "Total Revenue": 435,
        "Gross Profit": 218,
        "Operating Income": 29,
        "EBIT": 64,
        "Net Income": 29
    },
    "2011-09-30": {
        "Diluted EPS": 0.11,
        "Total Revenue": 417,
        "Gross Profit": 212,
        "Operating Income": 32,
        "EBIT": 62,
        "Net Income": 28
    },
    "2011-06-30": {
        "Diluted EPS": 0.22,
        "Total Revenue": 407,
        "Gross Profit": 209,
        "Operating Income": 52,
        "EBIT": 73,
        "Net Income": 54
    },
    "2011-03-31": {
        "Diluted EPS": 0.16,
        "Total Revenue": 384,
        "Gross Profit": 192,
        "Operating Income": 44,
        "EBIT": 64,
        "Net Income": 40
    },
    "2010-12-31": {
        "Diluted EPS": 0.15,
        "Total Revenue": 323,
        "Gross Profit": 163,
        "Operating Income": 19,
        "EBIT": 40,
        "Net Income": 37
    },
    "2010-09-30": {
        "Diluted EPS": 0.14,
        "Total Revenue": 318,
        "Gross Profit": 160,
        "Operating Income": 32,
        "EBIT": 51,
        "Net Income": 33
    },
    "2010-06-30": {
        "Diluted EPS": 0.03,
        "Total Revenue": 333,
        "Gross Profit": 163,
        "Operating Income": 41,
        "EBIT": 59,
        "Net Income": 6
    },
    "2010-03-31": {
        "Diluted EPS": 0.12,
        "Total Revenue": 319,
        "Gross Profit": 159,
        "Operating Income": 36,
        "EBIT": 54,
        "Net Income": 28
    },
    "2009-12-31": {
        "Diluted EPS": 0.04,
        "Total Revenue": 278,
        "Gross Profit": 131,
        "Operating Income": 13,
        "EBIT": 31,
        "Net Income": 10
    },
    "2009-09-30": {
        "Diluted EPS": 0.07,
        "Total Revenue": 270,
        "Gross Profit": 132,
        "Operating Income": 20,
        "EBIT": 39,
        "Net Income": 16
    },
    "2009-06-30": {
        "Diluted EPS": 0.09,
        "Total Revenue": 290,
        "Gross Profit": 143,
        "Operating Income": 29,
        "EBIT": 46,
        "Net Income": 21
    },
    "2009-03-31": {
        "Diluted EPS": 0.07,
        "Total Revenue": 289,
        "Gross Profit": 144,
        "Operating Income": 24,
        "EBIT": 41,
        "Net Income": 17
    }
}