{
    "2023-03-31": {
        "Tax Effect Of Unusual Items": NaN,
        "Tax Rate For Calcs": NaN,
        "Normalized EBITDA": NaN,
        "Total Unusual Items": NaN,
        "Total Unusual Items Excluding Goodwill": NaN,
        "Net Income From Continuing Operation Net Minority Interest": NaN,
        "Reconciled Depreciation": NaN,
        "Reconciled Cost Of Revenue": NaN,
        "EBITDA": NaN,
        "EBIT": NaN,
        "Net Interest Income": NaN,
        "Interest Expense": NaN,
        "Interest Income": NaN,
        "Normalized Income": NaN,
        "Net Income From Continuing And Discontinued Operation": NaN,
        "Total Expenses": NaN,
        "Total Operating Income As Reported": NaN,
        "Diluted Average Shares": 85200000.0,
        "Basic Average Shares": 81900000.0,
        "Diluted EPS": 1.8,
        "Basic EPS": 1.87,
        "Diluted NI Availto Com Stockholders": NaN,
        "Net Income Common Stockholders": NaN,
        "Net Income": NaN,
        "Minority Interests": NaN,
        "Net Income Including Noncontrolling Interests": NaN,
        "Net Income Continuous Operations": NaN,
        "Tax Provision": NaN,
        "Pretax Income": NaN,
        "Other Income Expense": NaN,
        "Special Income Charges": NaN,
        "Gain On Sale Of Ppe": NaN,
        "Impairment Of Capital Assets": 0.0,
        "Earnings From Equity Interest": 0.0,
        "Net Non Operating Interest Income Expense": NaN,
        "Interest Expense Non Operating": NaN,
        "Interest Income Non Operating": NaN,
        "Operating Income": NaN,
        "Operating Expense": NaN,
        "Other Operating Expenses": NaN,
        "Depreciation Amortization Depletion Income Statement": NaN,
        "Depreciation And Amortization In Income Statement": NaN,
        "Selling General And Administration": NaN,
        "General And Administrative Expense": NaN,
        "Other Gand A": NaN,
        "Gross Profit": NaN,
        "Cost Of Revenue": NaN,
        "Total Revenue": NaN,
        "Operating Revenue": NaN
    },
    "2022-12-31": {
        "Tax Effect Of Unusual Items": NaN,
        "Tax Rate For Calcs": NaN,
        "Normalized EBITDA": NaN,
        "Total Unusual Items": NaN,
        "Total Unusual Items Excluding Goodwill": NaN,
        "Net Income From Continuing Operation Net Minority Interest": NaN,
        "Reconciled Depreciation": NaN,
        "Reconciled Cost Of Revenue": NaN,
        "EBITDA": NaN,
        "EBIT": NaN,
        "Net Interest Income": NaN,
        "Interest Expense": NaN,
        "Interest Income": NaN,
        "Normalized Income": NaN,
        "Net Income From Continuing And Discontinued Operation": NaN,
        "Total Expenses": NaN,
        "Total Operating Income As Reported": NaN,
        "Diluted Average Shares": NaN,
        "Basic Average Shares": NaN,
        "Diluted EPS": NaN,
        "Basic EPS": NaN,
        "Diluted NI Availto Com Stockholders": NaN,
        "Net Income Common Stockholders": NaN,
        "Net Income": NaN,
        "Minority Interests": NaN,
        "Net Income Including Noncontrolling Interests": NaN,
        "Net Income Continuous Operations": NaN,
        "Tax Provision": NaN,
        "Pretax Income": NaN,
        "Other Income Expense": NaN,
        "Special Income Charges": NaN,
        "Gain On Sale Of Ppe": NaN,
        "Impairment Of Capital Assets": 47000.0,
        "Earnings From Equity Interest": -48000.0,
        "Net Non Operating Interest Income Expense": NaN,
        "Interest Expense Non Operating": NaN,
        "Interest Income Non Operating": NaN,
        "Operating Income": NaN,
        "Operating Expense": NaN,
        "Other Operating Expenses": NaN,
        "Depreciation Amortization Depletion Income Statement": NaN,
        "Depreciation And Amortization In Income Statement": NaN,
        "Selling General And Administration": NaN,
        "General And Administrative Expense": NaN,
        "Other Gand A": NaN,
        "Gross Profit": NaN,
        "Cost Of Revenue": NaN,
        "Total Revenue": NaN,
        "Operating Revenue": NaN
    },
    "2022-09-30": {
        "Tax Effect Of Unusual Items": NaN,
        "Tax Rate For Calcs": NaN,
        "Normalized EBITDA": NaN,
        "Total Unusual Items": NaN,
        "Total Unusual Items Excluding Goodwill": NaN,
        "Net Income From Continuing Operation Net Minority Interest": NaN,
        "Reconciled Depreciation": NaN,
        "Reconciled Cost Of Revenue": NaN,
        "EBITDA": NaN,
        "EBIT": NaN,
        "Net Interest Income": NaN,
        "Interest Expense": NaN,
        "Interest Income": NaN,
        "Normalized Income": NaN,
        "Net Income From Continuing And Discontinued Operation": NaN,
        "Total Expenses": NaN,
        "Total Operating Income As Reported": NaN,
        "Diluted Average Shares": 82500000.0,
        "Basic Average Shares": 81500000.0,
        "Diluted EPS": 2.63,
        "Basic EPS": 2.66,
        "Diluted NI Availto Com Stockholders": NaN,
        "Net Income Common Stockholders": NaN,
        "Net Income": NaN,
        "Minority Interests": NaN,
        "Net Income Including Noncontrolling Interests": NaN,
        "Net Income Continuous Operations": NaN,
        "Tax Provision": NaN,
        "Pretax Income": NaN,
        "Other Income Expense": NaN,
        "Special Income Charges": NaN,
        "Gain On Sale Of Ppe": NaN,
        "Impairment Of Capital Assets": NaN,
        "Earnings From Equity Interest": NaN,
        "Net Non Operating Interest Income Expense": NaN,
        "Interest Expense Non Operating": NaN,
        "Interest Income Non Operating": NaN,
        "Operating Income": NaN,
        "Operating Expense": NaN,
        "Other Operating Expenses": NaN,
        "Depreciation Amortization Depletion Income Statement": NaN,
        "Depreciation And Amortization In Income Statement": NaN,
        "Selling General And Administration": NaN,
        "General And Administrative Expense": NaN,
        "Other Gand A": NaN,
        "Gross Profit": NaN,
        "Cost Of Revenue": NaN,
        "Total Revenue": NaN,
        "Operating Revenue": NaN
    },
    "2022-06-30": {
        "Tax Effect Of Unusual Items": 2242.990654,
        "Tax Rate For Calcs": 0.003738,
        "Normalized EBITDA": 152900000.0,
        "Total Unusual Items": 600000.0,
        "Total Unusual Items Excluding Goodwill": 600000.0,
        "Net Income From Continuing Operation Net Minority Interest": 106600000.0,
        "Reconciled Depreciation": 34500000.0,
        "Reconciled Cost Of Revenue": 163400000.0,
        "EBITDA": 153500000.0,
        "EBIT": 119000000.0,
        "Net Interest Income": -11700000.0,
        "Interest Expense": 12000000.0,
        "Interest Income": 300000.0,
        "Normalized Income": 106002242.990654,
        "Net Income From Continuing And Discontinued Operation": 106600000.0,
        "Total Expenses": 220300000.0,
        "Total Operating Income As Reported": 118700000.0,
        "Diluted Average Shares": 81400000.0,
        "Basic Average Shares": 81200000.0,
        "Diluted EPS": 1.31,
        "Basic EPS": 1.31,
        "Diluted NI Availto Com Stockholders": 106600000.0,
        "Net Income Common Stockholders": 106600000.0,
        "Net Income": 106600000.0,
        "Minority Interests": NaN,
        "Net Income Including Noncontrolling Interests": 106600000.0,
        "Net Income Continuous Operations": 106600000.0,
        "Tax Provision": 400000.0,
        "Pretax Income": 107000000.0,
        "Other Income Expense": 500000.0,
        "Special Income Charges": 600000.0,
        "Gain On Sale Of Ppe": 800000.0,
        "Impairment Of Capital Assets": 200000.0,
        "Earnings From Equity Interest": -100000.0,
        "Net Non Operating Interest Income Expense": -11700000.0,
        "Interest Expense Non Operating": 12000000.0,
        "Interest Income Non Operating": 300000.0,
        "Operating Income": 118200000.0,
        "Operating Expense": 56900000.0,
        "Other Operating Expenses": 44400000.0,
        "Depreciation Amortization Depletion Income Statement": NaN,
        "Depreciation And Amortization In Income Statement": NaN,
        "Selling General And Administration": 12500000.0,
        "General And Administrative Expense": 12500000.0,
        "Other Gand A": 12500000.0,
        "Gross Profit": 175100000.0,
        "Cost Of Revenue": 163400000.0,
        "Total Revenue": 338500000.0,
        "Operating Revenue": 338500000.0
    },
    "2022-03-31": {
        "Diluted EPS": 0.12,
        "Total Revenue": 209,
        "Gross Profit": 160,
        "Operating Income": 25,
        "EBIT": 60,
        "Net Income": 10
    },
    "2021-12-31": {
        "Diluted EPS": -0.1,
        "Total Revenue": 189,
        "Gross Profit": 137,
        "Operating Income": -5,
        "EBIT": 30,
        "Net Income": -8
    },
    "2021-09-30": {
        "Diluted EPS": -0.19,
        "Total Revenue": 156,
        "Gross Profit": 107,
        "Operating Income": -4,
        "EBIT": 31,
        "Net Income": -15
    },
    "2021-06-30": {
        "Diluted EPS": 0.03,
        "Total Revenue": 151,
        "Gross Profit": 105,
        "Operating Income": 27,
        "EBIT": 58,
        "Net Income": 2
    },
    "2021-03-31": {
        "Diluted EPS": -0.28,
        "Total Revenue": 124,
        "Gross Profit": 80,
        "Operating Income": -12,
        "EBIT": 19,
        "Net Income": -21
    },
    "2020-12-31": {
        "Diluted EPS": -0.53,
        "Total Revenue": 116,
        "Gross Profit": 71,
        "Operating Income": -22,
        "EBIT": 8,
        "Net Income": -40
    },
    "2020-09-30": {
        "Diluted EPS": 0.01,
        "Total Revenue": 161,
        "Gross Profit": 114,
        "Operating Income": 13,
        "EBIT": 43,
        "Net Income": 1
    },
    "2020-06-30": {
        "Diluted EPS": 0.96,
        "Total Revenue": 228,
        "Gross Profit": 185,
        "Operating Income": 88,
        "EBIT": 119,
        "Net Income": 71
    },
    "2020-03-31": {
        "Diluted EPS": 0.75,
        "Total Revenue": 243,
        "Gross Profit": 200,
        "Operating Income": 70,
        "EBIT": 102,
        "Net Income": 56
    },
    "2019-12-31": {
        "Diluted EPS": 1.98,
        "Total Revenue": 193,
        "Gross Profit": 148,
        "Operating Income": 38,
        "EBIT": 67,
        "Net Income": 147
    },
    "2019-09-30": {
        "Diluted EPS": -0.12,
        "Total Revenue": 147,
        "Gross Profit": 105,
        "Operating Income": 4,
        "EBIT": 32,
        "Net Income": -9
    },
    "2019-06-30": {
        "Diluted EPS": 0.07,
        "Total Revenue": 166,
        "Gross Profit": 123,
        "Operating Income": 14,
        "EBIT": 40,
        "Net Income": 5
    },
    "2019-03-31": {
        "Diluted EPS": 0.31,
        "Total Revenue": 186,
        "Gross Profit": 144,
        "Operating Income": 35,
        "EBIT": 61,
        "Net Income": 23
    },
    "2018-12-31": {
        "Diluted EPS": -0.03,
        "Total Revenue": 169,
        "Gross Profit": 125,
        "Operating Income": 10,
        "EBIT": 39,
        "Net Income": -2
    },
    "2018-09-30": {
        "Diluted EPS": -0.34,
        "Total Revenue": 140,
        "Gross Profit": 96,
        "Operating Income": -14,
        "EBIT": 15,
        "Net Income": -25
    },
    "2018-06-30": {
        "Diluted EPS": -0.12,
        "Total Revenue": 163,
        "Gross Profit": 116,
        "Operating Income": 0,
        "EBIT": 29,
        "Net Income": -9
    },
    "2018-03-31": {
        "Diluted EPS": 0.01,
        "Total Revenue": 163,
        "Gross Profit": 117,
        "Operating Income": 8,
        "EBIT": 37,
        "Net Income": 1
    },
    "2017-12-31": {
        "Diluted EPS": 0.04,
        "Total Revenue": 171,
        "Gross Profit": 125,
        "Operating Income": 13,
        "EBIT": 123,
        "Net Income": 4
    },
    "2017-09-30": {
        "Diluted EPS": -0.07,
        "Total Revenue": 156,
        "Gross Profit": 109,
        "Operating Income": 8,
        "EBIT": -46,
        "Net Income": -4
    },
    "2017-06-30": {
        "Diluted EPS": -0.03,
        "Total Revenue": 157,
        "Gross Profit": 110,
        "Operating Income": 5,
        "EBIT": 33,
        "Net Income": -2
    },
    "2017-03-31": {
        "Diluted EPS": 0.1,
        "Total Revenue": 173,
        "Gross Profit": 124,
        "Operating Income": 15,
        "EBIT": 44,
        "Net Income": 5
    },
    "2016-12-31": {
        "Diluted EPS": 0.0,
        "Total Revenue": NaN,
        "Gross Profit": NaN,
        "Operating Income": NaN,
        "EBIT": NaN,
        "Net Income": NaN
    },
    "2016-06-30": {
        "Diluted EPS": 0.2,
        "Total Revenue": 177,
        "Gross Profit": 127,
        "Operating Income": 25,
        "EBIT": 25,
        "Net Income": 15
    },
    "2015-12-31": {
        "Diluted EPS": 0.0,
        "Total Revenue": NaN,
        "Gross Profit": NaN,
        "Operating Income": NaN,
        "EBIT": NaN,
        "Net Income": NaN
    },
    "2023-06-30": {
        "Tax Effect Of Unusual Items": 665000.0,
        "Tax Rate For Calcs": 0.19,
        "Normalized EBITDA": 236000000.0,
        "Total Unusual Items": 3500000.0,
        "Total Unusual Items Excluding Goodwill": 3500000.0,
        "Net Income From Continuing Operation Net Minority Interest": 185400000.0,
        "Reconciled Depreciation": 37100000.0,
        "Reconciled Cost Of Revenue": 111100000.0,
        "EBITDA": 239500000.0,
        "EBIT": 202400000.0,
        "Net Interest Income": -15400000.0,
        "Interest Expense": 18000000.0,
        "Interest Income": 2600000.0,
        "Normalized Income": 182565000.0,
        "Net Income From Continuing And Discontinued Operation": 185400000.0,
        "Total Expenses": 188000000.0,
        "Total Operating Income As Reported": 199800000.0,
        "Diluted Average Shares": 86700000.0,
        "Basic Average Shares": 83500000.0,
        "Diluted EPS": 2.14,
        "Basic EPS": 2.23,
        "Diluted NI Availto Com Stockholders": 185400000.0,
        "Net Income Common Stockholders": 185400000.0,
        "Net Income": 185400000.0,
        "Minority Interests": -400000.0,
        "Net Income Including Noncontrolling Interests": 185400000.0,
        "Net Income Continuous Operations": 185400000.0,
        "Tax Provision": -1000000.0,
        "Pretax Income": 184400000.0,
        "Other Income Expense": 3500000.0,
        "Special Income Charges": 3500000.0,
        "Gain On Sale Of Ppe": 3500000.0,
        "Impairment Of Capital Assets": 0.0,
        "Earnings From Equity Interest": 0.0,
        "Net Non Operating Interest Income Expense": -15400000.0,
        "Interest Expense Non Operating": 18000000.0,
        "Interest Income Non Operating": 2600000.0,
        "Operating Income": 196300000.0,
        "Operating Expense": 76900000.0,
        "Other Operating Expenses": 55000000.0,
        "Depreciation Amortization Depletion Income Statement": 37000000.0,
        "Depreciation And Amortization In Income Statement": 37000000.0,
        "Selling General And Administration": 21900000.0,
        "General And Administrative Expense": 21900000.0,
        "Other Gand A": 21900000.0,
        "Gross Profit": 273200000.0,
        "Cost Of Revenue": 111100000.0,
        "Total Revenue": 384300000.0,
        "Operating Revenue": 384300000.0
    },
    "2023-09-30": {
        "Tax Effect Of Unusual Items": 186374.3148,
        "Tax Rate For Calcs": 0.026625,
        "Normalized EBITDA": 175400000.0,
        "Total Unusual Items": 7000000.0,
        "Total Unusual Items Excluding Goodwill": 7000000.0,
        "Net Income From Continuing Operation Net Minority Interest": 124300000.0,
        "Reconciled Depreciation": 38200000.0,
        "Reconciled Cost Of Revenue": 151600000.0,
        "EBITDA": 182400000.0,
        "EBIT": 144200000.0,
        "Net Interest Income": -12300000.0,
        "Interest Expense": 16500000.0,
        "Interest Income": 4200000.0,
        "Normalized Income": 117486374.3148,
        "Net Income From Continuing And Discontinued Operation": 124300000.0,
        "Total Expenses": 225100000.0,
        "Total Operating Income As Reported": 140000000.0,
        "Diluted Average Shares": 87500000.0,
        "Basic Average Shares": 84400000.0,
        "Diluted EPS": 1.42,
        "Basic EPS": 1.47,
        "Diluted NI Availto Com Stockholders": 124300000.0,
        "Net Income Common Stockholders": 124300000.0,
        "Net Income": 124300000.0,
        "Minority Interests": 0.0,
        "Net Income Including Noncontrolling Interests": 124300000.0,
        "Net Income Continuous Operations": 124300000.0,
        "Tax Provision": 3400000.0,
        "Pretax Income": 127700000.0,
        "Other Income Expense": 7000000.0,
        "Special Income Charges": 7000000.0,
        "Gain On Sale Of Ppe": 7000000.0,
        "Impairment Of Capital Assets": 0.0,
        "Earnings From Equity Interest": 0.0,
        "Net Non Operating Interest Income Expense": -12300000.0,
        "Interest Expense Non Operating": 16500000.0,
        "Interest Income Non Operating": 4200000.0,
        "Operating Income": 133000000.0,
        "Operating Expense": 73500000.0,
        "Other Operating Expenses": 54500000.0,
        "Depreciation Amortization Depletion Income Statement": NaN,
        "Depreciation And Amortization In Income Statement": NaN,
        "Selling General And Administration": 19000000.0,
        "General And Administrative Expense": 19000000.0,
        "Other Gand A": 19000000.0,
        "Gross Profit": 206500000.0,
        "Cost Of Revenue": 151600000.0,
        "Total Revenue": 358100000.0,
        "Operating Revenue": 358100000.0
    },
    "2023-12-31": {
        "Tax Effect Of Unusual Items": 50708.839731,
        "Tax Rate For Calcs": 0.001272,
        "Normalized EBITDA": 197894000.0,
        "Total Unusual Items": 39877000.0,
        "Total Unusual Items Excluding Goodwill": 39877000.0,
        "Net Income From Continuing Operation Net Minority Interest": 184565000.0,
        "Reconciled Depreciation": 39011000.0,
        "Reconciled Cost Of Revenue": 159724000.0,
        "EBITDA": 237771000.0,
        "EBIT": 198760000.0,
        "Net Interest Income": -10499000.0,
        "Interest Expense": 13958000.0,
        "Interest Income": 3459000.0,
        "Normalized Income": 144738708.839731,
        "Net Income From Continuing And Discontinued Operation": 184565000.0,
        "Total Expenses": 232369000.0,
        "Total Operating Income As Reported": 195301000.0,
        "Diluted Average Shares": NaN,
        "Basic Average Shares": NaN,
        "Diluted EPS": NaN,
        "Basic EPS": NaN,
        "Diluted NI Availto Com Stockholders": 184565000.0,
        "Net Income Common Stockholders": 184565000.0,
        "Net Income": 184565000.0,
        "Minority Interests": -2000.0,
        "Net Income Including Noncontrolling Interests": 184567000.0,
        "Net Income Continuous Operations": 184567000.0,
        "Tax Provision": 235000.0,
        "Pretax Income": 184802000.0,
        "Other Income Expense": 39877000.0,
        "Special Income Charges": 39877000.0,
        "Gain On Sale Of Ppe": 39877000.0,
        "Impairment Of Capital Assets": 0.0,
        "Earnings From Equity Interest": 0.0,
        "Net Non Operating Interest Income Expense": -10499000.0,
        "Interest Expense Non Operating": 13958000.0,
        "Interest Income Non Operating": 3459000.0,
        "Operating Income": 155424000.0,
        "Operating Expense": 72645000.0,
        "Other Operating Expenses": 48213000.0,
        "Depreciation Amortization Depletion Income Statement": NaN,
        "Depreciation And Amortization In Income Statement": NaN,
        "Selling General And Administration": 24432000.0,
        "General And Administrative Expense": 24432000.0,
        "Other Gand A": 24432000.0,
        "Gross Profit": 228069000.0,
        "Cost Of Revenue": 159724000.0,
        "Total Revenue": 387793000.0,
        "Operating Revenue": 387793000.0
    },
    "2024-03-31": {
        "Tax Effect Of Unusual Items": 129032.258065,
        "Tax Rate For Calcs": 0.00759,
        "Normalized EBITDA": 255200000.0,
        "Total Unusual Items": 17000000.0,
        "Total Unusual Items Excluding Goodwill": 17000000.0,
        "Net Income From Continuing Operation Net Minority Interest": 209200000.0,
        "Reconciled Depreciation": 43100000.0,
        "Reconciled Cost Of Revenue": 155400000.0,
        "EBITDA": 272200000.0,
        "EBIT": 229100000.0,
        "Net Interest Income": -11900000.0,
        "Interest Expense": 18300000.0,
        "Interest Income": 6400000.0,
        "Normalized Income": 192329032.258065,
        "Net Income From Continuing And Discontinued Operation": 209200000.0,
        "Total Expenses": 238400000.0,
        "Total Operating Income As Reported": 222700000.0,
        "Diluted Average Shares": 92600000.0,
        "Basic Average Shares": 89800000.0,
        "Diluted EPS": 2.26,
        "Basic EPS": 2.34,
        "Diluted NI Availto Com Stockholders": 209200000.0,
        "Net Income Common Stockholders": 209200000.0,
        "Net Income": 209200000.0,
        "Minority Interests": -500000.0,
        "Net Income Including Noncontrolling Interests": 209200000.0,
        "Net Income Continuous Operations": 209200000.0,
        "Tax Provision": 1600000.0,
        "Pretax Income": 210800000.0,
        "Other Income Expense": 17000000.0,
        "Special Income Charges": 17000000.0,
        "Gain On Sale Of Ppe": 17000000.0,
        "Impairment Of Capital Assets": NaN,
        "Earnings From Equity Interest": NaN,
        "Net Non Operating Interest Income Expense": -11900000.0,
        "Interest Expense Non Operating": 18300000.0,
        "Interest Income Non Operating": 6400000.0,
        "Operating Income": 205700000.0,
        "Operating Expense": 83000000.0,
        "Other Operating Expenses": 56800000.0,
        "Depreciation Amortization Depletion Income Statement": NaN,
        "Depreciation And Amortization In Income Statement": NaN,
        "Selling General And Administration": 26200000.0,
        "General And Administrative Expense": 26200000.0,
        "Other Gand A": 26200000.0,
        "Gross Profit": 288700000.0,
        "Cost Of Revenue": 155400000.0,
        "Total Revenue": 444100000.0,
        "Operating Revenue": 444100000.0
    },
    "2024-06-30": {
        "Tax Effect Of Unusual Items": 2625000.0,
        "Tax Rate For Calcs": 0.25,
        "Normalized EBITDA": 248300000.0,
        "Total Unusual Items": 10500000.0,
        "Total Unusual Items Excluding Goodwill": 10500000.0,
        "Net Income From Continuing Operation Net Minority Interest": 194200000.0,
        "Reconciled Depreciation": 46800000.0,
        "Reconciled Cost Of Revenue": 157200000.0,
        "EBITDA": 258800000.0,
        "EBIT": 212000000.0,
        "Net Interest Income": -11200000.0,
        "Interest Expense": 18900000.0,
        "Interest Income": 7700000.0,
        "Normalized Income": 186325000.0,
        "Net Income From Continuing And Discontinued Operation": 194200000.0,
        "Total Expenses": 243900000.0,
        "Total Operating Income As Reported": 204300000.0,
        "Diluted Average Shares": 96400000.0,
        "Basic Average Shares": 93700000.0,
        "Diluted EPS": 2.02,
        "Basic EPS": 2.08,
        "Diluted NI Availto Com Stockholders": 194200000.0,
        "Net Income Common Stockholders": 194200000.0,
        "Net Income": 194200000.0,
        "Minority Interests": -300000.0,
        "Net Income Including Noncontrolling Interests": 194200000.0,
        "Net Income Continuous Operations": 194200000.0,
        "Tax Provision": -1100000.0,
        "Pretax Income": 193100000.0,
        "Other Income Expense": 10500000.0,
        "Special Income Charges": 10500000.0,
        "Gain On Sale Of Ppe": 10500000.0,
        "Impairment Of Capital Assets": NaN,
        "Earnings From Equity Interest": NaN,
        "Net Non Operating Interest Income Expense": -11200000.0,
        "Interest Expense Non Operating": 18900000.0,
        "Interest Income Non Operating": 7700000.0,
        "Operating Income": 193800000.0,
        "Operating Expense": 86700000.0,
        "Other Operating Expenses": 62900000.0,
        "Depreciation Amortization Depletion Income Statement": NaN,
        "Depreciation And Amortization In Income Statement": NaN,
        "Selling General And Administration": 23800000.0,
        "General And Administrative Expense": 23800000.0,
        "Other Gand A": 23800000.0,
        "Gross Profit": 280500000.0,
        "Cost Of Revenue": 157200000.0,
        "Total Revenue": 437700000.0,
        "Operating Revenue": 437700000.0
    }
}