{
    "2023-06-30": {
        "Tax Effect Of Unusual Items": NaN,
        "Tax Rate For Calcs": NaN,
        "Total Unusual Items": NaN,
        "Total Unusual Items Excluding Goodwill": NaN,
        "Net Income From Continuing Operation Net Minority Interest": NaN,
        "Reconciled Depreciation": NaN,
        "Net Interest Income": NaN,
        "Interest Expense": NaN,
        "Interest Income": NaN,
        "Normalized Income": NaN,
        "Net Income From Continuing And Discontinued Operation": NaN,
        "Diluted Average Shares": NaN,
        "Basic Average Shares": NaN,
        "Diluted EPS": NaN,
        "Basic EPS": NaN,
        "Diluted NI Availto Com Stockholders": NaN,
        "Net Income Common Stockholders": NaN,
        "Net Income": NaN,
        "Net Income Including Noncontrolling Interests": NaN,
        "Net Income Discontinuous Operations": 3833000.0,
        "Net Income Continuous Operations": NaN,
        "Tax Provision": NaN,
        "Pretax Income": NaN,
        "Special Income Charges": NaN,
        "Other Special Charges": NaN,
        "Gain On Sale Of Security": 0.0,
        "Depreciation Amortization Depletion Income Statement": NaN,
        "Depreciation And Amortization In Income Statement": NaN,
        "Amortization": NaN,
        "Amortization Of Intangibles Income Statement": NaN,
        "Selling General And Administration": NaN,
        "General And Administrative Expense": NaN,
        "Insurance And Claims": NaN,
        "Salaries And Wages": NaN,
        "Total Revenue": NaN,
        "Operating Revenue": NaN,
        "Occupancy And Equipment": NaN,
        "Other Non Interest Expense": NaN
    },
    "2023-03-31": {
        "Tax Effect Of Unusual Items": 0.0,
        "Tax Rate For Calcs": 0.157,
        "Total Unusual Items": NaN,
        "Total Unusual Items Excluding Goodwill": NaN,
        "Net Income From Continuing Operation Net Minority Interest": 50300000.0,
        "Reconciled Depreciation": 7666000.0,
        "Net Interest Income": 137595000.0,
        "Interest Expense": 61305000.0,
        "Interest Income": 198900000.0,
        "Normalized Income": 50300000.0,
        "Net Income From Continuing And Discontinued Operation": 50300000.0,
        "Diluted Average Shares": 61193000.0,
        "Basic Average Shares": 61011000.0,
        "Diluted EPS": 0.82,
        "Basic EPS": 0.82,
        "Diluted NI Availto Com Stockholders": 50300000.0,
        "Net Income Common Stockholders": 50300000.0,
        "Net Income": 50300000.0,
        "Net Income Including Noncontrolling Interests": 50300000.0,
        "Net Income Continuous Operations": 50300000.0,
        "Tax Provision": 9343000.0,
        "Pretax Income": 59643000.0,
        "Special Income Charges": NaN,
        "Other Special Charges": NaN,
        "Depreciation Amortization Depletion Income Statement": 288000.0,
        "Depreciation And Amortization In Income Statement": 288000.0,
        "Amortization": 288000.0,
        "Amortization Of Intangibles Income Statement": 288000.0,
        "Selling General And Administration": 76426000.0,
        "General And Administrative Expense": 76426000.0,
        "Insurance And Claims": 2370000.0,
        "Salaries And Wages": 74056000.0,
        "Total Revenue": 165507000.0,
        "Operating Revenue": 165507000.0,
        "Occupancy And Equipment": 14034000.0,
        "Other Non Interest Expense": 14114000.0
    },
    "2022-12-31": {
        "Tax Effect Of Unusual Items": 0.0,
        "Tax Rate For Calcs": 0.339775,
        "Total Unusual Items": NaN,
        "Total Unusual Items Excluding Goodwill": NaN,
        "Net Income From Continuing Operation Net Minority Interest": -34063000.0,
        "Reconciled Depreciation": 9528000.0,
        "Net Interest Income": 146583000.0,
        "Interest Expense": 29930000.0,
        "Interest Income": 176513000.0,
        "Normalized Income": -34063000.0,
        "Net Income From Continuing And Discontinued Operation": -34063000.0,
        "Diluted Average Shares": 61173249.0,
        "Basic Average Shares": 60969400.0,
        "Diluted EPS": -0.56,
        "Basic EPS": -0.56,
        "Diluted NI Availto Com Stockholders": -34063000.0,
        "Net Income Common Stockholders": -34063000.0,
        "Net Income": -34063000.0,
        "Net Income Including Noncontrolling Interests": -34063000.0,
        "Net Income Continuous Operations": -34063000.0,
        "Tax Provision": -17530000.0,
        "Pretax Income": -51593000.0,
        "Special Income Charges": NaN,
        "Other Special Charges": NaN,
        "Depreciation Amortization Depletion Income Statement": 312000.0,
        "Depreciation And Amortization In Income Statement": 312000.0,
        "Amortization": 312000.0,
        "Amortization Of Intangibles Income Statement": 312000.0,
        "Selling General And Administration": 75599000.0,
        "General And Administrative Expense": 75599000.0,
        "Insurance And Claims": 2130000.0,
        "Salaries And Wages": 73469000.0,
        "Total Revenue": 166863000.0,
        "Operating Revenue": 166863000.0
    },
    "2022-09-30": {
        "Tax Effect Of Unusual Items": NaN,
        "Tax Rate For Calcs": NaN,
        "Total Unusual Items": 0.0,
        "Total Unusual Items Excluding Goodwill": 0.0,
        "Net Income From Continuing Operation Net Minority Interest": NaN,
        "Reconciled Depreciation": NaN,
        "Net Interest Income": NaN,
        "Interest Expense": NaN,
        "Interest Income": NaN,
        "Normalized Income": NaN,
        "Net Income From Continuing And Discontinued Operation": NaN,
        "Diluted Average Shares": NaN,
        "Basic Average Shares": NaN,
        "Diluted EPS": NaN,
        "Basic EPS": NaN,
        "Diluted NI Availto Com Stockholders": NaN,
        "Net Income Common Stockholders": NaN,
        "Net Income": NaN,
        "Net Income Including Noncontrolling Interests": NaN,
        "Net Income Continuous Operations": NaN,
        "Tax Provision": NaN,
        "Pretax Income": NaN,
        "Special Income Charges": 0.0,
        "Other Special Charges": NaN,
        "Depreciation Amortization Depletion Income Statement": NaN,
        "Depreciation And Amortization In Income Statement": NaN,
        "Amortization": NaN,
        "Amortization Of Intangibles Income Statement": NaN,
        "Selling General And Administration": NaN,
        "General And Administrative Expense": NaN,
        "Insurance And Claims": NaN,
        "Salaries And Wages": NaN,
        "Total Revenue": NaN,
        "Operating Revenue": NaN
    },
    "2022-06-30": {
        "Tax Effect Of Unusual Items": 0.0,
        "Tax Rate For Calcs": 0.16409,
        "Total Unusual Items": NaN,
        "Total Unusual Items Excluding Goodwill": NaN,
        "Net Income From Continuing Operation Net Minority Interest": 34284000.0,
        "Reconciled Depreciation": 328000.0,
        "Net Interest Income": 115592000.0,
        "Interest Expense": 4508000.0,
        "Interest Income": 120100000.0,
        "Normalized Income": 34284000.0,
        "Net Income From Continuing And Discontinued Operation": 34284000.0,
        "Diluted Average Shares": 61546000.0,
        "Basic Average Shares": 61378000.0,
        "Diluted EPS": 0.56,
        "Basic EPS": 0.56,
        "Diluted NI Availto Com Stockholders": 34284000.0,
        "Net Income Common Stockholders": 34284000.0,
        "Net Income": 34284000.0,
        "Net Income Including Noncontrolling Interests": 34284000.0,
        "Net Income Continuous Operations": 34284000.0,
        "Tax Provision": 6730000.0,
        "Pretax Income": 41014000.0,
        "Special Income Charges": NaN,
        "Other Special Charges": NaN,
        "Depreciation Amortization Depletion Income Statement": 328000.0,
        "Depreciation And Amortization In Income Statement": 328000.0,
        "Amortization": 328000.0,
        "Amortization Of Intangibles Income Statement": 328000.0,
        "Selling General And Administration": 73489000.0,
        "General And Administrative Expense": 73489000.0,
        "Insurance And Claims": 1810000.0,
        "Salaries And Wages": 71679000.0,
        "Total Revenue": 141714000.0,
        "Operating Revenue": 141714000.0
    },
    "2022-03-31": {
        "Diluted EPS": 0.47,
        "Total Revenue": 158,
        "Gross Profit": 153,
        "Operating Income": 34,
        "EBIT": NaN,
        "Net Income": 29
    },
    "2021-12-31": {
        "Diluted EPS": 0.42,
        "Total Revenue": 154,
        "Gross Profit": 149,
        "Operating Income": 31,
        "EBIT": NaN,
        "Net Income": 26
    },
    "2021-09-30": {
        "Diluted EPS": 0.34,
        "Total Revenue": 158,
        "Gross Profit": 152,
        "Operating Income": 26,
        "EBIT": NaN,
        "Net Income": 21
    },
    "2021-06-30": {
        "Diluted EPS": 0.76,
        "Total Revenue": 182,
        "Gross Profit": 176,
        "Operating Income": 57,
        "EBIT": NaN,
        "Net Income": 48
    },
    "2021-03-31": {
        "Diluted EPS": 0.82,
        "Total Revenue": 170,
        "Gross Profit": 163,
        "Operating Income": 61,
        "EBIT": NaN,
        "Net Income": 52
    },
    "2020-12-31": {
        "Diluted EPS": 0.79,
        "Total Revenue": 185,
        "Gross Profit": 177,
        "Operating Income": 60,
        "EBIT": NaN,
        "Net Income": 51
    },
    "2020-09-30": {
        "Diluted EPS": 0.86,
        "Total Revenue": 188,
        "Gross Profit": 180,
        "Operating Income": 64,
        "EBIT": NaN,
        "Net Income": 54
    },
    "2020-06-30": {
        "Diluted EPS": 0.51,
        "Total Revenue": 184,
        "Gross Profit": 175,
        "Operating Income": 38,
        "EBIT": NaN,
        "Net Income": 32
    },
    "2020-03-31": {
        "Diluted EPS": 0.35,
        "Total Revenue": 186,
        "Gross Profit": 169,
        "Operating Income": 25,
        "EBIT": NaN,
        "Net Income": 22
    },
    "2019-12-31": {
        "Diluted EPS": 0.52,
        "Total Revenue": 172,
        "Gross Profit": 153,
        "Operating Income": 39,
        "EBIT": NaN,
        "Net Income": 34
    },
    "2019-09-30": {
        "Diluted EPS": 0.64,
        "Total Revenue": 179,
        "Gross Profit": 157,
        "Operating Income": 47,
        "EBIT": NaN,
        "Net Income": 41
    },
    "2019-06-30": {
        "Diluted EPS": 0.65,
        "Total Revenue": 180,
        "Gross Profit": 157,
        "Operating Income": 49,
        "EBIT": NaN,
        "Net Income": 42
    },
    "2019-03-31": {
        "Diluted EPS": 0.51,
        "Total Revenue": 167,
        "Gross Profit": 146,
        "Operating Income": 39,
        "EBIT": NaN,
        "Net Income": 33
    },
    "2018-12-31": {
        "Diluted EPS": 0.54,
        "Total Revenue": 168,
        "Gross Profit": 149,
        "Operating Income": 35,
        "EBIT": NaN,
        "Net Income": 37
    },
    "2018-09-30": {
        "Diluted EPS": 0.54,
        "Total Revenue": 172,
        "Gross Profit": 154,
        "Operating Income": 41,
        "EBIT": NaN,
        "Net Income": 36
    },
    "2018-06-30": {
        "Diluted EPS": 0.59,
        "Total Revenue": 168,
        "Gross Profit": 153,
        "Operating Income": 46,
        "EBIT": NaN,
        "Net Income": 40
    },
    "2018-03-31": {
        "Diluted EPS": 0.54,
        "Total Revenue": 162,
        "Gross Profit": 149,
        "Operating Income": 42,
        "EBIT": NaN,
        "Net Income": 37
    },
    "2017-12-31": {
        "Diluted EPS": 0.24,
        "Total Revenue": 161,
        "Gross Profit": 148,
        "Operating Income": 41,
        "EBIT": NaN,
        "Net Income": 16
    },
    "2017-09-30": {
        "Diluted EPS": 0.51,
        "Total Revenue": 161,
        "Gross Profit": 148,
        "Operating Income": 43,
        "EBIT": NaN,
        "Net Income": 35
    },
    "2017-06-30": {
        "Diluted EPS": 0.35,
        "Total Revenue": 162,
        "Gross Profit": 152,
        "Operating Income": 30,
        "EBIT": NaN,
        "Net Income": 24
    },
    "2017-03-31": {
        "Diluted EPS": 0.46,
        "Total Revenue": 151,
        "Gross Profit": 144,
        "Operating Income": 40,
        "EBIT": NaN,
        "Net Income": 31
    },
    "2016-12-31": {
        "Diluted EPS": 0.42,
        "Total Revenue": 147,
        "Gross Profit": 141,
        "Operating Income": 37,
        "EBIT": NaN,
        "Net Income": 29
    },
    "2016-09-30": {
        "Diluted EPS": 0.46,
        "Total Revenue": 149,
        "Gross Profit": 142,
        "Operating Income": 39,
        "EBIT": NaN,
        "Net Income": 31
    },
    "2016-06-30": {
        "Diluted EPS": 0.32,
        "Total Revenue": 147,
        "Gross Profit": 141,
        "Operating Income": 27,
        "EBIT": NaN,
        "Net Income": 22
    },
    "2016-03-31": {
        "Diluted EPS": 0.4,
        "Total Revenue": 144,
        "Gross Profit": 138,
        "Operating Income": 36,
        "EBIT": NaN,
        "Net Income": 27
    },
    "2015-12-31": {
        "Diluted EPS": 0.41,
        "Total Revenue": 144,
        "Gross Profit": 139,
        "Operating Income": 36,
        "EBIT": NaN,
        "Net Income": 28
    },
    "2015-09-30": {
        "Diluted EPS": 0.42,
        "Total Revenue": 149,
        "Gross Profit": 144,
        "Operating Income": 36,
        "EBIT": NaN,
        "Net Income": 28
    },
    "2015-06-30": {
        "Diluted EPS": 0.45,
        "Total Revenue": 147,
        "Gross Profit": 142,
        "Operating Income": 40,
        "EBIT": NaN,
        "Net Income": 31
    },
    "2015-03-31": {
        "Diluted EPS": 0.43,
        "Total Revenue": 145,
        "Gross Profit": 140,
        "Operating Income": 38,
        "EBIT": NaN,
        "Net Income": 29
    },
    "2014-12-31": {
        "Diluted EPS": 0.41,
        "Total Revenue": 146,
        "Gross Profit": 141,
        "Operating Income": 37,
        "EBIT": NaN,
        "Net Income": 28
    },
    "2014-09-30": {
        "Diluted EPS": 0.5,
        "Total Revenue": 154,
        "Gross Profit": 149,
        "Operating Income": 45,
        "EBIT": NaN,
        "Net Income": 34
    },
    "2014-06-30": {
        "Diluted EPS": 0.49,
        "Total Revenue": 155,
        "Gross Profit": 149,
        "Operating Income": 43,
        "EBIT": NaN,
        "Net Income": 33
    },
    "2014-03-31": {
        "Diluted EPS": 0.43,
        "Total Revenue": 145,
        "Gross Profit": 139,
        "Operating Income": 38,
        "EBIT": NaN,
        "Net Income": 29
    },
    "2013-12-31": {
        "Diluted EPS": 0.42,
        "Total Revenue": 147,
        "Gross Profit": 141,
        "Operating Income": 33,
        "EBIT": NaN,
        "Net Income": 28
    },
    "2013-09-30": {
        "Diluted EPS": 0.49,
        "Total Revenue": 152,
        "Gross Profit": 146,
        "Operating Income": 44,
        "EBIT": NaN,
        "Net Income": 33
    },
    "2013-06-30": {
        "Diluted EPS": 0.46,
        "Total Revenue": 150,
        "Gross Profit": 143,
        "Operating Income": 42,
        "EBIT": NaN,
        "Net Income": 31
    },
    "2013-03-31": {
        "Diluted EPS": 0.38,
        "Total Revenue": 140,
        "Gross Profit": 133,
        "Operating Income": 34,
        "EBIT": NaN,
        "Net Income": 25
    },
    "2012-12-31": {
        "Diluted EPS": 0.43,
        "Total Revenue": 132,
        "Gross Profit": 125,
        "Operating Income": 36,
        "EBIT": NaN,
        "Net Income": 28
    },
    "2012-09-30": {
        "Diluted EPS": 0.46,
        "Total Revenue": 137,
        "Gross Profit": 130,
        "Operating Income": 41,
        "EBIT": NaN,
        "Net Income": 30
    },
    "2012-06-30": {
        "Diluted EPS": 0.45,
        "Total Revenue": 138,
        "Gross Profit": 130,
        "Operating Income": 40,
        "EBIT": NaN,
        "Net Income": 29
    },
    "2012-03-31": {
        "Diluted EPS": 0.47,
        "Total Revenue": 140,
        "Gross Profit": 131,
        "Operating Income": 42,
        "EBIT": NaN,
        "Net Income": 30
    },
    "2011-12-31": {
        "Diluted EPS": 0.38,
        "Total Revenue": 131,
        "Gross Profit": 122,
        "Operating Income": 32,
        "EBIT": NaN,
        "Net Income": 24
    },
    "2011-09-30": {
        "Diluted EPS": 0.42,
        "Total Revenue": 140,
        "Gross Profit": 130,
        "Operating Income": 36,
        "EBIT": NaN,
        "Net Income": 27
    },
    "2011-06-30": {
        "Diluted EPS": 0.49,
        "Total Revenue": 146,
        "Gross Profit": 134,
        "Operating Income": 45,
        "EBIT": NaN,
        "Net Income": 32
    },
    "2011-03-31": {
        "Diluted EPS": 0.37,
        "Total Revenue": 134,
        "Gross Profit": 123,
        "Operating Income": 35,
        "EBIT": NaN,
        "Net Income": 24
    },
    "2010-12-31": {
        "Diluted EPS": 0.39,
        "Total Revenue": 139,
        "Gross Profit": 127,
        "Operating Income": 35,
        "EBIT": NaN,
        "Net Income": 25
    },
    "2010-09-30": {
        "Diluted EPS": 0.4,
        "Total Revenue": 145,
        "Gross Profit": 132,
        "Operating Income": 35,
        "EBIT": NaN,
        "Net Income": 26
    },
    "2010-06-30": {
        "Diluted EPS": 0.41,
        "Total Revenue": 148,
        "Gross Profit": 133,
        "Operating Income": 39,
        "EBIT": NaN,
        "Net Income": 26
    },
    "2010-03-31": {
        "Diluted EPS": 0.37,
        "Total Revenue": 142,
        "Gross Profit": 126,
        "Operating Income": 34,
        "EBIT": NaN,
        "Net Income": 23
    },
    "2009-12-31": {
        "Diluted EPS": 0.23,
        "Total Revenue": 147,
        "Gross Profit": 129,
        "Operating Income": 64,
        "EBIT": NaN,
        "Net Income": 14
    },
    "2009-09-30": {
        "Diluted EPS": 0.39,
        "Total Revenue": 153,
        "Gross Profit": 133,
        "Operating Income": 38,
        "EBIT": NaN,
        "Net Income": 22
    },
    "2009-06-30": {
        "Diluted EPS": 0.23,
        "Total Revenue": 153,
        "Gross Profit": 129,
        "Operating Income": 24,
        "EBIT": NaN,
        "Net Income": 13
    },
    "2009-03-31": {
        "Diluted EPS": 0.41,
        "Total Revenue": 157,
        "Gross Profit": 132,
        "Operating Income": 40,
        "EBIT": NaN,
        "Net Income": 23
    },
    "2023-09-30": {
        "Tax Effect Of Unusual Items": -1111500.0,
        "Tax Rate For Calcs": 0.171,
        "Total Unusual Items": -6500000.0,
        "Total Unusual Items Excluding Goodwill": -6500000.0,
        "Net Income From Continuing Operation Net Minority Interest": 30553000.0,
        "Reconciled Depreciation": 9681000.0,
        "Net Interest Income": 138637000.0,
        "Interest Expense": 89885000.0,
        "Interest Income": 228522000.0,
        "Normalized Income": 35941500.0,
        "Net Income From Continuing And Discontinued Operation": 34029000.0,
        "Diluted Average Shares": 61263000.0,
        "Basic Average Shares": 61070000.0,
        "Diluted EPS": 0.56,
        "Basic EPS": 0.56,
        "Diluted NI Availto Com Stockholders": 34029000.0,
        "Net Income Common Stockholders": 34029000.0,
        "Net Income": 34029000.0,
        "Net Income Including Noncontrolling Interests": 34029000.0,
        "Net Income Discontinuous Operations": 3476000.0,
        "Net Income Continuous Operations": 30553000.0,
        "Tax Provision": 6288000.0,
        "Pretax Income": 36841000.0,
        "Special Income Charges": -6500000.0,
        "Other Special Charges": 6500000.0,
        "Gain On Sale Of Security": 0.0,
        "Depreciation Amortization Depletion Income Statement": 34000.0,
        "Depreciation And Amortization In Income Statement": 34000.0,
        "Amortization": 34000.0,
        "Amortization Of Intangibles Income Statement": 34000.0,
        "Selling General And Administration": 71139000.0,
        "General And Administrative Expense": 71139000.0,
        "Insurance And Claims": 3765000.0,
        "Salaries And Wages": 67374000.0,
        "Total Revenue": 146951000.0,
        "Operating Revenue": 146951000.0,
        "Occupancy And Equipment": 13906000.0,
        "Other Non Interest Expense": 10105000.0
    },
    "2023-12-31": {
        "Tax Effect Of Unusual Items": 0.0,
        "Tax Rate For Calcs": 0.168056,
        "Total Unusual Items": 0.0,
        "Total Unusual Items Excluding Goodwill": 0.0,
        "Net Income From Continuing Operation Net Minority Interest": 36123000.0,
        "Reconciled Depreciation": 9627000.0,
        "Net Interest Income": 136742000.0,
        "Interest Expense": 96140000.0,
        "Interest Income": 232882000.0,
        "Normalized Income": 36123000.0,
        "Net Income From Continuing And Discontinued Operation": 36123000.0,
        "Diluted Average Shares": 61296840.0,
        "Basic Average Shares": 61070481.0,
        "Diluted EPS": 0.59,
        "Basic EPS": 0.59,
        "Diluted NI Availto Com Stockholders": 36123000.0,
        "Net Income Common Stockholders": 36123000.0,
        "Net Income": 36123000.0,
        "Net Income Including Noncontrolling Interests": 36123000.0,
        "Net Income Discontinuous Operations": NaN,
        "Net Income Continuous Operations": 36123000.0,
        "Tax Provision": 7297000.0,
        "Pretax Income": 43420000.0,
        "Special Income Charges": 0.0,
        "Other Special Charges": 0.0,
        "Gain On Sale Of Security": NaN,
        "Depreciation Amortization Depletion Income Statement": 128000.0,
        "Depreciation And Amortization In Income Statement": 128000.0,
        "Amortization": 128000.0,
        "Amortization Of Intangibles Income Statement": 128000.0,
        "Selling General And Administration": 82847000.0,
        "General And Administrative Expense": 82847000.0,
        "Insurance And Claims": 4844000.0,
        "Salaries And Wages": 78003000.0,
        "Total Revenue": 158273000.0,
        "Operating Revenue": 158273000.0,
        "Occupancy And Equipment": 13879000.0,
        "Other Non Interest Expense": 11302000.0
    },
    "2024-03-31": {
        "Tax Effect Of Unusual Items": 0.0,
        "Tax Rate For Calcs": 0.161,
        "Total Unusual Items": NaN,
        "Total Unusual Items Excluding Goodwill": NaN,
        "Net Income From Continuing Operation Net Minority Interest": 41535000.0,
        "Reconciled Depreciation": 8563000.0,
        "Net Interest Income": 132830000.0,
        "Interest Expense": 97010000.0,
        "Interest Income": 229840000.0,
        "Normalized Income": 41535000.0,
        "Net Income From Continuing And Discontinued Operation": 41535000.0,
        "Diluted Average Shares": 61348000.0,
        "Basic Average Shares": 61128000.0,
        "Diluted EPS": 0.68,
        "Basic EPS": 0.68,
        "Diluted NI Availto Com Stockholders": 41535000.0,
        "Net Income Common Stockholders": 41535000.0,
        "Net Income": 41535000.0,
        "Net Income Including Noncontrolling Interests": 41535000.0,
        "Net Income Discontinuous Operations": NaN,
        "Net Income Continuous Operations": 41535000.0,
        "Tax Provision": 7982000.0,
        "Pretax Income": 49517000.0,
        "Special Income Charges": NaN,
        "Other Special Charges": NaN,
        "Gain On Sale Of Security": NaN,
        "Depreciation Amortization Depletion Income Statement": 120000.0,
        "Depreciation And Amortization In Income Statement": 120000.0,
        "Amortization": 120000.0,
        "Amortization Of Intangibles Income Statement": 120000.0,
        "Selling General And Administration": 79967000.0,
        "General And Administrative Expense": 79967000.0,
        "Insurance And Claims": 4509000.0,
        "Salaries And Wages": 75458000.0,
        "Total Revenue": 162219000.0,
        "Operating Revenue": 162219000.0,
        "Occupancy And Equipment": 13881000.0,
        "Other Non Interest Expense": 11218000.0
    },
    "2024-06-30": {
        "Tax Effect Of Unusual Items": 0.0,
        "Tax Rate For Calcs": 0.273,
        "Total Unusual Items": NaN,
        "Total Unusual Items Excluding Goodwill": NaN,
        "Net Income From Continuing Operation Net Minority Interest": -100605000.0,
        "Reconciled Depreciation": 10124000.0,
        "Net Interest Income": 141029000.0,
        "Interest Expense": 98122000.0,
        "Interest Income": 239151000.0,
        "Normalized Income": -100605000.0,
        "Net Income From Continuing And Discontinued Operation": 73832000.0,
        "Diluted Average Shares": 61416000.0,
        "Basic Average Shares": 61197000.0,
        "Diluted EPS": 1.2,
        "Basic EPS": 1.21,
        "Diluted NI Availto Com Stockholders": 73832000.0,
        "Net Income Common Stockholders": 73832000.0,
        "Net Income": 73832000.0,
        "Net Income Including Noncontrolling Interests": 73832000.0,
        "Net Income Discontinuous Operations": 174437000.0,
        "Net Income Continuous Operations": -100605000.0,
        "Tax Provision": -37707000.0,
        "Pretax Income": -138312000.0,
        "Special Income Charges": NaN,
        "Other Special Charges": NaN,
        "Gain On Sale Of Security": -174736000.0,
        "Depreciation Amortization Depletion Income Statement": 27000.0,
        "Depreciation And Amortization In Income Statement": 27000.0,
        "Amortization": 27000.0,
        "Amortization Of Intangibles Income Statement": 27000.0,
        "Selling General And Administration": 69654000.0,
        "General And Administrative Expense": 69654000.0,
        "Insurance And Claims": 4816000.0,
        "Salaries And Wages": 64838000.0,
        "Total Revenue": -26056000.0,
        "Operating Revenue": -26056000.0,
        "Occupancy And Equipment": 13506000.0,
        "Other Non Interest Expense": 9340000.0
    },
    "2024-09-30": {
        "Tax Effect Of Unusual Items": 0.0,
        "Tax Rate For Calcs": 0.178,
        "Total Unusual Items": 0.0,
        "Total Unusual Items Excluding Goodwill": 0.0,
        "Net Income From Continuing Operation Net Minority Interest": 51330000.0,
        "Reconciled Depreciation": 9718000.0,
        "Net Interest Income": 154714000.0,
        "Interest Expense": 96878000.0,
        "Interest Income": 251592000.0,
        "Normalized Income": 51330000.0,
        "Net Income From Continuing And Discontinued Operation": 51330000.0,
        "Diluted Average Shares": 61448000.0,
        "Basic Average Shares": 61207000.0,
        "Diluted EPS": 0.84,
        "Basic EPS": 0.84,
        "Diluted NI Availto Com Stockholders": 51330000.0,
        "Net Income Common Stockholders": 51330000.0,
        "Net Income": 51330000.0,
        "Net Income Including Noncontrolling Interests": 51330000.0,
        "Net Income Discontinuous Operations": 0.0,
        "Net Income Continuous Operations": 51330000.0,
        "Tax Provision": 11128000.0,
        "Pretax Income": 62458000.0,
        "Special Income Charges": 0.0,
        "Other Special Charges": NaN,
        "Gain On Sale Of Security": 0.0,
        "Depreciation Amortization Depletion Income Statement": 28000.0,
        "Depreciation And Amortization In Income Statement": 28000.0,
        "Amortization": 28000.0,
        "Amortization Of Intangibles Income Statement": 28000.0,
        "Selling General And Administration": 71762000.0,
        "General And Administrative Expense": 71762000.0,
        "Insurance And Claims": 5071000.0,
        "Salaries And Wages": 66691000.0,
        "Total Revenue": 165705000.0,
        "Operating Revenue": 165705000.0,
        "Occupancy And Equipment": 13539000.0,
        "Other Non Interest Expense": 11370000.0
    }
}