{
    "2023-03-31": {
        "Tax Effect Of Unusual Items": 0.0,
        "Tax Rate For Calcs": 0.23,
        "Normalized EBITDA": 4710000.0,
        "Net Income From Continuing Operation Net Minority Interest": -17909000.0,
        "Reconciled Depreciation": 16989000.0,
        "Reconciled Cost Of Revenue": 16097000.0,
        "EBITDA": 4710000.0,
        "EBIT": -12279000.0,
        "Net Interest Income": 758000.0,
        "Interest Expense": 2169000.0,
        "Interest Income": 2927000.0,
        "Normalized Income": -17909000.0,
        "Net Income From Continuing And Discontinued Operation": -17909000.0,
        "Total Expenses": 86943000.0,
        "Total Operating Income As Reported": -15206000.0,
        "Diluted Average Shares": 74620833.0,
        "Basic Average Shares": 74620833.0,
        "Diluted EPS": -0.24,
        "Basic EPS": -0.24,
        "Diluted NI Availto Com Stockholders": -17909000.0,
        "Net Income Common Stockholders": -17909000.0,
        "Otherunder Preferred Stock Dividend": 0.0,
        "Net Income": -17909000.0,
        "Net Income Including Noncontrolling Interests": -17909000.0,
        "Net Income Continuous Operations": -17909000.0,
        "Tax Provision": 3461000.0,
        "Pretax Income": -14448000.0,
        "Net Non Operating Interest Income Expense": 758000.0,
        "Interest Expense Non Operating": 2169000.0,
        "Interest Income Non Operating": 2927000.0,
        "Operating Income": -15206000.0,
        "Operating Expense": 70846000.0,
        "Other Operating Expenses": NaN,
        "Depreciation And Amortization In Income Statement": 16989000.0,
        "Depreciation Income Statement": 16989000.0,
        "Research And Development": 13247000.0,
        "Selling General And Administration": 40610000.0,
        "Selling And Marketing Expense": 28574000.0,
        "General And Administrative Expense": 12036000.0,
        "Gross Profit": 55640000.0,
        "Cost Of Revenue": 16097000.0,
        "Total Revenue": 71737000.0,
        "Operating Revenue": 71737000.0
    },
    "2022-12-31": {
        "Tax Effect Of Unusual Items": 0.0,
        "Tax Rate For Calcs": 0.4,
        "Normalized EBITDA": 28416000.0,
        "Net Income From Continuing Operation Net Minority Interest": 5061000.0,
        "Reconciled Depreciation": 17184000.0,
        "Reconciled Cost Of Revenue": 17265000.0,
        "EBITDA": 28416000.0,
        "EBIT": 11232000.0,
        "Net Interest Income": -717000.0,
        "Interest Expense": 1131000.0,
        "Interest Income": 414000.0,
        "Normalized Income": 5061000.0,
        "Net Income From Continuing And Discontinued Operation": 5061000.0,
        "Total Expenses": 90867000.0,
        "Total Operating Income As Reported": 10818000.0,
        "Diluted Average Shares": 78924678.0,
        "Basic Average Shares": 78924678.0,
        "Diluted EPS": 0.06,
        "Basic EPS": 0.06,
        "Diluted NI Availto Com Stockholders": 5061000.0,
        "Net Income Common Stockholders": 5061000.0,
        "Otherunder Preferred Stock Dividend": 0.0,
        "Net Income": 5061000.0,
        "Net Income Including Noncontrolling Interests": 5061000.0,
        "Net Income Continuous Operations": 5061000.0,
        "Tax Provision": 5040000.0,
        "Pretax Income": 10101000.0,
        "Net Non Operating Interest Income Expense": -717000.0,
        "Interest Expense Non Operating": 1131000.0,
        "Interest Income Non Operating": 414000.0,
        "Operating Income": 16830000.0,
        "Operating Expense": 73602000.0,
        "Other Operating Expenses": NaN,
        "Depreciation And Amortization In Income Statement": 17184000.0,
        "Depreciation Income Statement": 17184000.0,
        "Research And Development": 11841000.0,
        "Selling General And Administration": -3925000.0,
        "Selling And Marketing Expense": 30506000.0,
        "General And Administrative Expense": -34431000.0,
        "Gross Profit": 90432000.0,
        "Cost Of Revenue": 17265000.0,
        "Total Revenue": 107697000.0,
        "Operating Revenue": 107697000.0
    },
    "2022-09-30": {
        "Tax Effect Of Unusual Items": 0.0,
        "Tax Rate For Calcs": 0.4,
        "Normalized EBITDA": 15118000.0,
        "Net Income From Continuing Operation Net Minority Interest": -959000.0,
        "Reconciled Depreciation": 10159000.0,
        "Reconciled Cost Of Revenue": 14064000.0,
        "EBITDA": 15118000.0,
        "EBIT": 4959000.0,
        "Net Interest Income": -617000.0,
        "Interest Expense": 1460000.0,
        "Interest Income": 843000.0,
        "Normalized Income": -959000.0,
        "Net Income From Continuing And Discontinued Operation": -959000.0,
        "Total Expenses": 66735000.0,
        "Total Operating Income As Reported": 4116000.0,
        "Diluted Average Shares": 76650000.0,
        "Basic Average Shares": 73125323.0,
        "Diluted EPS": -0.02,
        "Basic EPS": -0.02,
        "Diluted NI Availto Com Stockholders": -959000.0,
        "Net Income Common Stockholders": -959000.0,
        "Otherunder Preferred Stock Dividend": 0.0,
        "Net Income": -959000.0,
        "Net Income Including Noncontrolling Interests": -959000.0,
        "Net Income Continuous Operations": -959000.0,
        "Tax Provision": 4458000.0,
        "Pretax Income": 3499000.0,
        "Net Non Operating Interest Income Expense": -617000.0,
        "Interest Expense Non Operating": 1460000.0,
        "Interest Income Non Operating": 843000.0,
        "Operating Income": 4116000.0,
        "Operating Expense": 52671000.0,
        "Other Operating Expenses": NaN,
        "Depreciation And Amortization In Income Statement": 10159000.0,
        "Depreciation Income Statement": 10159000.0,
        "Research And Development": 8237000.0,
        "Selling General And Administration": 34275000.0,
        "Selling And Marketing Expense": 18739000.0,
        "General And Administrative Expense": 15536000.0,
        "Gross Profit": 56787000.0,
        "Cost Of Revenue": 14064000.0,
        "Total Revenue": 70851000.0,
        "Operating Revenue": 70851000.0
    },
    "2022-06-30": {
        "Tax Effect Of Unusual Items": 0.0,
        "Tax Rate For Calcs": 0.4,
        "Normalized EBITDA": 23424000.0,
        "Net Income From Continuing Operation Net Minority Interest": 7271000.0,
        "Reconciled Depreciation": 7630000.0,
        "Reconciled Cost Of Revenue": 13019000.0,
        "EBITDA": 23424000.0,
        "EBIT": 15794000.0,
        "Net Interest Income": -1266000.0,
        "Interest Expense": 1581000.0,
        "Interest Income": 315000.0,
        "Normalized Income": 7271000.0,
        "Net Income From Continuing And Discontinued Operation": 7271000.0,
        "Total Expenses": 60349000.0,
        "Total Operating Income As Reported": 15479000.0,
        "Diluted Average Shares": 78431384.0,
        "Basic Average Shares": 76546954.0,
        "Diluted EPS": 0.1,
        "Basic EPS": 0.1,
        "Diluted NI Availto Com Stockholders": 7271000.0,
        "Net Income Common Stockholders": 7271000.0,
        "Otherunder Preferred Stock Dividend": 0.0,
        "Net Income": 7271000.0,
        "Net Income Including Noncontrolling Interests": 7271000.0,
        "Net Income Continuous Operations": 7271000.0,
        "Tax Provision": 6942000.0,
        "Pretax Income": 14213000.0,
        "Net Non Operating Interest Income Expense": -1266000.0,
        "Interest Expense Non Operating": 1581000.0,
        "Interest Income Non Operating": 315000.0,
        "Operating Income": 15479000.0,
        "Operating Expense": 47330000.0,
        "Other Operating Expenses": NaN,
        "Depreciation And Amortization In Income Statement": 7630000.0,
        "Depreciation Income Statement": 7630000.0,
        "Research And Development": 7198000.0,
        "Selling General And Administration": 32502000.0,
        "Selling And Marketing Expense": 20348000.0,
        "General And Administrative Expense": 12154000.0,
        "Gross Profit": 62809000.0,
        "Cost Of Revenue": 13019000.0,
        "Total Revenue": 75828000.0,
        "Operating Revenue": 75828000.0
    },
    "2022-03-31": {
        "Diluted EPS": 0.14,
        "Total Revenue": 81,
        "Gross Profit": 64,
        "Operating Income": 14,
        "EBIT": 22,
        "Net Income": 11
    },
    "2021-12-31": {
        "Diluted EPS": 0.3,
        "Total Revenue": 103,
        "Gross Profit": 82,
        "Operating Income": 24,
        "EBIT": 35,
        "Net Income": 24
    },
    "2021-09-30": {
        "Diluted EPS": 0.14,
        "Total Revenue": 87,
        "Gross Profit": 71,
        "Operating Income": 14,
        "EBIT": 24,
        "Net Income": 12
    },
    "2021-06-30": {
        "Diluted EPS": 0.34,
        "Total Revenue": 81,
        "Gross Profit": 64,
        "Operating Income": 21,
        "EBIT": 31,
        "Net Income": 24
    },
    "2021-03-31": {
        "Diluted EPS": 0.18,
        "Total Revenue": 71,
        "Gross Profit": 53,
        "Operating Income": 15,
        "EBIT": 25,
        "Net Income": 13
    },
    "2020-12-31": {
        "Diluted EPS": 0.33,
        "Total Revenue": 82,
        "Gross Profit": 64,
        "Operating Income": 21,
        "EBIT": 32,
        "Net Income": 21
    },
    "2020-09-30": {
        "Diluted EPS": 0.1,
        "Total Revenue": 56,
        "Gross Profit": 42,
        "Operating Income": 5,
        "EBIT": 16,
        "Net Income": 7
    },
    "2020-06-30": {
        "Diluted EPS": -0.17,
        "Total Revenue": 36,
        "Gross Profit": 20,
        "Operating Income": -14,
        "EBIT": -3,
        "Net Income": -12
    },
    "2020-03-31": {
        "Diluted EPS": -0.21,
        "Total Revenue": 39,
        "Gross Profit": 25,
        "Operating Income": -18,
        "EBIT": -6,
        "Net Income": -14
    },
    "2019-12-31": {
        "Diluted EPS": 0.0,
        "Total Revenue": NaN,
        "Gross Profit": NaN,
        "Operating Income": NaN,
        "EBIT": NaN,
        "Net Income": NaN
    },
    "2023-06-30": {
        "Tax Effect Of Unusual Items": 0.0,
        "Tax Rate For Calcs": 0.4,
        "Normalized EBITDA": 13381000.0,
        "Net Income From Continuing Operation Net Minority Interest": -5609000.0,
        "Reconciled Depreciation": 19933000.0,
        "Reconciled Cost Of Revenue": 14604000.0,
        "EBITDA": 13381000.0,
        "EBIT": -6552000.0,
        "Net Interest Income": -2254000.0,
        "Interest Expense": 3658000.0,
        "Interest Income": 1404000.0,
        "Normalized Income": -5609000.0,
        "Net Income From Continuing And Discontinued Operation": -5609000.0,
        "Total Expenses": 92202000.0,
        "Total Operating Income As Reported": -7956000.0,
        "Diluted Average Shares": 71306266.0,
        "Basic Average Shares": 71306266.0,
        "Diluted EPS": -0.08,
        "Basic EPS": -0.08,
        "Diluted NI Availto Com Stockholders": -5609000.0,
        "Net Income Common Stockholders": -5609000.0,
        "Otherunder Preferred Stock Dividend": 0.0,
        "Net Income": -5609000.0,
        "Net Income Including Noncontrolling Interests": -5609000.0,
        "Net Income Continuous Operations": -5609000.0,
        "Tax Provision": -4601000.0,
        "Pretax Income": -10210000.0,
        "Net Non Operating Interest Income Expense": -2254000.0,
        "Interest Expense Non Operating": 3658000.0,
        "Interest Income Non Operating": 1404000.0,
        "Operating Income": -7956000.0,
        "Operating Expense": 77598000.0,
        "Other Operating Expenses": 1765000.0,
        "Depreciation And Amortization In Income Statement": 19933000.0,
        "Depreciation Income Statement": 19933000.0,
        "Research And Development": 13829000.0,
        "Selling General And Administration": 42071000.0,
        "Selling And Marketing Expense": 27402000.0,
        "General And Administrative Expense": 14669000.0,
        "Gross Profit": 69642000.0,
        "Cost Of Revenue": 14604000.0,
        "Total Revenue": 84246000.0,
        "Operating Revenue": 84246000.0
    }
}