{
    "2023-03-31": {
        "Tax Effect Of Unusual Items": 3129000.0,
        "Tax Rate For Calcs": 0.21,
        "Normalized EBITDA": 126500000.0,
        "Total Unusual Items": 14900000.0,
        "Total Unusual Items Excluding Goodwill": 14900000.0,
        "Net Income From Continuing Operation Net Minority Interest": 7500000.0,
        "Reconciled Depreciation": 74000000.0,
        "Reconciled Cost Of Revenue": 538500000.0,
        "EBITDA": 141400000.0,
        "EBIT": 67400000.0,
        "Net Interest Income": -62100000.0,
        "Interest Expense": 62100000.0,
        "Normalized Income": -4271000.0,
        "Net Income From Continuing And Discontinued Operation": 4400000.0,
        "Total Expenses": 588400000.0,
        "Total Operating Income As Reported": 69000000.0,
        "Diluted Average Shares": 83200000.0,
        "Basic Average Shares": 80800000.0,
        "Diluted EPS": 0.05,
        "Basic EPS": 0.05,
        "Diluted NI Availto Com Stockholders": 4400000.0,
        "Net Income Common Stockholders": 4400000.0,
        "Net Income": 4400000.0,
        "Minority Interests": -9300000.0,
        "Net Income Including Noncontrolling Interests": 13700000.0,
        "Net Income Discontinuous Operations": -3100000.0,
        "Net Income Continuous Operations": 16800000.0,
        "Tax Provision": -11500000.0,
        "Pretax Income": 5300000.0,
        "Other Income Expense": 13300000.0,
        "Other Non Operating Income Expenses": -1600000.0,
        "Special Income Charges": 14900000.0,
        "Gain On Sale Of Ppe": 15300000.0,
        "Other Special Charges": NaN,
        "Restructuring And Mergern Acquisition": 400000.0,
        "Net Non Operating Interest Income Expense": -62100000.0,
        "Interest Expense Non Operating": 62100000.0,
        "Operating Income": 53300000.0,
        "Operating Expense": 49900000.0,
        "Selling General And Administration": 49900000.0,
        "Gross Profit": 103200000.0,
        "Cost Of Revenue": 538500000.0,
        "Total Revenue": 641700000.0,
        "Operating Revenue": 641700000.0
    },
    "2022-12-31": {
        "Tax Effect Of Unusual Items": 11585660.377358,
        "Tax Rate For Calcs": 0.192453,
        "Normalized EBITDA": 122600000.0,
        "Total Unusual Items": 60200000.0,
        "Total Unusual Items Excluding Goodwill": 60200000.0,
        "Net Income From Continuing Operation Net Minority Interest": 37900000.0,
        "Reconciled Depreciation": 70400000.0,
        "Reconciled Cost Of Revenue": 490200000.0,
        "EBITDA": 182800000.0,
        "EBIT": 112400000.0,
        "Net Interest Income": -59400000.0,
        "Interest Expense": 59400000.0,
        "Normalized Income": -10714339.622642,
        "Net Income From Continuing And Discontinued Operation": 31300000.0,
        "Total Expenses": 537900000.0,
        "Total Operating Income As Reported": 113500000.0,
        "Diluted Average Shares": 83100000.0,
        "Basic Average Shares": 80900000.0,
        "Diluted EPS": 0.38,
        "Basic EPS": 0.39,
        "Diluted NI Availto Com Stockholders": 31300000.0,
        "Net Income Common Stockholders": 31300000.0,
        "Net Income": 31300000.0,
        "Minority Interests": -4900000.0,
        "Net Income Including Noncontrolling Interests": 36200000.0,
        "Net Income Discontinuous Operations": -6600000.0,
        "Net Income Continuous Operations": 42800000.0,
        "Tax Provision": 10200000.0,
        "Pretax Income": 53000000.0,
        "Other Income Expense": 59100000.0,
        "Other Non Operating Income Expenses": -1100000.0,
        "Special Income Charges": 60200000.0,
        "Gain On Sale Of Ppe": 60200000.0,
        "Other Special Charges": 0.0,
        "Restructuring And Mergern Acquisition": 0.0,
        "Net Non Operating Interest Income Expense": -59400000.0,
        "Interest Expense Non Operating": 59400000.0,
        "Operating Income": 53300000.0,
        "Operating Expense": 47700000.0,
        "Selling General And Administration": 47700000.0,
        "Gross Profit": 101000000.0,
        "Cost Of Revenue": 490200000.0,
        "Total Revenue": 591200000.0,
        "Operating Revenue": 591200000.0
    },
    "2022-09-30": {
        "Tax Effect Of Unusual Items": 8865000.0,
        "Tax Rate For Calcs": 0.225,
        "Normalized EBITDA": 123700000.0,
        "Total Unusual Items": 39400000.0,
        "Total Unusual Items Excluding Goodwill": 39400000.0,
        "Net Income From Continuing Operation Net Minority Interest": 29200000.0,
        "Reconciled Depreciation": 69800000.0,
        "Reconciled Cost Of Revenue": 395300000.0,
        "EBITDA": 163100000.0,
        "EBIT": 93300000.0,
        "Net Interest Income": -55000000.0,
        "Interest Expense": 55000000.0,
        "Normalized Income": -1335000.0,
        "Net Income From Continuing And Discontinued Operation": 25800000.0,
        "Total Expenses": 443300000.0,
        "Total Operating Income As Reported": 92700000.0,
        "Diluted Average Shares": 83300000.0,
        "Basic Average Shares": 81700000.0,
        "Diluted EPS": 0.31,
        "Basic EPS": 0.32,
        "Diluted NI Availto Com Stockholders": 25800000.0,
        "Net Income Common Stockholders": 25800000.0,
        "Net Income": 25800000.0,
        "Minority Interests": -500000.0,
        "Net Income Including Noncontrolling Interests": 26300000.0,
        "Net Income Discontinuous Operations": -3400000.0,
        "Net Income Continuous Operations": 29700000.0,
        "Tax Provision": 8600000.0,
        "Pretax Income": 38300000.0,
        "Other Income Expense": 40000000.0,
        "Other Non Operating Income Expenses": 600000.0,
        "Special Income Charges": 39400000.0,
        "Gain On Sale Of Ppe": 39400000.0,
        "Other Special Charges": NaN,
        "Restructuring And Mergern Acquisition": 0.0,
        "Net Non Operating Interest Income Expense": -55000000.0,
        "Interest Expense Non Operating": 55000000.0,
        "Operating Income": 53300000.0,
        "Operating Expense": 48000000.0,
        "Selling General And Administration": 48000000.0,
        "General And Administrative Expense": NaN,
        "Other Gand A": NaN,
        "Salaries And Wages": NaN,
        "Gross Profit": 101300000.0,
        "Cost Of Revenue": 395300000.0,
        "Total Revenue": 496600000.0,
        "Operating Revenue": 496600000.0
    },
    "2022-06-30": {
        "Tax Effect Of Unusual Items": 6578000.0,
        "Tax Rate For Calcs": 0.26,
        "Normalized EBITDA": 116000000.0,
        "Total Unusual Items": 25300000.0,
        "Total Unusual Items Excluding Goodwill": 25300000.0,
        "Net Income From Continuing Operation Net Minority Interest": 11700000.0,
        "Reconciled Depreciation": 69300000.0,
        "Reconciled Cost Of Revenue": 325600000.0,
        "EBITDA": 141300000.0,
        "EBIT": 72000000.0,
        "Net Interest Income": -49700000.0,
        "Interest Expense": 49700000.0,
        "Normalized Income": -7022000.0,
        "Net Income From Continuing And Discontinued Operation": 3700000.0,
        "Total Expenses": 370600000.0,
        "Total Operating Income As Reported": 73000000.0,
        "Diluted Average Shares": 84400000.0,
        "Basic Average Shares": 82400000.0,
        "Diluted EPS": 0.04,
        "Basic EPS": 0.04,
        "Diluted NI Availto Com Stockholders": 3700000.0,
        "Net Income Common Stockholders": 3700000.0,
        "Net Income": 3700000.0,
        "Minority Interests": -4800000.0,
        "Net Income Including Noncontrolling Interests": 8500000.0,
        "Net Income Discontinuous Operations": -8000000.0,
        "Net Income Continuous Operations": 16500000.0,
        "Tax Provision": 5800000.0,
        "Pretax Income": 22300000.0,
        "Other Income Expense": 25800000.0,
        "Other Non Operating Income Expenses": 500000.0,
        "Special Income Charges": 25300000.0,
        "Gain On Sale Of Ppe": 27800000.0,
        "Other Special Charges": 1500000.0,
        "Restructuring And Mergern Acquisition": 1000000.0,
        "Net Non Operating Interest Income Expense": -49700000.0,
        "Interest Expense Non Operating": 49700000.0,
        "Operating Income": 46200000.0,
        "Operating Expense": 45000000.0,
        "Selling General And Administration": 45000000.0,
        "General And Administrative Expense": NaN,
        "Other Gand A": NaN,
        "Salaries And Wages": NaN,
        "Gross Profit": 91200000.0,
        "Cost Of Revenue": 325600000.0,
        "Total Revenue": 416800000.0,
        "Operating Revenue": 416800000.0
    },
    "2023-06-30": {
        "Tax Effect Of Unusual Items": 7695800.0,
        "Tax Rate For Calcs": 0.239,
        "Normalized EBITDA": 138400000.0,
        "Total Unusual Items": 32200000.0,
        "Total Unusual Items Excluding Goodwill": 32200000.0,
        "Net Income From Continuing Operation Net Minority Interest": 19300000.0,
        "Reconciled Depreciation": 72800000.0,
        "Reconciled Cost Of Revenue": 601200000.0,
        "EBITDA": 170600000.0,
        "EBIT": 97800000.0,
        "Net Interest Income": -66900000.0,
        "Interest Expense": 66900000.0,
        "Normalized Income": -5204200.0,
        "Net Income From Continuing And Discontinued Operation": 17000000.0,
        "Total Expenses": 655500000.0,
        "Total Operating Income As Reported": 99100000.0,
        "Diluted Average Shares": 83400000.0,
        "Basic Average Shares": 81200000.0,
        "Diluted EPS": 0.2,
        "Basic EPS": 0.21,
        "Diluted NI Availto Com Stockholders": 17000000.0,
        "Net Income Common Stockholders": 17000000.0,
        "Net Income": 17000000.0,
        "Minority Interests": -4200000.0,
        "Net Income Including Noncontrolling Interests": 21200000.0,
        "Net Income Discontinuous Operations": -2300000.0,
        "Net Income Continuous Operations": 23500000.0,
        "Tax Provision": 7400000.0,
        "Pretax Income": 30900000.0,
        "Other Income Expense": 30900000.0,
        "Other Non Operating Income Expenses": -1300000.0,
        "Special Income Charges": 32200000.0,
        "Gain On Sale Of Ppe": 30400000.0,
        "Other Special Charges": NaN,
        "Restructuring And Mergern Acquisition": -1800000.0,
        "Net Non Operating Interest Income Expense": -66900000.0,
        "Interest Expense Non Operating": 66900000.0,
        "Operating Income": 66900000.0,
        "Operating Expense": 54300000.0,
        "Selling General And Administration": 54300000.0,
        "Gross Profit": 121200000.0,
        "Cost Of Revenue": 601200000.0,
        "Total Revenue": 722400000.0,
        "Operating Revenue": 722400000.0
    },
    "2022-03-31": {
        "Diluted EPS": -0.01,
        "Total Revenue": 473,
        "Gross Profit": 74,
        "Operating Income": 55,
        "EBIT": 122,
        "Net Income": -1
    },
    "2021-12-31": {
        "Diluted EPS": 1.27,
        "Total Revenue": 472,
        "Gross Profit": 97,
        "Operating Income": 69,
        "EBIT": 135,
        "Net Income": 134
    },
    "2021-09-30": {
        "Diluted EPS": 0.33,
        "Total Revenue": 420,
        "Gross Profit": 82,
        "Operating Income": 78,
        "EBIT": 147,
        "Net Income": 32
    },
    "2021-06-30": {
        "Diluted EPS": 0.12,
        "Total Revenue": 293,
        "Gross Profit": 91,
        "Operating Income": 58,
        "EBIT": 125,
        "Net Income": 13
    },
    "2021-03-31": {
        "Diluted EPS": 0.03,
        "Total Revenue": 331,
        "Gross Profit": 84,
        "Operating Income": 52,
        "EBIT": 116,
        "Net Income": 3
    },
    "2020-12-31": {
        "Diluted EPS": -1.05,
        "Total Revenue": 166,
        "Gross Profit": 52,
        "Operating Income": 7,
        "EBIT": 66,
        "Net Income": -127
    },
    "2020-09-30": {
        "Diluted EPS": 0.21,
        "Total Revenue": 459,
        "Gross Profit": 125,
        "Operating Income": 73,
        "EBIT": 138,
        "Net Income": 25
    },
    "2020-06-30": {
        "Diluted EPS": -1.76,
        "Total Revenue": 509,
        "Gross Profit": 113,
        "Operating Income": -307,
        "EBIT": -240,
        "Net Income": -207
    },
    "2020-03-31": {
        "Diluted EPS": 1.33,
        "Total Revenue": 615,
        "Gross Profit": 133,
        "Operating Income": 73,
        "EBIT": 140,
        "Net Income": 162
    },
    "2019-12-31": {
        "Diluted EPS": 0.17,
        "Total Revenue": 598,
        "Gross Profit": 111,
        "Operating Income": 78,
        "EBIT": 144,
        "Net Income": 22
    },
    "2019-09-30": {
        "Diluted EPS": 0.39,
        "Total Revenue": 814,
        "Gross Profit": 165,
        "Operating Income": 120,
        "EBIT": 193,
        "Net Income": 49
    },
    "2019-06-30": {
        "Diluted EPS": 0.28,
        "Total Revenue": 736,
        "Gross Profit": 158,
        "Operating Income": 107,
        "EBIT": 178,
        "Net Income": 36
    },
    "2019-03-31": {
        "Diluted EPS": 0.23,
        "Total Revenue": 605,
        "Gross Profit": 141,
        "Operating Income": 92,
        "EBIT": 159,
        "Net Income": 31
    },
    "2018-12-31": {
        "Diluted EPS": 0.19,
        "Total Revenue": 735,
        "Gross Profit": 145,
        "Operating Income": 90,
        "EBIT": 157,
        "Net Income": 27
    },
    "2018-09-30": {
        "Diluted EPS": 0.19,
        "Total Revenue": 607,
        "Gross Profit": 140,
        "Operating Income": 75,
        "EBIT": 140,
        "Net Income": 28
    },
    "2018-06-30": {
        "Diluted EPS": 0.43,
        "Total Revenue": 634,
        "Gross Profit": 152,
        "Operating Income": 88,
        "EBIT": 150,
        "Net Income": 64
    },
    "2018-03-31": {
        "Diluted EPS": 0.26,
        "Total Revenue": 533,
        "Gross Profit": 133,
        "Operating Income": 62,
        "EBIT": 120,
        "Net Income": 40
    },
    "2017-12-31": {
        "Diluted EPS": 3.46,
        "Total Revenue": -359,
        "Gross Profit": -69,
        "Operating Income": -35,
        "EBIT": -26,
        "Net Income": 539
    },
    "2017-09-30": {
        "Diluted EPS": 0.43,
        "Total Revenue": 974,
        "Gross Profit": 251,
        "Operating Income": 152,
        "EBIT": 227,
        "Net Income": 67
    },
    "2017-06-30": {
        "Diluted EPS": 0.33,
        "Total Revenue": 906,
        "Gross Profit": 223,
        "Operating Income": 135,
        "EBIT": 208,
        "Net Income": 51
    },
    "2017-03-31": {
        "Diluted EPS": 0.3,
        "Total Revenue": 877,
        "Gross Profit": 217,
        "Operating Income": 116,
        "EBIT": 189,
        "Net Income": 46
    },
    "2016-12-31": {
        "Diluted EPS": 0.44,
        "Total Revenue": -395,
        "Gross Profit": -92,
        "Operating Income": -100,
        "EBIT": -93,
        "Net Income": 68
    },
    "2016-09-30": {
        "Diluted EPS": 0.55,
        "Total Revenue": NaN,
        "Gross Profit": 284,
        "Operating Income": 184,
        "EBIT": 254,
        "Net Income": 84
    },
    "2016-06-30": {
        "Diluted EPS": 0.62,
        "Total Revenue": NaN,
        "Gross Profit": 287,
        "Operating Income": 192,
        "EBIT": 262,
        "Net Income": 95
    },
    "2016-03-31": {
        "Diluted EPS": 0.64,
        "Total Revenue": NaN,
        "Gross Profit": 298,
        "Operating Income": 203,
        "EBIT": 273,
        "Net Income": 97
    },
    "2015-12-31": {
        "Diluted EPS": 1.31,
        "Total Revenue": NaN,
        "Gross Profit": 431,
        "Operating Income": 358,
        "EBIT": 427,
        "Net Income": 200
    },
    "2015-09-30": {
        "Diluted EPS": 1.31,
        "Total Revenue": NaN,
        "Gross Profit": 433,
        "Operating Income": 365,
        "EBIT": 432,
        "Net Income": 204
    },
    "2015-06-30": {
        "Diluted EPS": 1.33,
        "Total Revenue": NaN,
        "Gross Profit": 457,
        "Operating Income": 383,
        "EBIT": 449,
        "Net Income": 212
    },
    "2015-03-31": {
        "Diluted EPS": 1.13,
        "Total Revenue": NaN,
        "Gross Profit": 416,
        "Operating Income": 333,
        "EBIT": 397,
        "Net Income": 180
    },
    "2014-12-31": {
        "Diluted EPS": 0.85,
        "Total Revenue": NaN,
        "Gross Profit": 386,
        "Operating Income": 277,
        "EBIT": 350,
        "Net Income": 138
    },
    "2014-09-30": {
        "Diluted EPS": 0.91,
        "Total Revenue": NaN,
        "Gross Profit": 391,
        "Operating Income": 281,
        "EBIT": 342,
        "Net Income": 149
    },
    "2014-06-30": {
        "Diluted EPS": 1.01,
        "Total Revenue": NaN,
        "Gross Profit": 387,
        "Operating Income": 302,
        "EBIT": 358,
        "Net Income": 164
    },
    "2014-03-31": {
        "Diluted EPS": 1.42,
        "Total Revenue": NaN,
        "Gross Profit": 387,
        "Operating Income": 391,
        "EBIT": 447,
        "Net Income": 226
    },
    "2013-12-31": {
        "Diluted EPS": 0.74,
        "Total Revenue": NaN,
        "Gross Profit": 293,
        "Operating Income": 224,
        "EBIT": 280,
        "Net Income": 113
    },
    "2013-09-30": {
        "Diluted EPS": 0.63,
        "Total Revenue": NaN,
        "Gross Profit": 274,
        "Operating Income": 206,
        "EBIT": 259,
        "Net Income": 100
    },
    "2013-06-30": {
        "Diluted EPS": 0.52,
        "Total Revenue": NaN,
        "Gross Profit": 254,
        "Operating Income": 183,
        "EBIT": 236,
        "Net Income": 84
    },
    "2013-03-31": {
        "Diluted EPS": 0.5,
        "Total Revenue": 933,
        "Gross Profit": 222,
        "Operating Income": 160,
        "EBIT": 210,
        "Net Income": 79
    },
    "2012-12-31": {
        "Diluted EPS": 0.44,
        "Total Revenue": NaN,
        "Gross Profit": 212,
        "Operating Income": 159,
        "EBIT": 208,
        "Net Income": 75
    },
    "2012-09-30": {
        "Diluted EPS": 0.4,
        "Total Revenue": 907,
        "Gross Profit": 179,
        "Operating Income": 141,
        "EBIT": 189,
        "Net Income": 63
    },
    "2012-06-30": {
        "Diluted EPS": 0.42,
        "Total Revenue": 996,
        "Gross Profit": 203,
        "Operating Income": 153,
        "EBIT": 201,
        "Net Income": 64
    },
    "2012-03-31": {
        "Diluted EPS": 0.33,
        "Total Revenue": 896,
        "Gross Profit": 166,
        "Operating Income": 123,
        "EBIT": 170,
        "Net Income": 53
    },
    "2011-12-31": {
        "Diluted EPS": 0.35,
        "Total Revenue": 805,
        "Gross Profit": 151,
        "Operating Income": 141,
        "EBIT": 184,
        "Net Income": 58
    },
    "2011-09-30": {
        "Diluted EPS": 0.2,
        "Total Revenue": 791,
        "Gross Profit": 157,
        "Operating Income": 105,
        "EBIT": 154,
        "Net Income": 31
    },
    "2011-06-30": {
        "Diluted EPS": 0.19,
        "Total Revenue": 708,
        "Gross Profit": 139,
        "Operating Income": 95,
        "EBIT": 143,
        "Net Income": 29
    },
    "2011-03-31": {
        "Diluted EPS": 0.15,
        "Total Revenue": 634,
        "Gross Profit": 134,
        "Operating Income": 86,
        "EBIT": 133,
        "Net Income": 24
    },
    "2010-12-31": {
        "Diluted EPS": 0.12,
        "Total Revenue": 394,
        "Gross Profit": 84,
        "Operating Income": 71,
        "EBIT": 109,
        "Net Income": 17
    },
    "2010-09-30": {
        "Diluted EPS": 0.19,
        "Total Revenue": 540,
        "Gross Profit": 130,
        "Operating Income": 92,
        "EBIT": 139,
        "Net Income": 30
    },
    "2010-06-30": {
        "Diluted EPS": 0.12,
        "Total Revenue": 543,
        "Gross Profit": 124,
        "Operating Income": 79,
        "EBIT": 127,
        "Net Income": 18
    },
    "2010-03-31": {
        "Diluted EPS": 0.01,
        "Total Revenue": 454,
        "Gross Profit": 100,
        "Operating Income": 52,
        "EBIT": 100,
        "Net Income": 2
    },
    "2009-12-31": {
        "Diluted EPS": 0.11,
        "Total Revenue": 354,
        "Gross Profit": 82,
        "Operating Income": 59,
        "EBIT": 99,
        "Net Income": 15
    },
    "2009-09-30": {
        "Diluted EPS": 0.15,
        "Total Revenue": 557,
        "Gross Profit": 108,
        "Operating Income": 65,
        "EBIT": 105,
        "Net Income": 23
    },
    "2009-06-30": {
        "Diluted EPS": -1.38,
        "Total Revenue": 716,
        "Gross Profit": 132,
        "Operating Income": -240,
        "EBIT": 125,
        "Net Income": -209
    },
    "2009-03-31": {
        "Diluted EPS": 0.22,
        "Total Revenue": 794,
        "Gross Profit": 135,
        "Operating Income": 86,
        "EBIT": 126,
        "Net Income": 34
    },
    "2023-09-30": {
        "Tax Effect Of Unusual Items": 1395000.0,
        "Tax Rate For Calcs": 0.186,
        "Normalized EBITDA": 166700000.0,
        "Total Unusual Items": 7500000.0,
        "Total Unusual Items Excluding Goodwill": 7500000.0,
        "Net Income From Continuing Operation Net Minority Interest": 24500000.0,
        "Reconciled Depreciation": 73100000.0,
        "Reconciled Cost Of Revenue": 679500000.0,
        "EBITDA": 174200000.0,
        "EBIT": 101100000.0,
        "Net Interest Income": -68800000.0,
        "Interest Expense": 68800000.0,
        "Normalized Income": 18395000.0,
        "Net Income From Continuing And Discontinued Operation": 21800000.0,
        "Total Expenses": 728600000.0,
        "Total Operating Income As Reported": 100200000.0,
        "Diluted Average Shares": 83500000.0,
        "Basic Average Shares": 81600000.0,
        "Diluted EPS": 0.26,
        "Basic EPS": 0.27,
        "Diluted NI Availto Com Stockholders": 21800000.0,
        "Net Income Common Stockholders": 21800000.0,
        "Net Income": 21800000.0,
        "Minority Interests": -1800000.0,
        "Net Income Including Noncontrolling Interests": 23600000.0,
        "Net Income Discontinuous Operations": -2700000.0,
        "Net Income Continuous Operations": 26300000.0,
        "Tax Provision": 6000000.0,
        "Pretax Income": 32300000.0,
        "Other Income Expense": 8400000.0,
        "Other Non Operating Income Expenses": 900000.0,
        "Special Income Charges": 7500000.0,
        "Gain On Sale Of Ppe": 7500000.0,
        "Other Special Charges": NaN,
        "Restructuring And Mergern Acquisition": 0.0,
        "Net Non Operating Interest Income Expense": -68800000.0,
        "Interest Expense Non Operating": 68800000.0,
        "Operating Income": 92700000.0,
        "Operating Expense": 49100000.0,
        "Selling General And Administration": 49100000.0,
        "Gross Profit": 141800000.0,
        "Cost Of Revenue": 679500000.0,
        "Total Revenue": 821300000.0,
        "Operating Revenue": 821300000.0
    }
}