{
    "2023-03-31": {
        "Tax Effect Of Unusual Items": 0.0,
        "Tax Rate For Calcs": 0.242022,
        "Normalized EBITDA": 8567000.0,
        "Net Income From Continuing Operation Net Minority Interest": 3658000.0,
        "Reconciled Depreciation": 2712000.0,
        "Reconciled Cost Of Revenue": 42917000.0,
        "EBITDA": 8567000.0,
        "EBIT": 5855000.0,
        "Net Interest Income": -1029000.0,
        "Interest Expense": 1029000.0,
        "Interest Income": NaN,
        "Normalized Income": 3658000.0,
        "Net Income From Continuing And Discontinued Operation": 3658000.0,
        "Total Expenses": 56212000.0,
        "Total Operating Income As Reported": 5855000.0,
        "Diluted Average Shares": NaN,
        "Basic Average Shares": NaN,
        "Diluted EPS": NaN,
        "Basic EPS": NaN,
        "Diluted NI Availto Com Stockholders": 3658000.0,
        "Net Income Common Stockholders": 3658000.0,
        "Net Income": 3658000.0,
        "Net Income Including Noncontrolling Interests": 3658000.0,
        "Net Income Continuous Operations": 3658000.0,
        "Tax Provision": 1168000.0,
        "Pretax Income": 4826000.0,
        "Other Income Expense": NaN,
        "Other Non Operating Income Expenses": NaN,
        "Net Non Operating Interest Income Expense": -1029000.0,
        "Interest Expense Non Operating": 1029000.0,
        "Interest Income Non Operating": NaN,
        "Operating Income": 5855000.0,
        "Operating Expense": 13295000.0,
        "Selling General And Administration": 13295000.0,
        "Selling And Marketing Expense": 6446000.0,
        "General And Administrative Expense": 6849000.0,
        "Other Gand A": 6849000.0,
        "Gross Profit": 19150000.0,
        "Cost Of Revenue": 42917000.0,
        "Total Revenue": 62067000.0,
        "Operating Revenue": 62067000.0
    },
    "2022-12-31": {
        "Tax Effect Of Unusual Items": 0.0,
        "Tax Rate For Calcs": 0.246,
        "Normalized EBITDA": 5679000.0,
        "Net Income From Continuing Operation Net Minority Interest": 1601000.0,
        "Reconciled Depreciation": 2824000.0,
        "Reconciled Cost Of Revenue": 41002000.0,
        "EBITDA": 5679000.0,
        "EBIT": 2855000.0,
        "Net Interest Income": -726000.0,
        "Interest Expense": 731000.0,
        "Interest Income": 5000.0,
        "Normalized Income": 1601000.0,
        "Net Income From Continuing And Discontinued Operation": 1601000.0,
        "Total Expenses": 54239000.0,
        "Total Operating Income As Reported": 3163000.0,
        "Diluted Average Shares": 7666000.0,
        "Basic Average Shares": 7559000.0,
        "Diluted EPS": 0.21,
        "Basic EPS": 0.21,
        "Diluted NI Availto Com Stockholders": 1601000.0,
        "Net Income Common Stockholders": 1601000.0,
        "Net Income": 1601000.0,
        "Net Income Including Noncontrolling Interests": 1601000.0,
        "Net Income Continuous Operations": 1601000.0,
        "Tax Provision": 523000.0,
        "Pretax Income": 2124000.0,
        "Other Income Expense": -313000.0,
        "Other Non Operating Income Expenses": -313000.0,
        "Net Non Operating Interest Income Expense": -726000.0,
        "Interest Expense Non Operating": 731000.0,
        "Interest Income Non Operating": 5000.0,
        "Operating Income": 3163000.0,
        "Operating Expense": 13237000.0,
        "Selling General And Administration": 13237000.0,
        "Selling And Marketing Expense": 6595000.0,
        "General And Administrative Expense": 6642000.0,
        "Other Gand A": 6642000.0,
        "Gross Profit": 16400000.0,
        "Cost Of Revenue": 41002000.0,
        "Total Revenue": 57402000.0,
        "Operating Revenue": 57402000.0
    },
    "2022-09-30": {
        "Tax Effect Of Unusual Items": 0.0,
        "Tax Rate For Calcs": 0.237,
        "Normalized EBITDA": 6404000.0,
        "Net Income From Continuing Operation Net Minority Interest": 2357000.0,
        "Reconciled Depreciation": 2778000.0,
        "Reconciled Cost Of Revenue": 39672000.0,
        "EBITDA": 6404000.0,
        "EBIT": 3626000.0,
        "Net Interest Income": -537000.0,
        "Interest Expense": 537000.0,
        "Normalized Income": 2357000.0,
        "Net Income From Continuing And Discontinued Operation": 2357000.0,
        "Total Expenses": 52813000.0,
        "Total Operating Income As Reported": 3626000.0,
        "Diluted Average Shares": 7646000.0,
        "Basic Average Shares": 7550000.0,
        "Diluted EPS": 0.31,
        "Basic EPS": 0.31,
        "Diluted NI Availto Com Stockholders": 2357000.0,
        "Net Income Common Stockholders": 2357000.0,
        "Net Income": 2357000.0,
        "Net Income Including Noncontrolling Interests": 2357000.0,
        "Net Income Continuous Operations": 2357000.0,
        "Tax Provision": 732000.0,
        "Pretax Income": 3089000.0,
        "Net Non Operating Interest Income Expense": -537000.0,
        "Interest Expense Non Operating": 537000.0,
        "Operating Income": 3626000.0,
        "Operating Expense": 13141000.0,
        "Selling General And Administration": 13141000.0,
        "Selling And Marketing Expense": 5900000.0,
        "General And Administrative Expense": 7241000.0,
        "Other Gand A": 7241000.0,
        "Gross Profit": 16767000.0,
        "Cost Of Revenue": 39672000.0,
        "Total Revenue": 56439000.0,
        "Operating Revenue": 56439000.0
    },
    "2022-06-30": {
        "Tax Effect Of Unusual Items": 0.0,
        "Tax Rate For Calcs": 0.109,
        "Normalized EBITDA": 6245000.0,
        "Net Income From Continuing Operation Net Minority Interest": 3072000.0,
        "Reconciled Depreciation": 2641000.0,
        "Reconciled Cost Of Revenue": 38623000.0,
        "EBITDA": 6245000.0,
        "EBIT": 3604000.0,
        "Net Interest Income": -156000.0,
        "Interest Expense": 156000.0,
        "Normalized Income": 3072000.0,
        "Net Income From Continuing And Discontinued Operation": 3072000.0,
        "Total Expenses": 51057000.0,
        "Total Operating Income As Reported": 3604000.0,
        "Diluted Average Shares": 7629000.0,
        "Basic Average Shares": 7535000.0,
        "Diluted EPS": 0.4,
        "Basic EPS": 0.41,
        "Diluted NI Availto Com Stockholders": 3072000.0,
        "Net Income Common Stockholders": 3072000.0,
        "Net Income": 3072000.0,
        "Net Income Including Noncontrolling Interests": 3072000.0,
        "Net Income Continuous Operations": 3072000.0,
        "Tax Provision": 376000.0,
        "Pretax Income": 3448000.0,
        "Net Non Operating Interest Income Expense": -156000.0,
        "Interest Expense Non Operating": 156000.0,
        "Operating Income": 3604000.0,
        "Operating Expense": 12434000.0,
        "Selling General And Administration": 12434000.0,
        "Selling And Marketing Expense": 5820000.0,
        "General And Administrative Expense": 6614000.0,
        "Other Gand A": 6614000.0,
        "Gross Profit": 16038000.0,
        "Cost Of Revenue": 38623000.0,
        "Total Revenue": 54661000.0,
        "Operating Revenue": 54661000.0
    },
    "2023-06-30": {
        "Tax Effect Of Unusual Items": 0.0,
        "Tax Rate For Calcs": 0.216,
        "Normalized EBITDA": 7430000.0,
        "Net Income From Continuing Operation Net Minority Interest": 2949000.0,
        "Reconciled Depreciation": 2790000.0,
        "Reconciled Cost Of Revenue": 41888000.0,
        "EBITDA": 7430000.0,
        "EBIT": 4640000.0,
        "Net Interest Income": -878000.0,
        "Interest Expense": 878000.0,
        "Interest Income": NaN,
        "Normalized Income": 2949000.0,
        "Net Income From Continuing And Discontinued Operation": 2949000.0,
        "Total Expenses": 55958000.0,
        "Total Operating Income As Reported": 4640000.0,
        "Diluted Average Shares": 7762000.0,
        "Basic Average Shares": 7622000.0,
        "Diluted EPS": 0.38,
        "Basic EPS": 0.39,
        "Diluted NI Availto Com Stockholders": 2949000.0,
        "Net Income Common Stockholders": 2949000.0,
        "Net Income": 2949000.0,
        "Net Income Including Noncontrolling Interests": 2949000.0,
        "Net Income Continuous Operations": 2949000.0,
        "Tax Provision": 813000.0,
        "Pretax Income": 3762000.0,
        "Other Income Expense": NaN,
        "Other Non Operating Income Expenses": NaN,
        "Net Non Operating Interest Income Expense": -878000.0,
        "Interest Expense Non Operating": 878000.0,
        "Interest Income Non Operating": NaN,
        "Operating Income": 4640000.0,
        "Operating Expense": 14070000.0,
        "Selling General And Administration": 14070000.0,
        "Selling And Marketing Expense": 6469000.0,
        "General And Administrative Expense": 7601000.0,
        "Other Gand A": 7601000.0,
        "Gross Profit": 18710000.0,
        "Cost Of Revenue": 41888000.0,
        "Total Revenue": 60598000.0,
        "Operating Revenue": 60598000.0
    },
    "2022-03-31": {
        "Diluted EPS": 0.4,
        "Total Revenue": 56,
        "Gross Profit": 17,
        "Operating Income": 5,
        "EBIT": 7,
        "Net Income": 3
    },
    "2021-12-31": {
        "Diluted EPS": 0.21,
        "Total Revenue": 51,
        "Gross Profit": 14,
        "Operating Income": 2,
        "EBIT": 5,
        "Net Income": 2
    },
    "2021-09-30": {
        "Diluted EPS": 0.4,
        "Total Revenue": 50,
        "Gross Profit": 15,
        "Operating Income": 4,
        "EBIT": 6,
        "Net Income": 3
    },
    "2021-06-30": {
        "Diluted EPS": 0.49,
        "Total Revenue": 48,
        "Gross Profit": 14,
        "Operating Income": 4,
        "EBIT": 6,
        "Net Income": 4
    },
    "2021-03-31": {
        "Diluted EPS": 0.42,
        "Total Revenue": 49,
        "Gross Profit": 14,
        "Operating Income": 5,
        "EBIT": 6,
        "Net Income": 3
    },
    "2020-12-31": {
        "Diluted EPS": 0.23,
        "Total Revenue": 44,
        "Gross Profit": 11,
        "Operating Income": 3,
        "EBIT": 4,
        "Net Income": 2
    },
    "2020-09-30": {
        "Diluted EPS": 0.27,
        "Total Revenue": 42,
        "Gross Profit": 11,
        "Operating Income": 3,
        "EBIT": 5,
        "Net Income": 2
    },
    "2020-06-30": {
        "Diluted EPS": 0.11,
        "Total Revenue": 39,
        "Gross Profit": 9,
        "Operating Income": 1,
        "EBIT": 3,
        "Net Income": 1
    },
    "2020-03-31": {
        "Diluted EPS": 0.33,
        "Total Revenue": 46,
        "Gross Profit": 12,
        "Operating Income": 4,
        "EBIT": 5,
        "Net Income": 2
    },
    "2019-12-31": {
        "Diluted EPS": 0.2,
        "Total Revenue": 43,
        "Gross Profit": 10,
        "Operating Income": 2,
        "EBIT": 4,
        "Net Income": 1
    },
    "2019-09-30": {
        "Diluted EPS": 0.32,
        "Total Revenue": 42,
        "Gross Profit": 10,
        "Operating Income": 3,
        "EBIT": 5,
        "Net Income": 2
    },
    "2019-06-30": {
        "Diluted EPS": 0.23,
        "Total Revenue": 42,
        "Gross Profit": 10,
        "Operating Income": 2,
        "EBIT": 4,
        "Net Income": 2
    },
    "2019-03-31": {
        "Diluted EPS": 0.35,
        "Total Revenue": 44,
        "Gross Profit": 12,
        "Operating Income": 4,
        "EBIT": 5,
        "Net Income": 3
    },
    "2018-12-31": {
        "Diluted EPS": 0.21,
        "Total Revenue": 41,
        "Gross Profit": 10,
        "Operating Income": 2,
        "EBIT": 4,
        "Net Income": 2
    },
    "2018-09-30": {
        "Diluted EPS": 0.2,
        "Total Revenue": 39,
        "Gross Profit": 9,
        "Operating Income": 2,
        "EBIT": 4,
        "Net Income": 1
    },
    "2018-06-30": {
        "Diluted EPS": 0.19,
        "Total Revenue": 37,
        "Gross Profit": 9,
        "Operating Income": 2,
        "EBIT": 4,
        "Net Income": 1
    },
    "2018-03-31": {
        "Diluted EPS": 0.33,
        "Total Revenue": 42,
        "Gross Profit": 11,
        "Operating Income": 4,
        "EBIT": 5,
        "Net Income": 2
    },
    "2017-12-31": {
        "Diluted EPS": 0.25,
        "Total Revenue": 40,
        "Gross Profit": 10,
        "Operating Income": 3,
        "EBIT": 4,
        "Net Income": 2
    },
    "2017-09-30": {
        "Diluted EPS": 0.11,
        "Total Revenue": 36,
        "Gross Profit": 8,
        "Operating Income": 1,
        "EBIT": 3,
        "Net Income": 1
    },
    "2017-06-30": {
        "Diluted EPS": 0.12,
        "Total Revenue": 36,
        "Gross Profit": 9,
        "Operating Income": 1,
        "EBIT": 3,
        "Net Income": 1
    },
    "2017-03-31": {
        "Diluted EPS": 0.2,
        "Total Revenue": 38,
        "Gross Profit": 10,
        "Operating Income": 3,
        "EBIT": 4,
        "Net Income": 1
    },
    "2016-12-31": {
        "Diluted EPS": 0.18,
        "Total Revenue": 38,
        "Gross Profit": 9,
        "Operating Income": 2,
        "EBIT": 4,
        "Net Income": 1
    },
    "2016-09-30": {
        "Diluted EPS": 0.13,
        "Total Revenue": 34,
        "Gross Profit": 8,
        "Operating Income": 2,
        "EBIT": 3,
        "Net Income": 1
    },
    "2016-06-30": {
        "Diluted EPS": 0.13,
        "Total Revenue": 33,
        "Gross Profit": 8,
        "Operating Income": 1,
        "EBIT": 3,
        "Net Income": 1
    },
    "2016-03-31": {
        "Diluted EPS": 0.23,
        "Total Revenue": 33,
        "Gross Profit": 9,
        "Operating Income": 2,
        "EBIT": 3,
        "Net Income": 2
    },
    "2015-12-31": {
        "Diluted EPS": 0.15,
        "Total Revenue": 30,
        "Gross Profit": 7,
        "Operating Income": 2,
        "EBIT": 3,
        "Net Income": 1
    },
    "2015-09-30": {
        "Diluted EPS": 0.12,
        "Total Revenue": 29,
        "Gross Profit": 7,
        "Operating Income": 1,
        "EBIT": 2,
        "Net Income": 1
    },
    "2015-06-30": {
        "Diluted EPS": 0.08,
        "Total Revenue": 30,
        "Gross Profit": 7,
        "Operating Income": 1,
        "EBIT": 2,
        "Net Income": 1
    },
    "2015-03-31": {
        "Diluted EPS": 0.28,
        "Total Revenue": 32,
        "Gross Profit": 8,
        "Operating Income": 3,
        "EBIT": 4,
        "Net Income": 2
    },
    "2014-12-31": {
        "Diluted EPS": 0.11,
        "Total Revenue": 31,
        "Gross Profit": 7,
        "Operating Income": 1,
        "EBIT": 2,
        "Net Income": 1
    },
    "2014-09-30": {
        "Diluted EPS": 0.12,
        "Total Revenue": 31,
        "Gross Profit": 7,
        "Operating Income": 2,
        "EBIT": 2,
        "Net Income": 1
    },
    "2014-06-30": {
        "Diluted EPS": 0.06,
        "Total Revenue": 29,
        "Gross Profit": 7,
        "Operating Income": 1,
        "EBIT": 1,
        "Net Income": 0
    },
    "2014-03-31": {
        "Diluted EPS": 0.24,
        "Total Revenue": 30,
        "Gross Profit": 9,
        "Operating Income": 3,
        "EBIT": 4,
        "Net Income": 2
    },
    "2013-12-31": {
        "Diluted EPS": 0.11,
        "Total Revenue": 31,
        "Gross Profit": 7,
        "Operating Income": 1,
        "EBIT": 2,
        "Net Income": 1
    },
    "2013-09-30": {
        "Diluted EPS": 0.1,
        "Total Revenue": 29,
        "Gross Profit": 7,
        "Operating Income": 1,
        "EBIT": 2,
        "Net Income": 1
    },
    "2013-06-30": {
        "Diluted EPS": 0.09,
        "Total Revenue": 29,
        "Gross Profit": 7,
        "Operating Income": 1,
        "EBIT": 2,
        "Net Income": 1
    },
    "2013-03-31": {
        "Diluted EPS": 0.24,
        "Total Revenue": 31,
        "Gross Profit": 8,
        "Operating Income": 3,
        "EBIT": 4,
        "Net Income": 2
    },
    "2012-12-31": {
        "Diluted EPS": 0.1,
        "Total Revenue": 29,
        "Gross Profit": 7,
        "Operating Income": 1,
        "EBIT": 2,
        "Net Income": 1
    },
    "2012-09-30": {
        "Diluted EPS": 0.1,
        "Total Revenue": 27,
        "Gross Profit": 6,
        "Operating Income": 1,
        "EBIT": 2,
        "Net Income": 1
    },
    "2012-06-30": {
        "Diluted EPS": 0.05,
        "Total Revenue": 25,
        "Gross Profit": 6,
        "Operating Income": 1,
        "EBIT": 1,
        "Net Income": 0
    },
    "2012-03-31": {
        "Diluted EPS": 0.16,
        "Total Revenue": 31,
        "Gross Profit": 8,
        "Operating Income": 2,
        "EBIT": 3,
        "Net Income": 1
    },
    "2011-12-31": {
        "Diluted EPS": 0.13,
        "Total Revenue": 28,
        "Gross Profit": 7,
        "Operating Income": 2,
        "EBIT": 2,
        "Net Income": 1
    },
    "2011-09-30": {
        "Diluted EPS": 0.1,
        "Total Revenue": 25,
        "Gross Profit": 6,
        "Operating Income": 1,
        "EBIT": 2,
        "Net Income": 1
    },
    "2011-06-30": {
        "Diluted EPS": 0.04,
        "Total Revenue": 26,
        "Gross Profit": 6,
        "Operating Income": 1,
        "EBIT": 1,
        "Net Income": 0
    },
    "2011-03-31": {
        "Diluted EPS": 0.14,
        "Total Revenue": 26,
        "Gross Profit": 7,
        "Operating Income": 2,
        "EBIT": 2,
        "Net Income": 1
    },
    "2010-12-31": {
        "Diluted EPS": 0.12,
        "Total Revenue": 24,
        "Gross Profit": 6,
        "Operating Income": 1,
        "EBIT": 2,
        "Net Income": 1
    },
    "2010-09-30": {
        "Diluted EPS": 0.07,
        "Total Revenue": 21,
        "Gross Profit": 5,
        "Operating Income": 1,
        "EBIT": 1,
        "Net Income": 1
    },
    "2010-06-30": {
        "Diluted EPS": 0.04,
        "Total Revenue": 21,
        "Gross Profit": 5,
        "Operating Income": 0,
        "EBIT": 1,
        "Net Income": 0
    },
    "2010-03-31": {
        "Diluted EPS": 0.12,
        "Total Revenue": 24,
        "Gross Profit": 6,
        "Operating Income": 1,
        "EBIT": 2,
        "Net Income": 1
    },
    "2009-12-31": {
        "Diluted EPS": 0.06,
        "Total Revenue": 22,
        "Gross Profit": 5,
        "Operating Income": 1,
        "EBIT": 1,
        "Net Income": 0
    },
    "2009-09-30": {
        "Diluted EPS": 0.02,
        "Total Revenue": 18,
        "Gross Profit": 4,
        "Operating Income": 0,
        "EBIT": 1,
        "Net Income": 0
    },
    "2009-06-30": {
        "Diluted EPS": -0.01,
        "Total Revenue": 17,
        "Gross Profit": 4,
        "Operating Income": 0,
        "EBIT": 0,
        "Net Income": 0
    },
    "2009-03-31": {
        "Diluted EPS": 0.07,
        "Total Revenue": 19,
        "Gross Profit": 5,
        "Operating Income": 1,
        "EBIT": 1,
        "Net Income": 1
    },
    "2023-09-30": {
        "Tax Effect Of Unusual Items": 0.0,
        "Tax Rate For Calcs": 0.21,
        "Normalized EBITDA": 4931000.0,
        "Net Income From Continuing Operation Net Minority Interest": 460000.0,
        "Reconciled Depreciation": 3288000.0,
        "Reconciled Cost Of Revenue": 42679000.0,
        "EBITDA": 4931000.0,
        "EBIT": 1643000.0,
        "Net Interest Income": -841000.0,
        "Interest Expense": 841000.0,
        "Interest Income": NaN,
        "Normalized Income": 460000.0,
        "Net Income From Continuing And Discontinued Operation": 460000.0,
        "Total Expenses": 61161000.0,
        "Total Operating Income As Reported": 1643000.0,
        "Diluted Average Shares": 7948000.0,
        "Basic Average Shares": 7819000.0,
        "Diluted EPS": 0.06,
        "Basic EPS": 0.06,
        "Diluted NI Availto Com Stockholders": 460000.0,
        "Net Income Common Stockholders": 460000.0,
        "Net Income": 460000.0,
        "Net Income Including Noncontrolling Interests": 460000.0,
        "Net Income Continuous Operations": 460000.0,
        "Tax Provision": 342000.0,
        "Pretax Income": 802000.0,
        "Other Income Expense": NaN,
        "Other Non Operating Income Expenses": NaN,
        "Net Non Operating Interest Income Expense": -841000.0,
        "Interest Expense Non Operating": 841000.0,
        "Interest Income Non Operating": NaN,
        "Operating Income": 1643000.0,
        "Operating Expense": 18482000.0,
        "Selling General And Administration": 18482000.0,
        "Selling And Marketing Expense": 6856000.0,
        "General And Administrative Expense": 11626000.0,
        "Other Gand A": 11626000.0,
        "Gross Profit": 20125000.0,
        "Cost Of Revenue": 42679000.0,
        "Total Revenue": 62804000.0,
        "Operating Revenue": 62804000.0
    },
    "2023-12-31": {
        "Tax Effect Of Unusual Items": 0.0,
        "Tax Rate For Calcs": 0.216,
        "Normalized EBITDA": 8115000.0,
        "Net Income From Continuing Operation Net Minority Interest": 3348000.0,
        "Reconciled Depreciation": 3763000.0,
        "Reconciled Cost Of Revenue": 44230000.0,
        "EBITDA": 8115000.0,
        "EBIT": 4352000.0,
        "Net Interest Income": 266000.0,
        "Interest Expense": 81000.0,
        "Interest Income": 347000.0,
        "Normalized Income": 3348000.0,
        "Net Income From Continuing And Discontinued Operation": 3348000.0,
        "Total Expenses": 60872000.0,
        "Total Operating Income As Reported": 4294000.0,
        "Diluted Average Shares": 8752000.0,
        "Basic Average Shares": 8615000.0,
        "Diluted EPS": 0.38,
        "Basic EPS": 0.39,
        "Diluted NI Availto Com Stockholders": 3348000.0,
        "Net Income Common Stockholders": 3348000.0,
        "Net Income": 3348000.0,
        "Net Income Including Noncontrolling Interests": 3348000.0,
        "Net Income Continuous Operations": 3348000.0,
        "Tax Provision": 923000.0,
        "Pretax Income": 4271000.0,
        "Other Income Expense": -289000.0,
        "Other Non Operating Income Expenses": -289000.0,
        "Net Non Operating Interest Income Expense": 266000.0,
        "Interest Expense Non Operating": 81000.0,
        "Interest Income Non Operating": 347000.0,
        "Operating Income": 4294000.0,
        "Operating Expense": 16642000.0,
        "Selling General And Administration": 16642000.0,
        "Selling And Marketing Expense": 7519000.0,
        "General And Administrative Expense": 9123000.0,
        "Other Gand A": 9123000.0,
        "Gross Profit": 20936000.0,
        "Cost Of Revenue": 44230000.0,
        "Total Revenue": 65166000.0,
        "Operating Revenue": 65166000.0
    }
}