{
    "2023-06-30": {
        "Tax Effect Of Unusual Items": 26808800.0,
        "Tax Rate For Calcs": 0.248,
        "Normalized EBITDA": 489900000.0,
        "Total Unusual Items": 108100000.0,
        "Total Unusual Items Excluding Goodwill": 108100000.0,
        "Net Income From Continuing Operation Net Minority Interest": 476400000.0,
        "Reconciled Depreciation": 59100000.0,
        "Reconciled Cost Of Revenue": 793700000.0,
        "EBITDA": 598000000.0,
        "EBIT": 538900000.0,
        "Normalized Income": 395108800.0,
        "Net Income From Continuing And Discontinued Operation": 476400000.0,
        "Total Expenses": 1071300000.0,
        "Rent Expense Supplemental": 154700000.0,
        "Total Operating Income As Reported": 533500000.0,
        "Diluted Average Shares": 225200000.0,
        "Basic Average Shares": 224400000.0,
        "Diluted EPS": 2.06,
        "Basic EPS": 2.07,
        "Diluted NI Availto Com Stockholders": 464800000.0,
        "Net Income Common Stockholders": 464800000.0,
        "Otherunder Preferred Stock Dividend": 11600000.0,
        "Net Income": 476400000.0,
        "Minority Interests": -4800000.0,
        "Net Income Including Noncontrolling Interests": 481200000.0,
        "Net Income Continuous Operations": 481200000.0,
        "Tax Provision": 158500000.0,
        "Pretax Income": 639700000.0,
        "Other Income Expense": 100800000.0,
        "Other Non Operating Income Expenses": -7300000.0,
        "Special Income Charges": -5400000.0,
        "Restructuring And Mergern Acquisition": 5400000.0,
        "Gain On Sale Of Security": 113500000.0,
        "Operating Income": 538900000.0,
        "Operating Expense": 277600000.0,
        "Selling General And Administration": 277600000.0,
        "Selling And Marketing Expense": 22900000.0,
        "General And Administrative Expense": 254700000.0,
        "Other Gand A": 100000000.0,
        "Rent And Landing Fees": 154700000.0,
        "Gross Profit": 816500000.0,
        "Cost Of Revenue": 793700000.0,
        "Total Revenue": 1610200000.0,
        "Operating Revenue": 1610200000.0
    },
    "2023-03-31": {
        "Tax Effect Of Unusual Items": 46752300.0,
        "Tax Rate For Calcs": 0.287,
        "Normalized EBITDA": 356500000.0,
        "Total Unusual Items": 162900000.0,
        "Total Unusual Items Excluding Goodwill": 162900000.0,
        "Net Income From Continuing Operation Net Minority Interest": 421500000.0,
        "Reconciled Depreciation": 58800000.0,
        "Reconciled Cost Of Revenue": 797100000.0,
        "EBITDA": 519400000.0,
        "EBIT": 460600000.0,
        "Normalized Income": 305352300.0,
        "Net Income From Continuing And Discontinued Operation": 421500000.0,
        "Total Expenses": 1077000000.0,
        "Rent Expense Supplemental": NaN,
        "Total Operating Income As Reported": 484200000.0,
        "Diluted Average Shares": 225200000.0,
        "Basic Average Shares": 224400000.0,
        "Diluted EPS": 1.83,
        "Basic EPS": 1.83,
        "Diluted NI Availto Com Stockholders": 411000000.0,
        "Net Income Common Stockholders": 411000000.0,
        "Otherunder Preferred Stock Dividend": 10500000.0,
        "Net Income": 421500000.0,
        "Minority Interests": -20200000.0,
        "Net Income Including Noncontrolling Interests": 441700000.0,
        "Net Income Continuous Operations": 441700000.0,
        "Tax Provision": 177900000.0,
        "Pretax Income": 619600000.0,
        "Other Income Expense": 159000000.0,
        "Other Non Operating Income Expenses": -3900000.0,
        "Special Income Charges": 23600000.0,
        "Restructuring And Mergern Acquisition": -23600000.0,
        "Gain On Sale Of Security": 139300000.0,
        "Operating Income": 460600000.0,
        "Operating Expense": 279900000.0,
        "Selling General And Administration": 279900000.0,
        "Selling And Marketing Expense": 25800000.0,
        "General And Administrative Expense": 254100000.0,
        "Other Gand A": 254100000.0,
        "Rent And Landing Fees": NaN,
        "Gross Profit": 740500000.0,
        "Cost Of Revenue": 797100000.0,
        "Total Revenue": 1537600000.0,
        "Operating Revenue": 1537600000.0
    },
    "2022-12-31": {
        "Tax Effect Of Unusual Items": 4720164.609053,
        "Tax Rate For Calcs": 0.255144,
        "Normalized EBITDA": 836700000.0,
        "Total Unusual Items": 18500000.0,
        "Total Unusual Items Excluding Goodwill": 18500000.0,
        "Net Income From Continuing Operation Net Minority Interest": 266000000.0,
        "Reconciled Depreciation": 479800000.0,
        "Reconciled Cost Of Revenue": 825500000.0,
        "EBITDA": 855200000.0,
        "EBIT": 375400000.0,
        "Normalized Income": 252220164.609053,
        "Net Income From Continuing And Discontinued Operation": 266000000.0,
        "Total Expenses": 1148800000.0,
        "Rent Expense Supplemental": NaN,
        "Total Operating Income As Reported": 253100000.0,
        "Diluted Average Shares": 224600000.0,
        "Basic Average Shares": 223700000.0,
        "Diluted EPS": 1.16,
        "Basic EPS": 1.16,
        "Diluted NI Availto Com Stockholders": 259500000.0,
        "Net Income Common Stockholders": 259500000.0,
        "Otherunder Preferred Stock Dividend": 6500000.0,
        "Net Income": 266000000.0,
        "Minority Interests": -23600000.0,
        "Net Income Including Noncontrolling Interests": 289600000.0,
        "Net Income Continuous Operations": 289600000.0,
        "Tax Provision": 99200000.0,
        "Pretax Income": 388800000.0,
        "Other Income Expense": 13400000.0,
        "Other Non Operating Income Expenses": -5100000.0,
        "Special Income Charges": NaN,
        "Restructuring And Mergern Acquisition": NaN,
        "Gain On Sale Of Security": 140800000.0,
        "Operating Income": 375400000.0,
        "Operating Expense": 323300000.0,
        "Selling General And Administration": 323300000.0,
        "Selling And Marketing Expense": 28200000.0,
        "General And Administrative Expense": 295100000.0,
        "Other Gand A": 295100000.0,
        "Rent And Landing Fees": NaN,
        "Gross Profit": 698700000.0,
        "Cost Of Revenue": 825500000.0,
        "Total Revenue": 1524200000.0,
        "Operating Revenue": 1524200000.0
    },
    "2022-09-30": {
        "Tax Effect Of Unusual Items": -22630400.0,
        "Tax Rate For Calcs": 0.272,
        "Normalized EBITDA": 714600000.0,
        "Total Unusual Items": -83200000.0,
        "Total Unusual Items Excluding Goodwill": -83200000.0,
        "Net Income From Continuing Operation Net Minority Interest": 384400000.0,
        "Reconciled Depreciation": 56800000.0,
        "Reconciled Cost Of Revenue": 733600000.0,
        "EBITDA": 631400000.0,
        "EBIT": 574600000.0,
        "Normalized Income": 444969600.0,
        "Net Income From Continuing And Discontinued Operation": 384400000.0,
        "Total Expenses": 1013600000.0,
        "Rent Expense Supplemental": NaN,
        "Total Operating Income As Reported": 574600000.0,
        "Diluted Average Shares": 226300000.0,
        "Basic Average Shares": 225300000.0,
        "Diluted EPS": 1.66,
        "Basic EPS": 1.67,
        "Diluted NI Availto Com Stockholders": 375200000.0,
        "Net Income Common Stockholders": 375200000.0,
        "Otherunder Preferred Stock Dividend": 9200000.0,
        "Net Income": 384400000.0,
        "Minority Interests": 26600000.0,
        "Net Income Including Noncontrolling Interests": 357800000.0,
        "Net Income Continuous Operations": 357800000.0,
        "Tax Provision": 134000000.0,
        "Pretax Income": 491800000.0,
        "Other Income Expense": -82800000.0,
        "Other Non Operating Income Expenses": 400000.0,
        "Special Income Charges": NaN,
        "Restructuring And Mergern Acquisition": NaN,
        "Gain On Sale Of Security": -83200000.0,
        "Operating Income": 574600000.0,
        "Operating Expense": 280000000.0,
        "Other Operating Expenses": NaN,
        "Selling General And Administration": 280000000.0,
        "Selling And Marketing Expense": 24300000.0,
        "General And Administrative Expense": 255700000.0,
        "Other Gand A": 255700000.0,
        "Rent And Landing Fees": NaN,
        "Salaries And Wages": NaN,
        "Gross Profit": 854600000.0,
        "Cost Of Revenue": 733600000.0,
        "Total Revenue": 1588200000.0,
        "Operating Revenue": 1588200000.0
    },
    "2022-06-30": {
        "Tax Effect Of Unusual Items": -71370000.0,
        "Tax Rate For Calcs": 0.26,
        "Normalized EBITDA": 997800000.0,
        "Total Unusual Items": -274500000.0,
        "Total Unusual Items Excluding Goodwill": -274500000.0,
        "Net Income From Continuing Operation Net Minority Interest": 339600000.0,
        "Reconciled Depreciation": 54700000.0,
        "Reconciled Cost Of Revenue": 615400000.0,
        "EBITDA": 723300000.0,
        "EBIT": 668600000.0,
        "Normalized Income": 542730000.0,
        "Net Income From Continuing And Discontinued Operation": 339600000.0,
        "Total Expenses": 844400000.0,
        "Rent Expense Supplemental": NaN,
        "Total Operating Income As Reported": 668600000.0,
        "Diluted Average Shares": 227900000.0,
        "Basic Average Shares": 226700000.0,
        "Diluted EPS": 1.46,
        "Basic EPS": 1.47,
        "Diluted NI Availto Com Stockholders": 332200000.0,
        "Net Income Common Stockholders": 332200000.0,
        "Otherunder Preferred Stock Dividend": 7400000.0,
        "Net Income": 339600000.0,
        "Minority Interests": 51800000.0,
        "Net Income Including Noncontrolling Interests": 287800000.0,
        "Net Income Continuous Operations": 287800000.0,
        "Tax Provision": 100900000.0,
        "Pretax Income": 388700000.0,
        "Other Income Expense": -279900000.0,
        "Other Non Operating Income Expenses": -5400000.0,
        "Special Income Charges": NaN,
        "Restructuring And Mergern Acquisition": NaN,
        "Gain On Sale Of Security": -274500000.0,
        "Operating Income": 668600000.0,
        "Operating Expense": 229000000.0,
        "Other Operating Expenses": NaN,
        "Selling General And Administration": 229000000.0,
        "Selling And Marketing Expense": 21400000.0,
        "General And Administrative Expense": 207600000.0,
        "Other Gand A": 207600000.0,
        "Rent And Landing Fees": NaN,
        "Salaries And Wages": NaN,
        "Gross Profit": 897600000.0,
        "Cost Of Revenue": 615400000.0,
        "Total Revenue": 1513000000.0,
        "Operating Revenue": 1513000000.0
    },
    "2022-03-31": {
        "Diluted EPS": 2.41,
        "Total Revenue": NaN,
        "Gross Profit": NaN,
        "Operating Income": 877,
        "EBIT": 986,
        "Net Income": 555
    },
    "2021-12-31": {
        "Diluted EPS": 3.18,
        "Total Revenue": NaN,
        "Gross Profit": NaN,
        "Operating Income": 863,
        "EBIT": 916,
        "Net Income": 722
    },
    "2021-09-30": {
        "Diluted EPS": 3.31,
        "Total Revenue": NaN,
        "Gross Profit": NaN,
        "Operating Income": 996,
        "EBIT": NaN,
        "Net Income": 758
    },
    "2021-06-30": {
        "Diluted EPS": 3.46,
        "Total Revenue": NaN,
        "Gross Profit": NaN,
        "Operating Income": 958,
        "EBIT": NaN,
        "Net Income": 794
    },
    "2021-03-31": {
        "Diluted EPS": 3.17,
        "Total Revenue": NaN,
        "Gross Profit": NaN,
        "Operating Income": 893,
        "EBIT": 942,
        "Net Income": 730
    },
    "2020-12-31": {
        "Diluted EPS": 3.29,
        "Total Revenue": NaN,
        "Gross Profit": NaN,
        "Operating Income": 756,
        "EBIT": 802,
        "Net Income": 762
    },
    "2020-09-30": {
        "Diluted EPS": 2.73,
        "Total Revenue": NaN,
        "Gross Profit": NaN,
        "Operating Income": 729,
        "EBIT": 779,
        "Net Income": 625
    },
    "2020-06-30": {
        "Diluted EPS": 2.55,
        "Total Revenue": NaN,
        "Gross Profit": NaN,
        "Operating Income": 554,
        "EBIT": 602,
        "Net Income": 586
    },
    "2020-03-31": {
        "Diluted EPS": 1.41,
        "Total Revenue": NaN,
        "Gross Profit": NaN,
        "Operating Income": 707,
        "EBIT": 753,
        "Net Income": 334
    },
    "2019-12-31": {
        "Diluted EPS": 2.23,
        "Total Revenue": NaN,
        "Gross Profit": NaN,
        "Operating Income": 580,
        "EBIT": 639,
        "Net Income": 531
    },
    "2019-09-30": {
        "Diluted EPS": 2.23,
        "Total Revenue": NaN,
        "Gross Profit": NaN,
        "Operating Income": 659,
        "EBIT": 705,
        "Net Income": 532
    },
    "2019-06-30": {
        "Diluted EPS": 2.15,
        "Total Revenue": NaN,
        "Gross Profit": NaN,
        "Operating Income": 615,
        "EBIT": 659,
        "Net Income": 514
    },
    "2019-03-31": {
        "Diluted EPS": 2.09,
        "Total Revenue": NaN,
        "Gross Profit": NaN,
        "Operating Income": 533,
        "EBIT": 574,
        "Net Income": 500
    },
    "2018-12-31": {
        "Diluted EPS": 1.43,
        "Total Revenue": NaN,
        "Gross Profit": NaN,
        "Operating Income": 542,
        "EBIT": 587,
        "Net Income": 387
    },
    "2018-09-30": {
        "Diluted EPS": 2.3,
        "Total Revenue": NaN,
        "Gross Profit": NaN,
        "Operating Income": 641,
        "EBIT": 681,
        "Net Income": 569
    },
    "2018-06-30": {
        "Diluted EPS": 1.77,
        "Total Revenue": NaN,
        "Gross Profit": NaN,
        "Operating Income": 595,
        "EBIT": 633,
        "Net Income": 438
    },
    "2018-03-31": {
        "Diluted EPS": 1.77,
        "Total Revenue": NaN,
        "Gross Profit": NaN,
        "Operating Income": 584,
        "EBIT": 621,
        "Net Income": 443
    },
    "2017-12-31": {
        "Diluted EPS": 1.37,
        "Total Revenue": NaN,
        "Gross Profit": NaN,
        "Operating Income": 531,
        "EBIT": 568,
        "Net Income": 339
    },
    "2017-09-30": {
        "Diluted EPS": 1.56,
        "Total Revenue": NaN,
        "Gross Profit": NaN,
        "Operating Income": 549,
        "EBIT": 584,
        "Net Income": 382
    },
    "2017-06-30": {
        "Diluted EPS": 1.5,
        "Total Revenue": NaN,
        "Gross Profit": NaN,
        "Operating Income": 508,
        "EBIT": 544,
        "Net Income": 365
    },
    "2017-03-31": {
        "Diluted EPS": 1.54,
        "Total Revenue": NaN,
        "Gross Profit": NaN,
        "Operating Income": 522,
        "EBIT": 557,
        "Net Income": 377
    },
    "2016-12-31": {
        "Diluted EPS": 1.5,
        "Total Revenue": NaN,
        "Gross Profit": NaN,
        "Operating Income": 563,
        "EBIT": 597,
        "Net Income": 371
    },
    "2016-09-30": {
        "Diluted EPS": 1.28,
        "Total Revenue": NaN,
        "Gross Profit": NaN,
        "Operating Income": 476,
        "EBIT": 510,
        "Net Income": 321
    },
    "2016-06-30": {
        "Diluted EPS": 0.79,
        "Total Revenue": NaN,
        "Gross Profit": NaN,
        "Operating Income": 284,
        "EBIT": 317,
        "Net Income": 199
    },
    "2016-03-31": {
        "Diluted EPS": 1.18,
        "Total Revenue": 994,
        "Gross Profit": 994,
        "Operating Income": 411,
        "EBIT": 443,
        "Net Income": 298
    },
    "2015-12-31": {
        "Diluted EPS": 1.2,
        "Total Revenue": NaN,
        "Gross Profit": NaN,
        "Operating Income": 455,
        "EBIT": 487,
        "Net Income": 304
    },
    "2015-09-30": {
        "Diluted EPS": 1.06,
        "Total Revenue": NaN,
        "Gross Profit": NaN,
        "Operating Income": 458,
        "EBIT": 491,
        "Net Income": 273
    },
    "2015-06-30": {
        "Diluted EPS": 1.24,
        "Total Revenue": NaN,
        "Gross Profit": NaN,
        "Operating Income": 508,
        "EBIT": 540,
        "Net Income": 329
    },
    "2015-03-31": {
        "Diluted EPS": 1.13,
        "Total Revenue": NaN,
        "Gross Profit": NaN,
        "Operating Income": 478,
        "EBIT": 507,
        "Net Income": 301
    },
    "2014-12-31": {
        "Diluted EPS": 1.18,
        "Total Revenue": NaN,
        "Gross Profit": NaN,
        "Operating Income": 480,
        "EBIT": 508,
        "Net Income": 312
    },
    "2014-09-30": {
        "Diluted EPS": 1.12,
        "Total Revenue": NaN,
        "Gross Profit": NaN,
        "Operating Income": 489,
        "EBIT": 517,
        "Net Income": 300
    },
    "2014-06-30": {
        "Diluted EPS": 1.13,
        "Total Revenue": 984,
        "Gross Profit": 984,
        "Operating Income": 473,
        "EBIT": 501,
        "Net Income": 302
    },
    "2014-03-31": {
        "Diluted EPS": 1.12,
        "Total Revenue": 955,
        "Gross Profit": 955,
        "Operating Income": 449,
        "EBIT": 476,
        "Net Income": 301
    },
    "2013-12-31": {
        "Diluted EPS": 1.07,
        "Total Revenue": 930,
        "Gross Profit": 930,
        "Operating Income": 440,
        "EBIT": 465,
        "Net Income": 285
    },
    "2013-09-30": {
        "Diluted EPS": 1.0,
        "Total Revenue": 884,
        "Gross Profit": 884,
        "Operating Income": 426,
        "EBIT": 448,
        "Net Income": 268
    },
    "2013-06-30": {
        "Diluted EPS": 0.92,
        "Total Revenue": 854,
        "Gross Profit": 854,
        "Operating Income": 399,
        "EBIT": 421,
        "Net Income": 246
    },
    "2013-03-31": {
        "Diluted EPS": 0.91,
        "Total Revenue": 816,
        "Gross Profit": 816,
        "Operating Income": 373,
        "EBIT": 394,
        "Net Income": 240
    },
    "2012-12-31": {
        "Diluted EPS": 0.88,
        "Total Revenue": 787,
        "Gross Profit": 787,
        "Operating Income": 361,
        "EBIT": 382,
        "Net Income": 230
    },
    "2012-09-30": {
        "Diluted EPS": 0.94,
        "Total Revenue": 770,
        "Gross Profit": 770,
        "Operating Income": 359,
        "EBIT": 380,
        "Net Income": 246
    },
    "2012-06-30": {
        "Diluted EPS": 0.79,
        "Total Revenue": 737,
        "Gross Profit": 737,
        "Operating Income": 328,
        "EBIT": 348,
        "Net Income": 206
    },
    "2012-03-31": {
        "Diluted EPS": 0.75,
        "Total Revenue": 729,
        "Gross Profit": 729,
        "Operating Income": 316,
        "EBIT": 335,
        "Net Income": 197
    },
    "2011-12-31": {
        "Diluted EPS": 0.73,
        "Total Revenue": 672,
        "Gross Profit": 672,
        "Operating Income": 294,
        "EBIT": 313,
        "Net Income": 188
    },
    "2011-09-30": {
        "Diluted EPS": 0.71,
        "Total Revenue": 679,
        "Gross Profit": 679,
        "Operating Income": 295,
        "EBIT": 314,
        "Net Income": 185
    },
    "2011-06-30": {
        "Diluted EPS": 0.76,
        "Total Revenue": 714,
        "Gross Profit": 714,
        "Operating Income": 327,
        "EBIT": 345,
        "Net Income": 204
    },
    "2011-03-31": {
        "Diluted EPS": 0.72,
        "Total Revenue": 682,
        "Gross Profit": 682,
        "Operating Income": 312,
        "EBIT": 328,
        "Net Income": 194
    },
    "2010-12-31": {
        "Diluted EPS": 0.73,
        "Total Revenue": 645,
        "Gross Profit": 645,
        "Operating Income": 283,
        "EBIT": 299,
        "Net Income": 191
    },
    "2010-09-30": {
        "Diluted EPS": 0.64,
        "Total Revenue": 587,
        "Gross Profit": 587,
        "Operating Income": 262,
        "EBIT": 279,
        "Net Income": 168
    },
    "2010-06-30": {
        "Diluted EPS": 0.59,
        "Total Revenue": 578,
        "Gross Profit": 578,
        "Operating Income": 253,
        "EBIT": 270,
        "Net Income": 158
    },
    "2010-03-31": {
        "Diluted EPS": 0.57,
        "Total Revenue": 557,
        "Gross Profit": 557,
        "Operating Income": 239,
        "EBIT": 255,
        "Net Income": 152
    },
    "2009-12-31": {
        "Diluted EPS": 0.58,
        "Total Revenue": 539,
        "Gross Profit": 539,
        "Operating Income": 230,
        "EBIT": 246,
        "Net Income": 152
    },
    "2009-09-30": {
        "Diluted EPS": 0.5,
        "Total Revenue": 499,
        "Gross Profit": 499,
        "Operating Income": 207,
        "EBIT": 225,
        "Net Income": 132
    },
    "2009-06-30": {
        "Diluted EPS": 0.38,
        "Total Revenue": 444,
        "Gross Profit": 444,
        "Operating Income": 154,
        "EBIT": 172,
        "Net Income": 100
    },
    "2009-03-31": {
        "Diluted EPS": 0.19,
        "Total Revenue": 386,
        "Gross Profit": 386,
        "Operating Income": 111,
        "EBIT": 129,
        "Net Income": 48
    },
    "2023-09-30": {
        "Tax Effect Of Unusual Items": -7985600.0,
        "Tax Rate For Calcs": 0.248,
        "Normalized EBITDA": 715700000.0,
        "Total Unusual Items": -32200000.0,
        "Total Unusual Items Excluding Goodwill": -32200000.0,
        "Net Income From Continuing Operation Net Minority Interest": 453200000.0,
        "Reconciled Depreciation": 63700000.0,
        "Reconciled Cost Of Revenue": 784400000.0,
        "EBITDA": 683500000.0,
        "EBIT": 619800000.0,
        "Normalized Income": 477414400.0,
        "Net Income From Continuing And Discontinued Operation": 453200000.0,
        "Total Expenses": 1050900000.0,
        "Rent Expense Supplemental": 159700000.0,
        "Total Operating Income As Reported": 581300000.0,
        "Diluted Average Shares": 224800000.0,
        "Basic Average Shares": 224100000.0,
        "Diluted EPS": 1.97,
        "Basic EPS": 1.98,
        "Diluted NI Availto Com Stockholders": 442600000.0,
        "Net Income Common Stockholders": 442600000.0,
        "Otherunder Preferred Stock Dividend": 10600000.0,
        "Net Income": 453200000.0,
        "Minority Interests": 14000000.0,
        "Net Income Including Noncontrolling Interests": 439200000.0,
        "Net Income Continuous Operations": 439200000.0,
        "Tax Provision": 144900000.0,
        "Pretax Income": 584100000.0,
        "Other Income Expense": -35700000.0,
        "Other Non Operating Income Expenses": -3500000.0,
        "Special Income Charges": -38500000.0,
        "Restructuring And Mergern Acquisition": 38500000.0,
        "Gain On Sale Of Security": 6300000.0,
        "Operating Income": 619800000.0,
        "Operating Expense": 266500000.0,
        "Selling General And Administration": 266500000.0,
        "Selling And Marketing Expense": 21100000.0,
        "General And Administrative Expense": 245400000.0,
        "Other Gand A": 85700000.0,
        "Rent And Landing Fees": 159700000.0,
        "Gross Profit": 886300000.0,
        "Cost Of Revenue": 784400000.0,
        "Total Revenue": 1670700000.0,
        "Operating Revenue": 1670700000.0
    },
    "2023-12-31": {
        "Tax Effect Of Unusual Items": 61401082.083784,
        "Tax Rate For Calcs": 0.267893,
        "Normalized EBITDA": 489500000.0,
        "Total Unusual Items": 229200000.0,
        "Total Unusual Items Excluding Goodwill": 229200000.0,
        "Net Income From Continuing Operation Net Minority Interest": 437600000.0,
        "Reconciled Depreciation": 300000000.0,
        "Reconciled Cost Of Revenue": 879200000.0,
        "EBITDA": 718700000.0,
        "EBIT": 418700000.0,
        "Normalized Income": 269801082.083784,
        "Net Income From Continuing And Discontinued Operation": 437600000.0,
        "Total Expenses": 1223300000.0,
        "Rent Expense Supplemental": 171600000.0,
        "Total Operating Income As Reported": 387200000.0,
        "Diluted Average Shares": NaN,
        "Basic Average Shares": NaN,
        "Diluted EPS": NaN,
        "Basic EPS": NaN,
        "Diluted NI Availto Com Stockholders": 425900000.0,
        "Net Income Common Stockholders": 425900000.0,
        "Otherunder Preferred Stock Dividend": 11700000.0,
        "Net Income": 437600000.0,
        "Minority Interests": -36000000.0,
        "Net Income Including Noncontrolling Interests": 473600000.0,
        "Net Income Continuous Operations": 473600000.0,
        "Tax Provision": 173300000.0,
        "Pretax Income": 646900000.0,
        "Other Income Expense": 228200000.0,
        "Other Non Operating Income Expenses": -1000000.0,
        "Special Income Charges": -31500000.0,
        "Restructuring And Mergern Acquisition": 31500000.0,
        "Gain On Sale Of Security": 260700000.0,
        "Operating Income": 418700000.0,
        "Operating Expense": 344100000.0,
        "Selling General And Administration": 344100000.0,
        "Selling And Marketing Expense": 44400000.0,
        "General And Administrative Expense": 299700000.0,
        "Other Gand A": 128100000.0,
        "Rent And Landing Fees": 171600000.0,
        "Gross Profit": 762800000.0,
        "Cost Of Revenue": 879200000.0,
        "Total Revenue": 1642000000.0,
        "Operating Revenue": 1642000000.0
    }
}