{
    "2023-06-30": {
        "Tax Effect Of Unusual Items": 0.0,
        "Tax Rate For Calcs": 0.322,
        "Normalized EBITDA": 36610000.0,
        "Total Unusual Items": NaN,
        "Total Unusual Items Excluding Goodwill": NaN,
        "Net Income From Continuing Operation Net Minority Interest": 11020000.0,
        "Reconciled Depreciation": 16390000.0,
        "Reconciled Cost Of Revenue": 178660000.0,
        "EBITDA": 36610000.0,
        "EBIT": 20220000.0,
        "Net Interest Income": -3970000.0,
        "Interest Expense": 3970000.0,
        "Normalized Income": 11020000.0,
        "Net Income From Continuing And Discontinued Operation": 11020000.0,
        "Total Expenses": 213130000.0,
        "Total Operating Income As Reported": 20060000.0,
        "Diluted NI Availto Com Stockholders": 11020000.0,
        "Net Income Common Stockholders": 11020000.0,
        "Net Income": 11020000.0,
        "Net Income Including Noncontrolling Interests": 11020000.0,
        "Net Income Continuous Operations": 11020000.0,
        "Tax Provision": 5230000.0,
        "Pretax Income": 16250000.0,
        "Other Income Expense": 160000.0,
        "Other Non Operating Income Expenses": 160000.0,
        "Special Income Charges": NaN,
        "Gain On Sale Of Ppe": NaN,
        "Net Non Operating Interest Income Expense": -3970000.0,
        "Interest Expense Non Operating": 3970000.0,
        "Operating Income": 20060000.0,
        "Operating Expense": 34470000.0,
        "Selling General And Administration": 34470000.0,
        "Gross Profit": 54530000.0,
        "Cost Of Revenue": 178660000.0,
        "Total Revenue": 233190000.0,
        "Operating Revenue": 233190000.0
    },
    "2023-03-31": {
        "Tax Effect Of Unusual Items": 0.0,
        "Tax Rate For Calcs": 0.211,
        "Normalized EBITDA": 23270000.0,
        "Total Unusual Items": NaN,
        "Total Unusual Items Excluding Goodwill": NaN,
        "Net Income From Continuing Operation Net Minority Interest": 4910000.0,
        "Reconciled Depreciation": 13350000.0,
        "Reconciled Cost Of Revenue": 167770000.0,
        "EBITDA": 23270000.0,
        "EBIT": 9920000.0,
        "Net Interest Income": -3700000.0,
        "Interest Expense": 3700000.0,
        "Normalized Income": 4910000.0,
        "Net Income From Continuing And Discontinued Operation": 4910000.0,
        "Total Expenses": 205470000.0,
        "Total Operating Income As Reported": 9990000.0,
        "Diluted NI Availto Com Stockholders": 4910000.0,
        "Net Income Common Stockholders": 4910000.0,
        "Net Income": 4910000.0,
        "Net Income Including Noncontrolling Interests": 4910000.0,
        "Net Income Continuous Operations": 4910000.0,
        "Tax Provision": 1310000.0,
        "Pretax Income": 6220000.0,
        "Other Income Expense": -70000.0,
        "Other Non Operating Income Expenses": -70000.0,
        "Special Income Charges": NaN,
        "Gain On Sale Of Ppe": NaN,
        "Net Non Operating Interest Income Expense": -3700000.0,
        "Interest Expense Non Operating": 3700000.0,
        "Operating Income": 9990000.0,
        "Operating Expense": 37700000.0,
        "Selling General And Administration": 37700000.0,
        "Gross Profit": 47690000.0,
        "Cost Of Revenue": 167770000.0,
        "Total Revenue": 215460000.0,
        "Operating Revenue": 215460000.0
    },
    "2022-12-31": {
        "Tax Effect Of Unusual Items": 4049331.97556,
        "Tax Rate For Calcs": 0.232587,
        "Normalized EBITDA": 24020000.0,
        "Total Unusual Items": 17410000.0,
        "Total Unusual Items Excluding Goodwill": 17410000.0,
        "Net Income From Continuing Operation Net Minority Interest": 18840000.0,
        "Reconciled Depreciation": 13280000.0,
        "Reconciled Cost Of Revenue": 157730000.0,
        "EBITDA": 41430000.0,
        "EBIT": 28150000.0,
        "Net Interest Income": -3600000.0,
        "Interest Expense": 3600000.0,
        "Normalized Income": 5479331.97556,
        "Net Income From Continuing And Discontinued Operation": 18840000.0,
        "Total Expenses": 194440000.0,
        "Total Operating Income As Reported": 26280000.0,
        "Diluted NI Availto Com Stockholders": 18840000.0,
        "Net Income Common Stockholders": 18840000.0,
        "Net Income": 18840000.0,
        "Net Income Including Noncontrolling Interests": 18840000.0,
        "Net Income Continuous Operations": 18840000.0,
        "Tax Provision": 5710000.0,
        "Pretax Income": 24550000.0,
        "Other Income Expense": 19280000.0,
        "Other Non Operating Income Expenses": 1870000.0,
        "Special Income Charges": 17410000.0,
        "Gain On Sale Of Ppe": 17410000.0,
        "Net Non Operating Interest Income Expense": -3600000.0,
        "Interest Expense Non Operating": 3600000.0,
        "Operating Income": 8870000.0,
        "Operating Expense": 36710000.0,
        "Selling General And Administration": 36710000.0,
        "Gross Profit": 45580000.0,
        "Cost Of Revenue": 157730000.0,
        "Total Revenue": 203310000.0,
        "Operating Revenue": 203310000.0
    },
    "2022-09-30": {
        "Tax Effect Of Unusual Items": 1289960.0,
        "Tax Rate For Calcs": 0.271,
        "Normalized EBITDA": 29830000.0,
        "Total Unusual Items": 4760000.0,
        "Total Unusual Items Excluding Goodwill": 4760000.0,
        "Net Income From Continuing Operation Net Minority Interest": 13300000.0,
        "Reconciled Depreciation": 12750000.0,
        "Reconciled Cost Of Revenue": 170200000.0,
        "EBITDA": 34590000.0,
        "EBIT": 21840000.0,
        "Net Interest Income": -3600000.0,
        "Interest Expense": 3600000.0,
        "Normalized Income": 9829960.0,
        "Net Income From Continuing And Discontinued Operation": 13300000.0,
        "Total Expenses": 202310000.0,
        "Total Operating Income As Reported": 20980000.0,
        "Diluted Average Shares": 42181440.0,
        "Basic Average Shares": 41995027.0,
        "Diluted EPS": 0.32,
        "Basic EPS": 0.32,
        "Diluted NI Availto Com Stockholders": 13300000.0,
        "Net Income Common Stockholders": 13300000.0,
        "Net Income": 13300000.0,
        "Net Income Including Noncontrolling Interests": 13300000.0,
        "Net Income Continuous Operations": 13300000.0,
        "Tax Provision": 4940000.0,
        "Pretax Income": 18240000.0,
        "Other Income Expense": 5620000.0,
        "Other Non Operating Income Expenses": 860000.0,
        "Special Income Charges": 4760000.0,
        "Gain On Sale Of Ppe": 4760000.0,
        "Net Non Operating Interest Income Expense": -3600000.0,
        "Interest Expense Non Operating": 3600000.0,
        "Operating Income": 16220000.0,
        "Operating Expense": 32110000.0,
        "Selling General And Administration": 32110000.0,
        "Gross Profit": 48330000.0,
        "Cost Of Revenue": 170200000.0,
        "Total Revenue": 218530000.0,
        "Operating Revenue": 218530000.0
    },
    "2022-06-30": {
        "Tax Effect Of Unusual Items": 0.0,
        "Tax Rate For Calcs": 0.255,
        "Normalized EBITDA": 43570000.0,
        "Total Unusual Items": NaN,
        "Total Unusual Items Excluding Goodwill": NaN,
        "Net Income From Continuing Operation Net Minority Interest": 19860000.0,
        "Reconciled Depreciation": 13430000.0,
        "Reconciled Cost Of Revenue": 177000000.0,
        "EBITDA": 43570000.0,
        "EBIT": 30140000.0,
        "Net Interest Income": -3500000.0,
        "Interest Expense": 3500000.0,
        "Normalized Income": 19860000.0,
        "Net Income From Continuing And Discontinued Operation": 19860000.0,
        "Total Expenses": 207810000.0,
        "Total Operating Income As Reported": 29870000.0,
        "Diluted Average Shares": 42481199.0,
        "Basic Average Shares": 42297525.0,
        "Diluted EPS": 0.47,
        "Basic EPS": 0.47,
        "Diluted NI Availto Com Stockholders": 19860000.0,
        "Net Income Common Stockholders": 19860000.0,
        "Net Income": 19860000.0,
        "Net Income Including Noncontrolling Interests": 19860000.0,
        "Net Income Continuous Operations": 19860000.0,
        "Tax Provision": 6780000.0,
        "Pretax Income": 26640000.0,
        "Other Income Expense": 270000.0,
        "Other Non Operating Income Expenses": 270000.0,
        "Special Income Charges": NaN,
        "Gain On Sale Of Ppe": NaN,
        "Net Non Operating Interest Income Expense": -3500000.0,
        "Interest Expense Non Operating": 3500000.0,
        "Operating Income": 29870000.0,
        "Operating Expense": 30810000.0,
        "Selling General And Administration": 30810000.0,
        "Gross Profit": 60680000.0,
        "Cost Of Revenue": 177000000.0,
        "Total Revenue": 237680000.0,
        "Operating Revenue": 237680000.0
    },
    "2022-03-31": {
        "Diluted EPS": 0.33,
        "Total Revenue": 224,
        "Gross Profit": 54,
        "Operating Income": 22,
        "EBIT": 36,
        "Net Income": 14
    },
    "2021-12-31": {
        "Diluted EPS": 0.3,
        "Total Revenue": 209,
        "Gross Profit": 49,
        "Operating Income": 18,
        "EBIT": 31,
        "Net Income": 13
    },
    "2021-09-30": {
        "Diluted EPS": 0.45,
        "Total Revenue": 222,
        "Gross Profit": 58,
        "Operating Income": 31,
        "EBIT": 44,
        "Net Income": 20
    },
    "2021-06-30": {
        "Diluted EPS": 0.27,
        "Total Revenue": 219,
        "Gross Profit": 58,
        "Operating Income": 26,
        "EBIT": 39,
        "Net Income": 12
    },
    "2021-03-31": {
        "Diluted EPS": 0.3,
        "Total Revenue": 207,
        "Gross Profit": 51,
        "Operating Income": 21,
        "EBIT": 35,
        "Net Income": 13
    },
    "2020-12-31": {
        "Diluted EPS": 0.55,
        "Total Revenue": 188,
        "Gross Profit": 47,
        "Operating Income": 18,
        "EBIT": 31,
        "Net Income": 24
    },
    "2020-09-30": {
        "Diluted EPS": -2.32,
        "Total Revenue": 199,
        "Gross Profit": 52,
        "Operating Income": -108,
        "EBIT": 39,
        "Net Income": -101
    },
    "2020-06-30": {
        "Diluted EPS": -0.36,
        "Total Revenue": 200,
        "Gross Profit": 37,
        "Operating Income": -18,
        "EBIT": -4,
        "Net Income": -16
    },
    "2020-03-31": {
        "Diluted EPS": 0.3,
        "Total Revenue": 183,
        "Gross Profit": 46,
        "Operating Income": 20,
        "EBIT": 32,
        "Net Income": 13
    },
    "2019-12-31": {
        "Diluted EPS": 0.84,
        "Total Revenue": 171,
        "Gross Profit": 44,
        "Operating Income": 21,
        "EBIT": 32,
        "Net Income": 38
    },
    "2019-09-30": {
        "Diluted EPS": 0.42,
        "Total Revenue": 188,
        "Gross Profit": 49,
        "Operating Income": 24,
        "EBIT": 35,
        "Net Income": 19
    },
    "2019-06-30": {
        "Diluted EPS": 0.48,
        "Total Revenue": 191,
        "Gross Profit": 54,
        "Operating Income": 27,
        "EBIT": 38,
        "Net Income": 22
    },
    "2019-03-31": {
        "Diluted EPS": 0.42,
        "Total Revenue": 173,
        "Gross Profit": 47,
        "Operating Income": 20,
        "EBIT": 30,
        "Net Income": 19
    },
    "2018-12-31": {
        "Diluted EPS": 0.36,
        "Total Revenue": 39,
        "Gross Profit": 13,
        "Operating Income": 12,
        "EBIT": 20,
        "Net Income": 17
    },
    "2018-09-30": {
        "Diluted EPS": 0.49,
        "Total Revenue": 224,
        "Gross Profit": 62,
        "Operating Income": 30,
        "EBIT": 41,
        "Net Income": 23
    },
    "2018-06-30": {
        "Diluted EPS": 0.42,
        "Total Revenue": 225,
        "Gross Profit": 65,
        "Operating Income": 32,
        "EBIT": 43,
        "Net Income": 20
    },
    "2018-03-31": {
        "Diluted EPS": 0.53,
        "Total Revenue": 217,
        "Gross Profit": 60,
        "Operating Income": 35,
        "EBIT": 47,
        "Net Income": 24
    },
    "2017-12-31": {
        "Diluted EPS": -0.09,
        "Total Revenue": 34,
        "Gross Profit": 19,
        "Operating Income": 22,
        "EBIT": 29,
        "Net Income": -4
    },
    "2017-09-30": {
        "Diluted EPS": 0.29,
        "Total Revenue": 209,
        "Gross Profit": 59,
        "Operating Income": 28,
        "EBIT": 39,
        "Net Income": 13
    },
    "2017-06-30": {
        "Diluted EPS": 0.32,
        "Total Revenue": 213,
        "Gross Profit": 59,
        "Operating Income": 26,
        "EBIT": 39,
        "Net Income": 15
    },
    "2017-03-31": {
        "Diluted EPS": 0.15,
        "Total Revenue": 200,
        "Gross Profit": 52,
        "Operating Income": 16,
        "EBIT": 27,
        "Net Income": 7
    },
    "2016-12-31": {
        "Diluted EPS": -1.48,
        "Total Revenue": 186,
        "Gross Profit": 40,
        "Operating Income": -95,
        "EBIT": 16,
        "Net Income": -67
    },
    "2016-09-30": {
        "Diluted EPS": 0.19,
        "Total Revenue": 202,
        "Gross Profit": 58,
        "Operating Income": 18,
        "EBIT": 29,
        "Net Income": 9
    },
    "2016-06-30": {
        "Diluted EPS": 0.23,
        "Total Revenue": 203,
        "Gross Profit": 57,
        "Operating Income": 19,
        "EBIT": 30,
        "Net Income": 10
    },
    "2016-03-31": {
        "Diluted EPS": 0.18,
        "Total Revenue": 203,
        "Gross Profit": 56,
        "Operating Income": 16,
        "EBIT": 28,
        "Net Income": 8
    },
    "2015-12-31": {
        "Diluted EPS": -1.35,
        "Total Revenue": 193,
        "Gross Profit": 49,
        "Operating Income": -68,
        "EBIT": 19,
        "Net Income": -61
    },
    "2015-09-30": {
        "Diluted EPS": 0.26,
        "Total Revenue": 222,
        "Gross Profit": 62,
        "Operating Income": 22,
        "EBIT": 33,
        "Net Income": 12
    },
    "2015-06-30": {
        "Diluted EPS": 0.04,
        "Total Revenue": 225,
        "Gross Profit": 62,
        "Operating Income": 19,
        "EBIT": 31,
        "Net Income": 2
    },
    "2015-03-31": {
        "Diluted EPS": 0.31,
        "Total Revenue": 224,
        "Gross Profit": 63,
        "Operating Income": 23,
        "EBIT": 34,
        "Net Income": 14
    },
    "2014-12-31": {
        "Diluted EPS": 0.03,
        "Total Revenue": 351,
        "Gross Profit": 82,
        "Operating Income": 16,
        "EBIT": 27,
        "Net Income": 1
    },
    "2014-09-30": {
        "Diluted EPS": 0.49,
        "Total Revenue": 222,
        "Gross Profit": 60,
        "Operating Income": 21,
        "EBIT": 30,
        "Net Income": 22
    },
    "2014-06-30": {
        "Diluted EPS": 0.58,
        "Total Revenue": 225,
        "Gross Profit": 63,
        "Operating Income": 25,
        "EBIT": 30,
        "Net Income": 26
    },
    "2014-03-31": {
        "Diluted EPS": 0.41,
        "Total Revenue": 365,
        "Gross Profit": 96,
        "Operating Income": 32,
        "EBIT": 46,
        "Net Income": 19
    },
    "2013-12-31": {
        "Diluted EPS": 0.15,
        "Total Revenue": 320,
        "Gross Profit": 71,
        "Operating Income": 10,
        "EBIT": 5,
        "Net Income": 7
    },
    "2013-09-30": {
        "Diluted EPS": 0.7,
        "Total Revenue": 355,
        "Gross Profit": 94,
        "Operating Income": 44,
        "EBIT": 56,
        "Net Income": 29
    },
    "2013-06-30": {
        "Diluted EPS": 0.67,
        "Total Revenue": 378,
        "Gross Profit": 103,
        "Operating Income": 42,
        "EBIT": 55,
        "Net Income": 27
    },
    "2013-03-31": {
        "Diluted EPS": 0.33,
        "Total Revenue": 338,
        "Gross Profit": 83,
        "Operating Income": 24,
        "EBIT": 36,
        "Net Income": 13
    },
    "2012-12-31": {
        "Diluted EPS": -0.38,
        "Total Revenue": 296,
        "Gross Profit": 77,
        "Operating Income": 20,
        "EBIT": 31,
        "Net Income": -14
    },
    "2012-09-30": {
        "Diluted EPS": 0.47,
        "Total Revenue": 336,
        "Gross Profit": 90,
        "Operating Income": 37,
        "EBIT": 49,
        "Net Income": 19
    },
    "2012-06-30": {
        "Diluted EPS": 0.44,
        "Total Revenue": 338,
        "Gross Profit": 96,
        "Operating Income": 43,
        "EBIT": 55,
        "Net Income": 17
    },
    "2012-03-31": {
        "Diluted EPS": 0.36,
        "Total Revenue": 298,
        "Gross Profit": 79,
        "Operating Income": 29,
        "EBIT": 40,
        "Net Income": 12
    },
    "2011-12-31": {
        "Diluted EPS": 0.38,
        "Total Revenue": 260,
        "Gross Profit": 76,
        "Operating Income": 26,
        "EBIT": 38,
        "Net Income": 13
    },
    "2011-09-30": {
        "Diluted EPS": 0.52,
        "Total Revenue": 278,
        "Gross Profit": 82,
        "Operating Income": 36,
        "EBIT": 47,
        "Net Income": 18
    },
    "2011-06-30": {
        "Diluted EPS": 0.49,
        "Total Revenue": 288,
        "Gross Profit": 88,
        "Operating Income": 41,
        "EBIT": 51,
        "Net Income": 17
    },
    "2011-03-31": {
        "Diluted EPS": 0.34,
        "Total Revenue": 259,
        "Gross Profit": 72,
        "Operating Income": 28,
        "EBIT": 39,
        "Net Income": 12
    },
    "2010-12-31": {
        "Diluted EPS": 0.16,
        "Total Revenue": 193,
        "Gross Profit": 58,
        "Operating Income": 16,
        "EBIT": 26,
        "Net Income": 6
    },
    "2010-09-30": {
        "Diluted EPS": 0.37,
        "Total Revenue": 238,
        "Gross Profit": 72,
        "Operating Income": 32,
        "EBIT": 42,
        "Net Income": 13
    },
    "2010-06-30": {
        "Diluted EPS": 0.62,
        "Total Revenue": 252,
        "Gross Profit": 78,
        "Operating Income": 37,
        "EBIT": 47,
        "Net Income": 21
    },
    "2010-03-31": {
        "Diluted EPS": 0.16,
        "Total Revenue": 220,
        "Gross Profit": 63,
        "Operating Income": 25,
        "EBIT": 35,
        "Net Income": 5
    },
    "2009-12-31": {
        "Diluted EPS": -0.34,
        "Total Revenue": 164,
        "Gross Profit": 50,
        "Operating Income": 7,
        "EBIT": 19,
        "Net Income": -11
    },
    "2009-09-30": {
        "Diluted EPS": 0.17,
        "Total Revenue": 203,
        "Gross Profit": 58,
        "Operating Income": 21,
        "EBIT": 32,
        "Net Income": 6
    },
    "2009-06-30": {
        "Diluted EPS": 0.27,
        "Total Revenue": 208,
        "Gross Profit": 50,
        "Operating Income": 16,
        "EBIT": 28,
        "Net Income": 9
    },
    "2009-03-31": {
        "Diluted EPS": -0.11,
        "Total Revenue": 202,
        "Gross Profit": 46,
        "Operating Income": 5,
        "EBIT": 18,
        "Net Income": -4
    },
    "2023-09-30": {
        "Tax Effect Of Unusual Items": 19560.0,
        "Tax Rate For Calcs": 0.163,
        "Normalized EBITDA": 37420000.0,
        "Total Unusual Items": 120000.0,
        "Total Unusual Items Excluding Goodwill": 120000.0,
        "Net Income From Continuing Operation Net Minority Interest": 16490000.0,
        "Reconciled Depreciation": 13900000.0,
        "Reconciled Cost Of Revenue": 179410000.0,
        "EBITDA": 37540000.0,
        "EBIT": 23640000.0,
        "Net Interest Income": -3950000.0,
        "Interest Expense": 3950000.0,
        "Normalized Income": 16389560.0,
        "Net Income From Continuing And Discontinued Operation": 16490000.0,
        "Total Expenses": 211700000.0,
        "Total Operating Income As Reported": 23760000.0,
        "Diluted NI Availto Com Stockholders": 16490000.0,
        "Net Income Common Stockholders": 16490000.0,
        "Net Income": 16490000.0,
        "Net Income Including Noncontrolling Interests": 16490000.0,
        "Net Income Continuous Operations": 16490000.0,
        "Tax Provision": 3200000.0,
        "Pretax Income": 19690000.0,
        "Other Income Expense": NaN,
        "Other Non Operating Income Expenses": -120000.0,
        "Special Income Charges": 120000.0,
        "Gain On Sale Of Ppe": 120000.0,
        "Net Non Operating Interest Income Expense": -3950000.0,
        "Interest Expense Non Operating": 3950000.0,
        "Operating Income": 23640000.0,
        "Operating Expense": 32290000.0,
        "Selling General And Administration": 32290000.0,
        "Gross Profit": 55930000.0,
        "Cost Of Revenue": 179410000.0,
        "Total Revenue": 235340000.0,
        "Operating Revenue": 235340000.0
    }
}