{
    "2023-03-31": {
        "Tax Effect Of Unusual Items": 318.480338,
        "Tax Rate For Calcs": 0.07962,
        "Normalized EBITDA": 312611000.0,
        "Total Unusual Items": 4000.0,
        "Total Unusual Items Excluding Goodwill": 4000.0,
        "Net Income From Continuing Operation Net Minority Interest": 149813000.0,
        "Reconciled Depreciation": 149890000.0,
        "Reconciled Cost Of Revenue": 248533000.0,
        "EBIT": 162725000.0,
        "Net Interest Income": NaN,
        "Interest Expense": NaN,
        "Normalized Income": 149809318.480338,
        "Net Income From Continuing And Discontinued Operation": 149813000.0,
        "Total Expenses": 269600000.0,
        "Total Operating Income As Reported": 221549000.0,
        "Diluted Average Shares": 56140000.0,
        "Basic Average Shares": 55885000.0,
        "Diluted EPS": 2.44,
        "Basic EPS": 2.45,
        "Diluted NI Availto Com Stockholders": 136785000.0,
        "Net Income Common Stockholders": 136785000.0,
        "Preferred Stock Dividends": 13028000.0,
        "Net Income": 149813000.0,
        "Net Income Including Noncontrolling Interests": 149813000.0,
        "Net Income Continuous Operations": 149813000.0,
        "Tax Provision": 12960000.0,
        "Pretax Income": 162773000.0,
        "Other Income Expense": 48000.0,
        "Other Non Operating Income Expenses": 44000.0,
        "Special Income Charges": 0.0,
        "Other Special Charges": NaN,
        "Restructuring And Mergern Acquisition": NaN,
        "Gain On Sale Of Security": 4000.0,
        "Net Non Operating Interest Income Expense": NaN,
        "Interest Expense Non Operating": NaN,
        "Operating Income": 162725000.0,
        "Operating Expense": 21067000.0,
        "Provision For Doubtful Accounts": -1797000.0,
        "Selling General And Administration": 22864000.0,
        "General And Administrative Expense": 22864000.0,
        "Other Gand A": 22864000.0,
        "Gross Profit": 183792000.0,
        "Cost Of Revenue": 248533000.0,
        "Total Revenue": 432325000.0,
        "Operating Revenue": 416825000.0
    },
    "2022-12-31": {
        "Tax Effect Of Unusual Items": -7315.480681,
        "Tax Rate For Calcs": 0.128342,
        "Normalized EBITDA": 346878000.0,
        "Total Unusual Items": -57000.0,
        "Total Unusual Items Excluding Goodwill": -57000.0,
        "Net Income From Continuing Operation Net Minority Interest": 165208000.0,
        "Reconciled Depreciation": 157272000.0,
        "Reconciled Cost Of Revenue": 251776000.0,
        "EBIT": 189549000.0,
        "Net Interest Income": NaN,
        "Interest Expense": NaN,
        "Normalized Income": 165257684.519319,
        "Net Income From Continuing And Discontinued Operation": 165208000.0,
        "Total Expenses": 272774000.0,
        "Total Operating Income As Reported": 249347000.0,
        "Diluted Average Shares": 58179000.0,
        "Basic Average Shares": 57776000.0,
        "Diluted EPS": 2.61,
        "Basic EPS": 2.63,
        "Diluted NI Availto Com Stockholders": 152180000.0,
        "Net Income Common Stockholders": 152180000.0,
        "Preferred Stock Dividends": 13028000.0,
        "Net Income": 165208000.0,
        "Net Income Including Noncontrolling Interests": 165208000.0,
        "Net Income Continuous Operations": 165208000.0,
        "Tax Provision": 24325000.0,
        "Pretax Income": 189533000.0,
        "Other Income Expense": -16000.0,
        "Other Non Operating Income Expenses": 41000.0,
        "Special Income Charges": -80000.0,
        "Other Special Charges": 80000.0,
        "Restructuring And Mergern Acquisition": NaN,
        "Gain On Sale Of Security": 23000.0,
        "Net Non Operating Interest Income Expense": NaN,
        "Interest Expense Non Operating": NaN,
        "Operating Income": 189549000.0,
        "Operating Expense": 20998000.0,
        "Provision For Doubtful Accounts": -2998000.0,
        "Selling General And Administration": 23996000.0,
        "General And Administrative Expense": 23996000.0,
        "Other Gand A": 23996000.0,
        "Gross Profit": 210547000.0,
        "Cost Of Revenue": 251776000.0,
        "Total Revenue": 462323000.0,
        "Operating Revenue": 437167000.0
    },
    "2022-09-30": {
        "Tax Effect Of Unusual Items": -16822.852438,
        "Tax Rate For Calcs": 0.080492,
        "Normalized EBITDA": 367548000.0,
        "Total Unusual Items": -209000.0,
        "Total Unusual Items Excluding Goodwill": -209000.0,
        "Net Income From Continuing Operation Net Minority Interest": 189837000.0,
        "Reconciled Depreciation": 161319000.0,
        "Reconciled Cost Of Revenue": 267293000.0,
        "EBIT": 206020000.0,
        "Net Interest Income": NaN,
        "Interest Expense": NaN,
        "Normalized Income": 190029177.147562,
        "Net Income From Continuing And Discontinued Operation": 189837000.0,
        "Total Expenses": 289917000.0,
        "Total Operating Income As Reported": 263144000.0,
        "Diluted Average Shares": 61364000.0,
        "Basic Average Shares": 61035000.0,
        "Diluted EPS": 2.88,
        "Basic EPS": 2.9,
        "Diluted NI Availto Com Stockholders": 176809000.0,
        "Net Income Common Stockholders": 176809000.0,
        "Preferred Stock Dividends": 13028000.0,
        "Net Income": 189837000.0,
        "Net Income Including Noncontrolling Interests": 189837000.0,
        "Net Income Continuous Operations": 189837000.0,
        "Tax Provision": 16618000.0,
        "Pretax Income": 206455000.0,
        "Other Income Expense": 435000.0,
        "Other Non Operating Income Expenses": 644000.0,
        "Special Income Charges": -190000.0,
        "Other Special Charges": 190000.0,
        "Restructuring And Mergern Acquisition": NaN,
        "Gain On Sale Of Security": -19000.0,
        "Net Non Operating Interest Income Expense": NaN,
        "Interest Expense Non Operating": NaN,
        "Operating Income": 206020000.0,
        "Operating Expense": 22624000.0,
        "Provision For Doubtful Accounts": -123000.0,
        "Selling General And Administration": 22747000.0,
        "General And Administrative Expense": 22747000.0,
        "Other Gand A": 22747000.0,
        "Gross Profit": 228644000.0,
        "Cost Of Revenue": 267293000.0,
        "Total Revenue": 495937000.0,
        "Operating Revenue": 469469000.0
    },
    "2022-06-30": {
        "Tax Effect Of Unusual Items": -128843.058567,
        "Tax Rate For Calcs": 0.074605,
        "Normalized EBITDA": 380618000.0,
        "Total Unusual Items": -1727000.0,
        "Total Unusual Items Excluding Goodwill": -1727000.0,
        "Net Income From Continuing Operation Net Minority Interest": 197619000.0,
        "Reconciled Depreciation": 163802000.0,
        "Reconciled Cost Of Revenue": 264685000.0,
        "EBIT": 215089000.0,
        "Net Interest Income": -54659000.0,
        "Interest Expense": 54659000.0,
        "Normalized Income": 199217156.941433,
        "Net Income From Continuing And Discontinued Operation": 197619000.0,
        "Total Expenses": 289699000.0,
        "Total Operating Income As Reported": 269748000.0,
        "Diluted Average Shares": 63745000.0,
        "Basic Average Shares": 63457000.0,
        "Diluted EPS": 2.9,
        "Basic EPS": 2.91,
        "Diluted NI Availto Com Stockholders": 184591000.0,
        "Net Income Common Stockholders": 184591000.0,
        "Preferred Stock Dividends": 13028000.0,
        "Net Income": 197619000.0,
        "Net Income Including Noncontrolling Interests": 197619000.0,
        "Net Income Continuous Operations": 197619000.0,
        "Tax Provision": 15932000.0,
        "Pretax Income": 213551000.0,
        "Other Income Expense": -1538000.0,
        "Other Non Operating Income Expenses": 189000.0,
        "Special Income Charges": -1627000.0,
        "Other Special Charges": 1627000.0,
        "Restructuring And Mergern Acquisition": NaN,
        "Gain On Sale Of Security": -100000.0,
        "Net Non Operating Interest Income Expense": -54659000.0,
        "Interest Expense Non Operating": 54659000.0,
        "Operating Income": 215089000.0,
        "Operating Expense": 25014000.0,
        "Provision For Doubtful Accounts": 46000.0,
        "Selling General And Administration": 24968000.0,
        "General And Administrative Expense": 24968000.0,
        "Other Gand A": 24968000.0,
        "Gross Profit": 240103000.0,
        "Cost Of Revenue": 264685000.0,
        "Total Revenue": 504788000.0,
        "Operating Revenue": 469716000.0
    },
    "2023-06-30": {
        "Tax Effect Of Unusual Items": -237268.0,
        "Tax Rate For Calcs": 0.092,
        "Normalized EBITDA": 309169000.0,
        "Total Unusual Items": -2579000.0,
        "Total Unusual Items Excluding Goodwill": -2579000.0,
        "Net Income From Continuing Operation Net Minority Interest": 141762000.0,
        "Reconciled Depreciation": 148222000.0,
        "Reconciled Cost Of Revenue": 253543000.0,
        "EBIT": 158368000.0,
        "Net Interest Income": NaN,
        "Interest Expense": NaN,
        "Normalized Income": 144103732.0,
        "Net Income From Continuing And Discontinued Operation": 141762000.0,
        "Total Expenses": 276180000.0,
        "Total Operating Income As Reported": 213103000.0,
        "Diluted Average Shares": 55099000.0,
        "Basic Average Shares": 54776000.0,
        "Diluted EPS": 2.34,
        "Basic EPS": 2.35,
        "Diluted NI Availto Com Stockholders": 128734000.0,
        "Net Income Common Stockholders": 128734000.0,
        "Preferred Stock Dividends": 13028000.0,
        "Net Income": 141762000.0,
        "Net Income Including Noncontrolling Interests": 141762000.0,
        "Net Income Continuous Operations": 141762000.0,
        "Tax Provision": 14296000.0,
        "Pretax Income": 156058000.0,
        "Other Income Expense": -2310000.0,
        "Other Non Operating Income Expenses": 269000.0,
        "Special Income Charges": -2579000.0,
        "Other Special Charges": NaN,
        "Restructuring And Mergern Acquisition": 2579000.0,
        "Gain On Sale Of Security": NaN,
        "Net Non Operating Interest Income Expense": NaN,
        "Interest Expense Non Operating": NaN,
        "Operating Income": 158368000.0,
        "Operating Expense": 22637000.0,
        "Provision For Doubtful Accounts": -760000.0,
        "Selling General And Administration": 23397000.0,
        "General And Administrative Expense": 23397000.0,
        "Other Gand A": 23397000.0,
        "Gross Profit": 181005000.0,
        "Cost Of Revenue": 253543000.0,
        "Total Revenue": 434548000.0,
        "Operating Revenue": 412965000.0
    },
    "2022-03-31": {
        "Diluted EPS": 2.78,
        "Total Revenue": 451,
        "Gross Profit": 415,
        "Operating Income": 262,
        "EBIT": 429,
        "Net Income": 181
    },
    "2021-12-31": {
        "Diluted EPS": 2.66,
        "Total Revenue": 457,
        "Gross Profit": 418,
        "Operating Income": 256,
        "EBIT": 429,
        "Net Income": 177
    },
    "2021-09-30": {
        "Diluted EPS": 1.83,
        "Total Revenue": 445,
        "Gross Profit": 404,
        "Operating Income": 244,
        "EBIT": 416,
        "Net Income": 123
    },
    "2021-06-30": {
        "Diluted EPS": 0.81,
        "Total Revenue": 403,
        "Gross Profit": 374,
        "Operating Income": 229,
        "EBIT": 390,
        "Net Income": 55
    },
    "2021-03-31": {
        "Diluted EPS": 1.92,
        "Total Revenue": 373,
        "Gross Profit": 346,
        "Operating Income": 206,
        "EBIT": 355,
        "Net Income": 129
    },
    "2020-12-31": {
        "Diluted EPS": 1.69,
        "Total Revenue": 365,
        "Gross Profit": 329,
        "Operating Income": 190,
        "EBIT": 338,
        "Net Income": 115
    },
    "2020-09-30": {
        "Diluted EPS": 0.67,
        "Total Revenue": 354,
        "Gross Profit": 306,
        "Operating Income": 159,
        "EBIT": 301,
        "Net Income": 46
    },
    "2020-06-30": {
        "Diluted EPS": 0.86,
        "Total Revenue": 338,
        "Gross Profit": 294,
        "Operating Income": 144,
        "EBIT": 290,
        "Net Income": 60
    },
    "2020-03-31": {
        "Diluted EPS": 0.94,
        "Total Revenue": 337,
        "Gross Profit": 300,
        "Operating Income": 148,
        "EBIT": 291,
        "Net Income": 67
    },
    "2019-12-31": {
        "Diluted EPS": 1.08,
        "Total Revenue": 348,
        "Gross Profit": 310,
        "Operating Income": 163,
        "EBIT": 308,
        "Net Income": 77
    },
    "2019-09-30": {
        "Diluted EPS": 1.17,
        "Total Revenue": 362,
        "Gross Profit": 320,
        "Operating Income": 175,
        "EBIT": 319,
        "Net Income": 86
    },
    "2019-06-30": {
        "Diluted EPS": 1.12,
        "Total Revenue": 362,
        "Gross Profit": 325,
        "Operating Income": 177,
        "EBIT": 327,
        "Net Income": 84
    },
    "2019-03-31": {
        "Diluted EPS": 1.17,
        "Total Revenue": 359,
        "Gross Profit": 328,
        "Operating Income": 183,
        "EBIT": 334,
        "Net Income": 92
    },
    "2018-12-31": {
        "Diluted EPS": 0.88,
        "Total Revenue": 382,
        "Gross Profit": 346,
        "Operating Income": 195,
        "EBIT": 355,
        "Net Income": 70
    },
    "2018-09-30": {
        "Diluted EPS": 1.17,
        "Total Revenue": 375,
        "Gross Profit": 344,
        "Operating Income": 189,
        "EBIT": 351,
        "Net Income": 94
    },
    "2018-06-30": {
        "Diluted EPS": 1.3,
        "Total Revenue": 348,
        "Gross Profit": 324,
        "Operating Income": 201,
        "EBIT": 356,
        "Net Income": 105
    },
    "2018-03-31": {
        "Diluted EPS": 1.0,
        "Total Revenue": 328,
        "Gross Profit": 307,
        "Operating Income": 166,
        "EBIT": 320,
        "Net Income": 81
    },
    "2017-12-31": {
        "Diluted EPS": 2.68,
        "Total Revenue": 321,
        "Gross Profit": 303,
        "Operating Income": 161,
        "EBIT": 317,
        "Net Income": 207
    },
    "2017-09-30": {
        "Diluted EPS": 0.75,
        "Total Revenue": 314,
        "Gross Profit": 290,
        "Operating Income": 149,
        "EBIT": 305,
        "Net Income": 57
    },
    "2017-06-30": {
        "Diluted EPS": 0.62,
        "Total Revenue": 295,
        "Gross Profit": 268,
        "Operating Income": 130,
        "EBIT": 282,
        "Net Income": 46
    },
    "2017-03-31": {
        "Diluted EPS": 0.47,
        "Total Revenue": 271,
        "Gross Profit": 244,
        "Operating Income": 105,
        "EBIT": 250,
        "Net Income": 35
    },
    "2016-12-31": {
        "Diluted EPS": 0.13,
        "Total Revenue": 266,
        "Gross Profit": 230,
        "Operating Income": 84,
        "EBIT": 236,
        "Net Income": 23
    },
    "2016-09-30": {
        "Diluted EPS": -0.74,
        "Total Revenue": 258,
        "Gross Profit": 220,
        "Operating Income": -4,
        "EBIT": 135,
        "Net Income": -51
    },
    "2016-06-30": {
        "Diluted EPS": 0.15,
        "Total Revenue": 158,
        "Gross Profit": 146,
        "Operating Income": 47,
        "EBIT": 129,
        "Net Income": 6
    },
    "2016-03-31": {
        "Diluted EPS": 0.22,
        "Total Revenue": 163,
        "Gross Profit": 149,
        "Operating Income": 50,
        "EBIT": 130,
        "Net Income": 9
    },
    "2015-12-31": {
        "Diluted EPS": 0.6,
        "Total Revenue": 199,
        "Gross Profit": 207,
        "Operating Income": 73,
        "EBIT": 152,
        "Net Income": 38
    },
    "2015-09-30": {
        "Diluted EPS": 0.52,
        "Total Revenue": 176,
        "Gross Profit": 163,
        "Operating Income": 68,
        "EBIT": 170,
        "Net Income": 21
    },
    "2015-06-30": {
        "Diluted EPS": 0.81,
        "Total Revenue": 167,
        "Gross Profit": 142,
        "Operating Income": 70,
        "EBIT": 134,
        "Net Income": 27
    },
    "2015-03-31": {
        "Diluted EPS": 0.78,
        "Total Revenue": 166,
        "Gross Profit": 142,
        "Operating Income": 70,
        "EBIT": 131,
        "Net Income": 26
    },
    "2014-12-31": {
        "Diluted EPS": 0.79,
        "Total Revenue": 222,
        "Gross Profit": 229,
        "Operating Income": 108,
        "EBIT": 193,
        "Net Income": 57
    },
    "2014-09-30": {
        "Diluted EPS": 0.97,
        "Total Revenue": 164,
        "Gross Profit": 144,
        "Operating Income": 76,
        "EBIT": 136,
        "Net Income": 33
    },
    "2014-06-30": {
        "Diluted EPS": 0.87,
        "Total Revenue": 164,
        "Gross Profit": 139,
        "Operating Income": 76,
        "EBIT": 133,
        "Net Income": 29
    },
    "2014-03-31": {
        "Diluted EPS": 0.89,
        "Total Revenue": 157,
        "Gross Profit": 138,
        "Operating Income": 75,
        "EBIT": 132,
        "Net Income": 30
    },
    "2013-12-31": {
        "Diluted EPS": 0.98,
        "Total Revenue": 156,
        "Gross Profit": 141,
        "Operating Income": 79,
        "EBIT": 135,
        "Net Income": 33
    },
    "2013-09-30": {
        "Diluted EPS": 1.03,
        "Total Revenue": 158,
        "Gross Profit": 140,
        "Operating Income": 81,
        "EBIT": 136,
        "Net Income": 35
    },
    "2013-06-30": {
        "Diluted EPS": 1.12,
        "Total Revenue": 172,
        "Gross Profit": 138,
        "Operating Income": 84,
        "EBIT": 137,
        "Net Income": 38
    },
    "2013-03-31": {
        "Diluted EPS": 1.12,
        "Total Revenue": 156,
        "Gross Profit": 135,
        "Operating Income": 84,
        "EBIT": 135,
        "Net Income": 38
    },
    "2012-12-31": {
        "Diluted EPS": 1.09,
        "Total Revenue": 152,
        "Gross Profit": 134,
        "Operating Income": 83,
        "EBIT": 135,
        "Net Income": 37
    },
    "2012-09-30": {
        "Diluted EPS": 0.93,
        "Total Revenue": 149,
        "Gross Profit": 132,
        "Operating Income": 80,
        "EBIT": 135,
        "Net Income": 31
    },
    "2012-06-30": {
        "Diluted EPS": 0.87,
        "Total Revenue": 150,
        "Gross Profit": 125,
        "Operating Income": 80,
        "EBIT": 129,
        "Net Income": 29
    },
    "2012-03-31": {
        "Diluted EPS": 0.98,
        "Total Revenue": 138,
        "Gross Profit": 120,
        "Operating Income": 75,
        "EBIT": 122,
        "Net Income": 33
    },
    "2011-12-31": {
        "Diluted EPS": 1.05,
        "Total Revenue": 134,
        "Gross Profit": 122,
        "Operating Income": 88,
        "EBIT": 133,
        "Net Income": 36
    },
    "2011-09-30": {
        "Diluted EPS": 0.54,
        "Total Revenue": 138,
        "Gross Profit": 119,
        "Operating Income": 81,
        "EBIT": 125,
        "Net Income": 18
    },
    "2011-06-30": {
        "Diluted EPS": 0.7,
        "Total Revenue": 120,
        "Gross Profit": 106,
        "Operating Income": 77,
        "EBIT": 114,
        "Net Income": 23
    },
    "2011-03-31": {
        "Diluted EPS": 1.05,
        "Total Revenue": 125,
        "Gross Profit": 101,
        "Operating Income": 58,
        "EBIT": 91,
        "Net Income": 33
    },
    "2010-12-31": {
        "Diluted EPS": 1.16,
        "Total Revenue": 104,
        "Gross Profit": 93,
        "Operating Income": 80,
        "EBIT": 110,
        "Net Income": 35
    },
    "2010-09-30": {
        "Diluted EPS": 0.38,
        "Total Revenue": 96,
        "Gross Profit": 83,
        "Operating Income": 42,
        "EBIT": 74,
        "Net Income": 12
    },
    "2010-06-30": {
        "Diluted EPS": 0.15,
        "Total Revenue": 87,
        "Gross Profit": 71,
        "Operating Income": 32,
        "EBIT": 61,
        "Net Income": 5
    },
    "2010-03-31": {
        "Diluted EPS": 0.19,
        "Total Revenue": 80,
        "Gross Profit": 66,
        "Operating Income": 29,
        "EBIT": 56,
        "Net Income": 6
    },
    "2009-12-31": {
        "Diluted EPS": 0.53,
        "Total Revenue": 79,
        "Gross Profit": 65,
        "Operating Income": 27,
        "EBIT": 55,
        "Net Income": 16
    },
    "2009-09-30": {
        "Diluted EPS": 0.1,
        "Total Revenue": 83,
        "Gross Profit": 66,
        "Operating Income": 28,
        "EBIT": 57,
        "Net Income": 3
    },
    "2009-06-30": {
        "Diluted EPS": 1.15,
        "Total Revenue": 90,
        "Gross Profit": 71,
        "Operating Income": 32,
        "EBIT": 61,
        "Net Income": 36
    },
    "2009-03-31": {
        "Diluted EPS": 0.52,
        "Total Revenue": 100,
        "Gross Profit": 76,
        "Operating Income": 35,
        "EBIT": 64,
        "Net Income": 17
    }
}