{
    "2023-06-30": {
        "Tax Effect Of Unusual Items": -604699.738903,
        "Tax Rate For Calcs": 0.251958,
        "Normalized EBITDA": 281700000.0,
        "Total Unusual Items": -2400000.0,
        "Total Unusual Items Excluding Goodwill": -2400000.0,
        "Net Income From Continuing Operation Net Minority Interest": 54100000.0,
        "Reconciled Depreciation": 130100000.0,
        "Reconciled Cost Of Revenue": 387000000.0,
        "EBITDA": 279300000.0,
        "EBIT": 149200000.0,
        "Net Interest Income": -69800000.0,
        "Interest Expense": 72600000.0,
        "Interest Income": 4300000.0,
        "Normalized Income": 55895300.261097,
        "Net Income From Continuing And Discontinued Operation": 53900000.0,
        "Total Expenses": 809600000.0,
        "Total Operating Income As Reported": 158400000.0,
        "Diluted Average Shares": 194000000.0,
        "Basic Average Shares": 193200000.0,
        "Diluted EPS": 0.28,
        "Basic EPS": 0.28,
        "Diluted NI Availto Com Stockholders": 53900000.0,
        "Net Income Common Stockholders": 53900000.0,
        "Net Income": 53900000.0,
        "Minority Interests": -3300000.0,
        "Net Income Including Noncontrolling Interests": 57200000.0,
        "Net Income Discontinuous Operations": -200000.0,
        "Net Income Continuous Operations": 57300000.0,
        "Tax Provision": 19300000.0,
        "Pretax Income": 76600000.0,
        "Other Income Expense": -11800000.0,
        "Other Non Operating Income Expenses": -14300000.0,
        "Special Income Charges": -2400000.0,
        "Impairment Of Capital Assets": NaN,
        "Restructuring And Mergern Acquisition": 2400000.0,
        "Earnings From Equity Interest": 4900000.0,
        "Net Non Operating Interest Income Expense": -69800000.0,
        "Total Other Finance Cost": 1500000.0,
        "Interest Expense Non Operating": 72600000.0,
        "Interest Income Non Operating": 4300000.0,
        "Operating Income": 158400000.0,
        "Operating Expense": 422600000.0,
        "Depreciation Amortization Depletion Income Statement": 130100000.0,
        "Depreciation And Amortization In Income Statement": 130100000.0,
        "Selling General And Administration": 292500000.0,
        "Gross Profit": 581000000.0,
        "Cost Of Revenue": 387000000.0,
        "Total Revenue": 968000000.0,
        "Operating Revenue": 968000000.0
    },
    "2023-03-31": {
        "Tax Effect Of Unusual Items": -344400.0,
        "Tax Rate For Calcs": 0.246,
        "Normalized EBITDA": 278500000.0,
        "Total Unusual Items": -1400000.0,
        "Total Unusual Items Excluding Goodwill": -1400000.0,
        "Net Income From Continuing Operation Net Minority Interest": 52700000.0,
        "Reconciled Depreciation": 129700000.0,
        "Reconciled Cost Of Revenue": 380800000.0,
        "EBITDA": 277100000.0,
        "EBIT": 147400000.0,
        "Net Interest Income": -67700000.0,
        "Interest Expense": 71800000.0,
        "Interest Income": 5800000.0,
        "Normalized Income": 53755600.0,
        "Net Income From Continuing And Discontinued Operation": 52600000.0,
        "Total Expenses": 795100000.0,
        "Total Operating Income As Reported": 145200000.0,
        "Diluted Average Shares": 193900000.0,
        "Basic Average Shares": 193000000.0,
        "Diluted EPS": 0.27,
        "Basic EPS": 0.27,
        "Diluted NI Availto Com Stockholders": 52600000.0,
        "Net Income Common Stockholders": 52600000.0,
        "Net Income": 52600000.0,
        "Minority Interests": -4300000.0,
        "Net Income Including Noncontrolling Interests": 56900000.0,
        "Net Income Discontinuous Operations": -100000.0,
        "Net Income Continuous Operations": 57000000.0,
        "Tax Provision": 18600000.0,
        "Pretax Income": 75600000.0,
        "Other Income Expense": -2000000.0,
        "Other Non Operating Income Expenses": -3700000.0,
        "Special Income Charges": -1400000.0,
        "Impairment Of Capital Assets": NaN,
        "Restructuring And Mergern Acquisition": 1400000.0,
        "Earnings From Equity Interest": 3100000.0,
        "Net Non Operating Interest Income Expense": -67700000.0,
        "Total Other Finance Cost": 1700000.0,
        "Interest Expense Non Operating": 71800000.0,
        "Interest Income Non Operating": 5800000.0,
        "Operating Income": 145200000.0,
        "Operating Expense": 414300000.0,
        "Depreciation Amortization Depletion Income Statement": 129700000.0,
        "Depreciation And Amortization In Income Statement": 129700000.0,
        "Selling General And Administration": 284600000.0,
        "Gross Profit": 559500000.0,
        "Cost Of Revenue": 380800000.0,
        "Total Revenue": 940300000.0,
        "Operating Revenue": 940300000.0
    },
    "2022-12-31": {
        "Tax Effect Of Unusual Items": -483000.0,
        "Tax Rate For Calcs": 0.21,
        "Normalized EBITDA": 270900000.0,
        "Total Unusual Items": -2300000.0,
        "Total Unusual Items Excluding Goodwill": -2300000.0,
        "Net Income From Continuing Operation Net Minority Interest": 31400000.0,
        "Reconciled Depreciation": 130000000.0,
        "Reconciled Cost Of Revenue": 311200000.0,
        "EBITDA": 268600000.0,
        "EBIT": 138600000.0,
        "Net Interest Income": -69200000.0,
        "Interest Expense": 67500000.0,
        "Interest Income": 1600000.0,
        "Normalized Income": 33217000.0,
        "Net Income From Continuing And Discontinued Operation": 46500000.0,
        "Total Expenses": 758500000.0,
        "Total Operating Income As Reported": 143500000.0,
        "Diluted Average Shares": 193100000.0,
        "Basic Average Shares": 192700000.0,
        "Diluted EPS": 0.24,
        "Basic EPS": 0.24,
        "Diluted NI Availto Com Stockholders": 46500000.0,
        "Net Income Common Stockholders": 46500000.0,
        "Net Income": 46500000.0,
        "Minority Interests": -3900000.0,
        "Net Income Including Noncontrolling Interests": 50400000.0,
        "Net Income Discontinuous Operations": 15100000.0,
        "Net Income Continuous Operations": 35300000.0,
        "Tax Provision": 35800000.0,
        "Pretax Income": 71100000.0,
        "Other Income Expense": -3200000.0,
        "Other Non Operating Income Expenses": -4200000.0,
        "Special Income Charges": -2300000.0,
        "Impairment Of Capital Assets": NaN,
        "Restructuring And Mergern Acquisition": 2300000.0,
        "Earnings From Equity Interest": 3300000.0,
        "Net Non Operating Interest Income Expense": -69200000.0,
        "Total Other Finance Cost": 3300000.0,
        "Interest Expense Non Operating": 67500000.0,
        "Interest Income Non Operating": 1600000.0,
        "Operating Income": 143600000.0,
        "Operating Expense": 447300000.0,
        "Depreciation Amortization Depletion Income Statement": 130000000.0,
        "Depreciation And Amortization In Income Statement": 130000000.0,
        "Selling General And Administration": 317300000.0,
        "Gross Profit": 590900000.0,
        "Cost Of Revenue": 311200000.0,
        "Total Revenue": 902100000.0,
        "Operating Revenue": 902100000.0
    },
    "2022-09-30": {
        "Tax Effect Of Unusual Items": NaN,
        "Tax Rate For Calcs": NaN,
        "Normalized EBITDA": NaN,
        "Total Unusual Items": NaN,
        "Total Unusual Items Excluding Goodwill": NaN,
        "Net Income From Continuing Operation Net Minority Interest": NaN,
        "Reconciled Depreciation": NaN,
        "Reconciled Cost Of Revenue": NaN,
        "EBITDA": NaN,
        "EBIT": NaN,
        "Net Interest Income": NaN,
        "Interest Expense": NaN,
        "Interest Income": NaN,
        "Normalized Income": NaN,
        "Net Income From Continuing And Discontinued Operation": NaN,
        "Total Expenses": NaN,
        "Total Operating Income As Reported": NaN,
        "Diluted Average Shares": NaN,
        "Basic Average Shares": NaN,
        "Diluted EPS": NaN,
        "Basic EPS": NaN,
        "Diluted NI Availto Com Stockholders": NaN,
        "Net Income Common Stockholders": NaN,
        "Net Income": NaN,
        "Minority Interests": NaN,
        "Net Income Including Noncontrolling Interests": NaN,
        "Net Income Discontinuous Operations": NaN,
        "Net Income Continuous Operations": NaN,
        "Tax Provision": NaN,
        "Pretax Income": NaN,
        "Other Income Expense": NaN,
        "Other Non Operating Income Expenses": NaN,
        "Special Income Charges": NaN,
        "Impairment Of Capital Assets": 0.0,
        "Restructuring And Mergern Acquisition": NaN,
        "Earnings From Equity Interest": NaN,
        "Net Non Operating Interest Income Expense": NaN,
        "Total Other Finance Cost": NaN,
        "Interest Expense Non Operating": NaN,
        "Interest Income Non Operating": NaN,
        "Operating Income": NaN,
        "Operating Expense": NaN,
        "Depreciation Amortization Depletion Income Statement": NaN,
        "Depreciation And Amortization In Income Statement": NaN,
        "Selling General And Administration": NaN,
        "Gross Profit": NaN,
        "Cost Of Revenue": NaN,
        "Total Revenue": NaN,
        "Operating Revenue": NaN
    },
    "2022-06-30": {
        "Tax Effect Of Unusual Items": -2043000.0,
        "Tax Rate For Calcs": 0.227,
        "Normalized EBITDA": 320000000.0,
        "Total Unusual Items": -9000000.0,
        "Total Unusual Items Excluding Goodwill": -9000000.0,
        "Net Income From Continuing Operation Net Minority Interest": 95300000.0,
        "Reconciled Depreciation": 130600000.0,
        "Reconciled Cost Of Revenue": 308100000.0,
        "EBITDA": 311000000.0,
        "EBIT": 180400000.0,
        "Net Interest Income": -51100000.0,
        "Interest Expense": 51900000.0,
        "Interest Income": 1200000.0,
        "Normalized Income": 102257000.0,
        "Net Income From Continuing And Discontinued Operation": 95600000.0,
        "Total Expenses": 765800000.0,
        "Total Operating Income As Reported": 182500000.0,
        "Diluted Average Shares": 193100000.0,
        "Basic Average Shares": 192500000.0,
        "Diluted EPS": 0.49,
        "Basic EPS": 0.5,
        "Diluted NI Availto Com Stockholders": 95600000.0,
        "Net Income Common Stockholders": 95600000.0,
        "Net Income": 95600000.0,
        "Minority Interests": -4100000.0,
        "Net Income Including Noncontrolling Interests": 99600000.0,
        "Net Income Discontinuous Operations": 300000.0,
        "Net Income Continuous Operations": 99300000.0,
        "Tax Provision": 29200000.0,
        "Pretax Income": 128500000.0,
        "Other Income Expense": -2900000.0,
        "Other Non Operating Income Expenses": 3000000.0,
        "Special Income Charges": -9000000.0,
        "Restructuring And Mergern Acquisition": 9000000.0,
        "Earnings From Equity Interest": 3100000.0,
        "Net Non Operating Interest Income Expense": -51100000.0,
        "Total Other Finance Cost": 400000.0,
        "Interest Expense Non Operating": 51900000.0,
        "Interest Income Non Operating": 1200000.0,
        "Operating Income": 182500000.0,
        "Operating Expense": 457700000.0,
        "Depreciation Amortization Depletion Income Statement": 130600000.0,
        "Depreciation And Amortization In Income Statement": 130600000.0,
        "Selling General And Administration": 327100000.0,
        "Gross Profit": 640200000.0,
        "Cost Of Revenue": 308100000.0,
        "Total Revenue": 948300000.0,
        "Operating Revenue": 948300000.0
    },
    "2022-03-31": {
        "Diluted EPS": 0.25,
        "Total Revenue": 921,
        "Gross Profit": 623,
        "Operating Income": 135,
        "EBIT": 264,
        "Net Income": 48
    },
    "2021-12-31": {
        "Diluted EPS": 5.28,
        "Total Revenue": 790,
        "Gross Profit": 503,
        "Operating Income": 114,
        "EBIT": 217,
        "Net Income": NaN
    },
    "2021-09-30": {
        "Diluted EPS": 0.59,
        "Total Revenue": 743,
        "Gross Profit": 500,
        "Operating Income": 170,
        "EBIT": 261,
        "Net Income": 114
    },
    "2021-06-30": {
        "Diluted EPS": 0.66,
        "Total Revenue": 728,
        "Gross Profit": 494,
        "Operating Income": 201,
        "EBIT": 294,
        "Net Income": 128
    },
    "2021-03-31": {
        "Diluted EPS": 0.66,
        "Total Revenue": 699,
        "Gross Profit": 472,
        "Operating Income": 164,
        "EBIT": 253,
        "Net Income": 128
    },
    "2020-12-31": {
        "Diluted EPS": 0.53,
        "Total Revenue": 513,
        "Gross Profit": 325,
        "Operating Income": 77,
        "EBIT": 151,
        "Net Income": 102
    },
    "2020-09-30": {
        "Diluted EPS": 0.53,
        "Total Revenue": 696,
        "Gross Profit": 474,
        "Operating Income": 162,
        "EBIT": 255,
        "Net Income": 103
    },
    "2020-06-30": {
        "Diluted EPS": 0.36,
        "Total Revenue": 634,
        "Gross Profit": 416,
        "Operating Income": 124,
        "EBIT": 215,
        "Net Income": 69
    },
    "2020-03-31": {
        "Diluted EPS": 0.37,
        "Total Revenue": 688,
        "Gross Profit": 463,
        "Operating Income": 137,
        "EBIT": 227,
        "Net Income": 70
    },
    "2019-12-31": {
        "Diluted EPS": 0.43,
        "Total Revenue": 493,
        "Gross Profit": 332,
        "Operating Income": 89,
        "EBIT": 151,
        "Net Income": 83
    },
    "2019-09-30": {
        "Diluted EPS": 0.48,
        "Total Revenue": 689,
        "Gross Profit": 469,
        "Operating Income": 171,
        "EBIT": 262,
        "Net Income": 92
    },
    "2019-06-30": {
        "Diluted EPS": 0.53,
        "Total Revenue": 662,
        "Gross Profit": 446,
        "Operating Income": 160,
        "EBIT": 251,
        "Net Income": 102
    },
    "2019-03-31": {
        "Diluted EPS": 0.37,
        "Total Revenue": 619,
        "Gross Profit": 411,
        "Operating Income": 122,
        "EBIT": 217,
        "Net Income": 71
    },
    "2018-12-31": {
        "Diluted EPS": 0.54,
        "Total Revenue": 613,
        "Gross Profit": 402,
        "Operating Income": 131,
        "EBIT": 216,
        "Net Income": 102
    },
    "2018-09-30": {
        "Diluted EPS": 0.24,
        "Total Revenue": 604,
        "Gross Profit": 396,
        "Operating Income": 122,
        "EBIT": 208,
        "Net Income": 46
    },
    "2018-06-30": {
        "Diluted EPS": 0.29,
        "Total Revenue": 563,
        "Gross Profit": 374,
        "Operating Income": 134,
        "EBIT": 203,
        "Net Income": 55
    },
    "2018-03-31": {
        "Diluted EPS": 0.38,
        "Total Revenue": 537,
        "Gross Profit": 355,
        "Operating Income": 125,
        "EBIT": 192,
        "Net Income": 73
    },
    "2017-12-31": {
        "Diluted EPS": 1.29,
        "Total Revenue": 506,
        "Gross Profit": 333,
        "Operating Income": 122,
        "EBIT": 184,
        "Net Income": 245
    },
    "2017-09-30": {
        "Diluted EPS": 0.36,
        "Total Revenue": 498,
        "Gross Profit": 329,
        "Operating Income": 127,
        "EBIT": 187,
        "Net Income": 69
    },
    "2017-06-30": {
        "Diluted EPS": 0.34,
        "Total Revenue": 475,
        "Gross Profit": 323,
        "Operating Income": 116,
        "EBIT": 175,
        "Net Income": 65
    },
    "2017-03-31": {
        "Diluted EPS": 0.33,
        "Total Revenue": 455,
        "Gross Profit": 304,
        "Operating Income": 101,
        "EBIT": 160,
        "Net Income": 62
    },
    "2016-12-31": {
        "Diluted EPS": 0.27,
        "Total Revenue": 436,
        "Gross Profit": 291,
        "Operating Income": 89,
        "EBIT": 145,
        "Net Income": 50
    },
    "2016-09-30": {
        "Diluted EPS": 0.22,
        "Total Revenue": 438,
        "Gross Profit": 296,
        "Operating Income": 96,
        "EBIT": 160,
        "Net Income": 41
    },
    "2016-06-30": {
        "Diluted EPS": 0.09,
        "Total Revenue": 426,
        "Gross Profit": 282,
        "Operating Income": 64,
        "EBIT": 139,
        "Net Income": 17
    },
    "2016-03-31": {
        "Diluted EPS": 0.07,
        "Total Revenue": 406,
        "Gross Profit": 257,
        "Operating Income": 52,
        "EBIT": 126,
        "Net Income": 13
    },
    "2015-12-31": {
        "Diluted EPS": 0.12,
        "Total Revenue": 386,
        "Gross Profit": 247,
        "Operating Income": 49,
        "EBIT": 119,
        "Net Income": 19
    },
    "2015-09-30": {
        "Diluted EPS": -0.02,
        "Total Revenue": 389,
        "Gross Profit": 254,
        "Operating Income": 60,
        "EBIT": 133,
        "Net Income": -4
    },
    "2015-06-30": {
        "Diluted EPS": -0.02,
        "Total Revenue": 379,
        "Gross Profit": 247,
        "Operating Income": 51,
        "EBIT": 122,
        "Net Income": -3
    },
    "2015-03-31": {
        "Diluted EPS": -0.04,
        "Total Revenue": 353,
        "Gross Profit": 228,
        "Operating Income": 37,
        "EBIT": 109,
        "Net Income": -7
    },
    "2014-12-31": {
        "Diluted EPS": -0.06,
        "Total Revenue": 336,
        "Gross Profit": 214,
        "Operating Income": 20,
        "EBIT": 91,
        "Net Income": -13
    },
    "2014-09-30": {
        "Diluted EPS": -0.02,
        "Total Revenue": 338,
        "Gross Profit": 213,
        "Operating Income": 41,
        "EBIT": 109,
        "Net Income": -3
    },
    "2014-06-30": {
        "Diluted EPS": 0.12,
        "Total Revenue": 328,
        "Gross Profit": 195,
        "Operating Income": 32,
        "EBIT": 88,
        "Net Income": 18
    },
    "2014-03-31": {
        "Diluted EPS": -0.13,
        "Total Revenue": 303,
        "Gross Profit": 183,
        "Operating Income": 35,
        "EBIT": 84,
        "Net Income": -15
    },
    "2013-12-31": {
        "Diluted EPS": 0.0,
        "Total Revenue": 292,
        "Gross Profit": 173,
        "Operating Income": 36,
        "EBIT": 82,
        "Net Income": -18
    },
    "2013-09-30": {
        "Diluted EPS": 0.0,
        "Total Revenue": 300,
        "Gross Profit": 184,
        "Operating Income": 49,
        "EBIT": 95,
        "Net Income": -3
    },
    "2013-06-30": {
        "Diluted EPS": 0.0,
        "Total Revenue": 301,
        "Gross Profit": 180,
        "Operating Income": 40,
        "EBIT": 82,
        "Net Income": -8
    },
    "2013-03-31": {
        "Diluted EPS": 0.0,
        "Total Revenue": 291,
        "Gross Profit": 173,
        "Operating Income": 44,
        "EBIT": 89,
        "Net Income": -6
    },
    "2012-12-31": {
        "Diluted EPS": 0.0,
        "Total Revenue": 284,
        "Gross Profit": 172,
        "Operating Income": 43,
        "EBIT": 83,
        "Net Income": -8
    },
    "2012-09-30": {
        "Diluted EPS": 0.0,
        "Total Revenue": 292,
        "Gross Profit": 180,
        "Operating Income": 61,
        "EBIT": 101,
        "Net Income": 11
    },
    "2012-06-30": {
        "Diluted EPS": 0.0,
        "Total Revenue": 191,
        "Gross Profit": 116,
        "Operating Income": 37,
        "EBIT": 63,
        "Net Income": -4
    },
    "2012-03-31": {
        "Diluted EPS": 0.0,
        "Total Revenue": NaN,
        "Gross Profit": NaN,
        "Operating Income": 0,
        "EBIT": 0,
        "Net Income": -9
    },
    "2011-12-31": {
        "Diluted EPS": 0.0,
        "Total Revenue": NaN,
        "Gross Profit": NaN,
        "Operating Income": NaN,
        "EBIT": NaN,
        "Net Income": NaN
    },
    "2010-12-31": {
        "Diluted EPS": 0.0,
        "Total Revenue": NaN,
        "Gross Profit": NaN,
        "Operating Income": NaN,
        "EBIT": NaN,
        "Net Income": NaN
    },
    "2023-09-30": {
        "Tax Effect Of Unusual Items": -87297000.0,
        "Tax Rate For Calcs": 0.21,
        "Normalized EBITDA": 328000000.0,
        "Total Unusual Items": -415700000.0,
        "Total Unusual Items Excluding Goodwill": -415700000.0,
        "Net Income From Continuing Operation Net Minority Interest": -318300000.0,
        "Reconciled Depreciation": 131300000.0,
        "Reconciled Cost Of Revenue": 344800000.0,
        "EBITDA": -87700000.0,
        "EBIT": -219000000.0,
        "Net Interest Income": -69000000.0,
        "Interest Expense": 72700000.0,
        "Interest Income": 5000000.0,
        "Normalized Income": 10103000.0,
        "Net Income From Continuing And Discontinued Operation": -318800000.0,
        "Total Expenses": 790900000.0,
        "Total Operating Income As Reported": -236300000.0,
        "Diluted Average Shares": 193400000.0,
        "Basic Average Shares": 193400000.0,
        "Diluted EPS": -1.65,
        "Basic EPS": -1.65,
        "Diluted NI Availto Com Stockholders": -318800000.0,
        "Net Income Common Stockholders": -318800000.0,
        "Net Income": -318800000.0,
        "Minority Interests": -4300000.0,
        "Net Income Including Noncontrolling Interests": -314400000.0,
        "Net Income Discontinuous Operations": -500000.0,
        "Net Income Continuous Operations": -313900000.0,
        "Tax Provision": 22200000.0,
        "Pretax Income": -291700000.0,
        "Other Income Expense": -400300000.0,
        "Other Non Operating Income Expenses": 11700000.0,
        "Special Income Charges": -415700000.0,
        "Impairment Of Capital Assets": 414000000.0,
        "Restructuring And Mergern Acquisition": 1700000.0,
        "Earnings From Equity Interest": 3700000.0,
        "Net Non Operating Interest Income Expense": -69000000.0,
        "Total Other Finance Cost": 1300000.0,
        "Interest Expense Non Operating": 72700000.0,
        "Interest Income Non Operating": 5000000.0,
        "Operating Income": 177800000.0,
        "Operating Expense": 446100000.0,
        "Depreciation Amortization Depletion Income Statement": 131300000.0,
        "Depreciation And Amortization In Income Statement": 131300000.0,
        "Selling General And Administration": 314800000.0,
        "Gross Profit": 623900000.0,
        "Cost Of Revenue": 344800000.0,
        "Total Revenue": 968700000.0,
        "Operating Revenue": 968700000.0
    },
    "2023-12-31": {
        "Tax Effect Of Unusual Items": 630000.0,
        "Tax Rate For Calcs": 0.21,
        "Normalized EBITDA": 276500000.0,
        "Total Unusual Items": 3000000.0,
        "Total Unusual Items Excluding Goodwill": 3000000.0,
        "Net Income From Continuing Operation Net Minority Interest": 87000000.0,
        "Reconciled Depreciation": 133300000.0,
        "Reconciled Cost Of Revenue": 444100000.0,
        "EBITDA": 279500000.0,
        "EBIT": 146200000.0,
        "Net Interest Income": -72400000.0,
        "Interest Expense": 71000000.0,
        "Interest Income": 5600000.0,
        "Normalized Income": 84630000.0,
        "Net Income From Continuing And Discontinued Operation": 87000000.0,
        "Total Expenses": 817700000.0,
        "Total Operating Income As Reported": 142200000.0,
        "Diluted Average Shares": 194300000.0,
        "Basic Average Shares": 193700000.0,
        "Diluted EPS": 0.03,
        "Basic EPS": 0.03,
        "Diluted NI Availto Com Stockholders": 87000000.0,
        "Net Income Common Stockholders": 87000000.0,
        "Net Income": 87000000.0,
        "Minority Interests": -3500000.0,
        "Net Income Including Noncontrolling Interests": 90500000.0,
        "Net Income Discontinuous Operations": 0.0,
        "Net Income Continuous Operations": 90500000.0,
        "Tax Provision": -15400000.0,
        "Pretax Income": 75200000.0,
        "Other Income Expense": 10900000.0,
        "Other Non Operating Income Expenses": 3300000.0,
        "Special Income Charges": 3000000.0,
        "Impairment Of Capital Assets": -81000000.0,
        "Restructuring And Mergern Acquisition": 78000000.0,
        "Earnings From Equity Interest": 4600000.0,
        "Net Non Operating Interest Income Expense": -72400000.0,
        "Total Other Finance Cost": 7000000.0,
        "Interest Expense Non Operating": 71000000.0,
        "Interest Income Non Operating": 5600000.0,
        "Operating Income": 136600000.0,
        "Operating Expense": 373600000.0,
        "Depreciation Amortization Depletion Income Statement": 133300000.0,
        "Depreciation And Amortization In Income Statement": 133300000.0,
        "Selling General And Administration": 240300000.0,
        "Gross Profit": 510200000.0,
        "Cost Of Revenue": 444100000.0,
        "Total Revenue": 954300000.0,
        "Operating Revenue": 954300000.0
    },
    "2024-03-31": {
        "Tax Effect Of Unusual Items": -3202800.0,
        "Tax Rate For Calcs": 0.157,
        "Normalized EBITDA": 306100000.0,
        "Total Unusual Items": -20400000.0,
        "Total Unusual Items Excluding Goodwill": -20400000.0,
        "Net Income From Continuing Operation Net Minority Interest": 65100000.0,
        "Reconciled Depreciation": 134000000.0,
        "Reconciled Cost Of Revenue": 406300000.0,
        "EBITDA": 285700000.0,
        "EBIT": 151700000.0,
        "Net Interest Income": -67000000.0,
        "Interest Expense": 68700000.0,
        "Interest Income": 5400000.0,
        "Normalized Income": 82297200.0,
        "Net Income From Continuing And Discontinued Operation": 65100000.0,
        "Total Expenses": 845900000.0,
        "Total Operating Income As Reported": 157200000.0,
        "Diluted Average Shares": 195300000.0,
        "Basic Average Shares": 194100000.0,
        "Diluted EPS": 0.33,
        "Basic EPS": 0.34,
        "Diluted NI Availto Com Stockholders": 65100000.0,
        "Net Income Common Stockholders": 65100000.0,
        "Net Income": 65100000.0,
        "Minority Interests": -4900000.0,
        "Net Income Including Noncontrolling Interests": 70000000.0,
        "Net Income Discontinuous Operations": 0.0,
        "Net Income Continuous Operations": 70000000.0,
        "Tax Provision": 13000000.0,
        "Pretax Income": 83000000.0,
        "Other Income Expense": -25500000.0,
        "Other Non Operating Income Expenses": -9800000.0,
        "Special Income Charges": -20400000.0,
        "Impairment Of Capital Assets": NaN,
        "Restructuring And Mergern Acquisition": 20400000.0,
        "Earnings From Equity Interest": 4700000.0,
        "Net Non Operating Interest Income Expense": -67000000.0,
        "Total Other Finance Cost": 3700000.0,
        "Interest Expense Non Operating": 68700000.0,
        "Interest Income Non Operating": 5400000.0,
        "Operating Income": 175300000.0,
        "Operating Expense": 439600000.0,
        "Depreciation Amortization Depletion Income Statement": 134000000.0,
        "Depreciation And Amortization In Income Statement": 134000000.0,
        "Selling General And Administration": 305600000.0,
        "Gross Profit": 614900000.0,
        "Cost Of Revenue": 406300000.0,
        "Total Revenue": 1021200000.0,
        "Operating Revenue": 1021200000.0
    },
    "2024-06-30": {
        "Tax Effect Of Unusual Items": -2388566.694283,
        "Tax Rate For Calcs": 0.256835,
        "Normalized EBITDA": 330800000.0,
        "Total Unusual Items": -9300000.0,
        "Total Unusual Items Excluding Goodwill": -9300000.0,
        "Net Income From Continuing Operation Net Minority Interest": 85000000.0,
        "Reconciled Depreciation": 132900000.0,
        "Reconciled Cost Of Revenue": 406700000.0,
        "EBITDA": 321500000.0,
        "EBIT": 188600000.0,
        "Net Interest Income": -67800000.0,
        "Interest Expense": 67900000.0,
        "Interest Income": 6700000.0,
        "Normalized Income": 91911433.305717,
        "Net Income From Continuing And Discontinued Operation": 85000000.0,
        "Total Expenses": 850400000.0,
        "Total Operating Income As Reported": 182400000.0,
        "Diluted Average Shares": 195200000.0,
        "Basic Average Shares": 194200000.0,
        "Diluted EPS": 0.44,
        "Basic EPS": 0.44,
        "Diluted NI Availto Com Stockholders": 85000000.0,
        "Net Income Common Stockholders": 85000000.0,
        "Net Income": 85000000.0,
        "Minority Interests": -4700000.0,
        "Net Income Including Noncontrolling Interests": 89700000.0,
        "Net Income Discontinuous Operations": 0.0,
        "Net Income Continuous Operations": 89700000.0,
        "Tax Provision": 31000000.0,
        "Pretax Income": 120700000.0,
        "Other Income Expense": -2000000.0,
        "Other Non Operating Income Expenses": 2700000.0,
        "Special Income Charges": -9300000.0,
        "Impairment Of Capital Assets": NaN,
        "Restructuring And Mergern Acquisition": 9300000.0,
        "Earnings From Equity Interest": 4600000.0,
        "Net Non Operating Interest Income Expense": -67800000.0,
        "Total Other Finance Cost": 6600000.0,
        "Interest Expense Non Operating": 67900000.0,
        "Interest Income Non Operating": 6700000.0,
        "Operating Income": 190400000.0,
        "Operating Expense": 443700000.0,
        "Depreciation Amortization Depletion Income Statement": 132900000.0,
        "Depreciation And Amortization In Income Statement": 132900000.0,
        "Selling General And Administration": 310800000.0,
        "Gross Profit": 634100000.0,
        "Cost Of Revenue": 406700000.0,
        "Total Revenue": 1040800000.0,
        "Operating Revenue": 1040800000.0
    }
}