{
    "2023-03-31": {
        "Tax Effect Of Unusual Items": 0.0,
        "Tax Rate For Calcs": 0.21,
        "Normalized EBITDA": -16067000.0,
        "Total Unusual Items": NaN,
        "Total Unusual Items Excluding Goodwill": NaN,
        "Net Income From Continuing Operation Net Minority Interest": -19565000.0,
        "Reconciled Depreciation": 5100000.0,
        "Reconciled Cost Of Revenue": 2937000.0,
        "EBITDA": -16067000.0,
        "EBIT": -21167000.0,
        "Net Interest Income": 1608000.0,
        "Interest Income": 1608000.0,
        "Normalized Income": -19565000.0,
        "Net Income From Continuing And Discontinued Operation": -19565000.0,
        "Total Expenses": 58147000.0,
        "Total Operating Income As Reported": -21167000.0,
        "Diluted Average Shares": 88647000.0,
        "Basic Average Shares": 88647000.0,
        "Diluted EPS": -0.22,
        "Basic EPS": -0.22,
        "Diluted NI Availto Com Stockholders": -19565000.0,
        "Net Income Common Stockholders": -19565000.0,
        "Net Income": -19565000.0,
        "Net Income Including Noncontrolling Interests": -19565000.0,
        "Net Income Discontinuous Operations": NaN,
        "Net Income Continuous Operations": -19565000.0,
        "Tax Provision": 6000.0,
        "Pretax Income": -19559000.0,
        "Other Income Expense": NaN,
        "Special Income Charges": NaN,
        "Impairment Of Capital Assets": NaN,
        "Earnings From Equity Interest": 0.0,
        "Net Non Operating Interest Income Expense": 1608000.0,
        "Interest Income Non Operating": 1608000.0,
        "Operating Income": -21167000.0,
        "Operating Expense": 54301000.0,
        "Depreciation Amortization Depletion Income Statement": 4191000.0,
        "Depreciation And Amortization In Income Statement": 4191000.0,
        "Research And Development": 12498000.0,
        "Selling General And Administration": 37612000.0,
        "Selling And Marketing Expense": 26766000.0,
        "General And Administrative Expense": 10846000.0,
        "Other Gand A": 10846000.0,
        "Gross Profit": 33134000.0,
        "Cost Of Revenue": 3846000.0,
        "Total Revenue": 36980000.0,
        "Operating Revenue": 36870000.0
    },
    "2022-12-31": {
        "Tax Effect Of Unusual Items": NaN,
        "Tax Rate For Calcs": NaN,
        "Normalized EBITDA": NaN,
        "Total Unusual Items": 0.0,
        "Total Unusual Items Excluding Goodwill": 0.0,
        "Net Income From Continuing Operation Net Minority Interest": NaN,
        "Reconciled Depreciation": NaN,
        "Reconciled Cost Of Revenue": NaN,
        "EBITDA": NaN,
        "EBIT": NaN,
        "Net Interest Income": NaN,
        "Interest Income": NaN,
        "Normalized Income": NaN,
        "Net Income From Continuing And Discontinued Operation": NaN,
        "Total Expenses": NaN,
        "Total Operating Income As Reported": NaN,
        "Diluted Average Shares": NaN,
        "Basic Average Shares": NaN,
        "Diluted EPS": NaN,
        "Basic EPS": NaN,
        "Diluted NI Availto Com Stockholders": NaN,
        "Net Income Common Stockholders": NaN,
        "Net Income": NaN,
        "Net Income Including Noncontrolling Interests": NaN,
        "Net Income Discontinuous Operations": 0.0,
        "Net Income Continuous Operations": NaN,
        "Tax Provision": NaN,
        "Pretax Income": NaN,
        "Other Income Expense": 40000.0,
        "Special Income Charges": 0.0,
        "Impairment Of Capital Assets": 0.0,
        "Earnings From Equity Interest": 0.0,
        "Net Non Operating Interest Income Expense": NaN,
        "Interest Income Non Operating": NaN,
        "Operating Income": NaN,
        "Operating Expense": NaN,
        "Depreciation Amortization Depletion Income Statement": NaN,
        "Depreciation And Amortization In Income Statement": NaN,
        "Research And Development": NaN,
        "Selling General And Administration": NaN,
        "Selling And Marketing Expense": NaN,
        "General And Administrative Expense": NaN,
        "Other Gand A": NaN,
        "Gross Profit": NaN,
        "Cost Of Revenue": NaN,
        "Total Revenue": NaN,
        "Operating Revenue": NaN
    },
    "2022-09-30": {
        "Tax Effect Of Unusual Items": NaN,
        "Tax Rate For Calcs": NaN,
        "Normalized EBITDA": NaN,
        "Total Unusual Items": -59775000.0,
        "Total Unusual Items Excluding Goodwill": -59775000.0,
        "Net Income From Continuing Operation Net Minority Interest": NaN,
        "Reconciled Depreciation": NaN,
        "Reconciled Cost Of Revenue": NaN,
        "EBITDA": NaN,
        "EBIT": NaN,
        "Net Interest Income": NaN,
        "Interest Income": NaN,
        "Normalized Income": NaN,
        "Net Income From Continuing And Discontinued Operation": NaN,
        "Total Expenses": NaN,
        "Total Operating Income As Reported": NaN,
        "Diluted Average Shares": 90687000.0,
        "Basic Average Shares": 90687000.0,
        "Diluted EPS": -0.85,
        "Basic EPS": -0.85,
        "Diluted NI Availto Com Stockholders": NaN,
        "Net Income Common Stockholders": NaN,
        "Net Income": NaN,
        "Net Income Including Noncontrolling Interests": NaN,
        "Net Income Discontinuous Operations": 0.0,
        "Net Income Continuous Operations": NaN,
        "Tax Provision": NaN,
        "Pretax Income": NaN,
        "Other Income Expense": -59775000.0,
        "Special Income Charges": -59775000.0,
        "Gain On Sale Of Business": 0.0,
        "Impairment Of Capital Assets": 59775000.0,
        "Earnings From Equity Interest": NaN,
        "Net Non Operating Interest Income Expense": NaN,
        "Interest Income Non Operating": NaN,
        "Operating Income": NaN,
        "Operating Expense": NaN,
        "Depreciation Amortization Depletion Income Statement": NaN,
        "Depreciation And Amortization In Income Statement": NaN,
        "Research And Development": NaN,
        "Selling General And Administration": NaN,
        "Selling And Marketing Expense": NaN,
        "General And Administrative Expense": NaN,
        "Other Gand A": NaN,
        "Gross Profit": NaN,
        "Cost Of Revenue": NaN,
        "Total Revenue": NaN,
        "Operating Revenue": NaN
    },
    "2022-06-30": {
        "Tax Effect Of Unusual Items": 0.0,
        "Tax Rate For Calcs": 0.189362,
        "Normalized EBITDA": -9124000.0,
        "Total Unusual Items": NaN,
        "Total Unusual Items Excluding Goodwill": NaN,
        "Net Income From Continuing Operation Net Minority Interest": -11019000.0,
        "Reconciled Depreciation": 4844000.0,
        "Reconciled Cost Of Revenue": 2758000.0,
        "EBITDA": -9124000.0,
        "EBIT": -13968000.0,
        "Net Interest Income": 279000.0,
        "Interest Income": 279000.0,
        "Normalized Income": -11019000.0,
        "Net Income From Continuing And Discontinued Operation": -11019000.0,
        "Total Expenses": 56243000.0,
        "Total Operating Income As Reported": -13968000.0,
        "Diluted Average Shares": 91016000.0,
        "Basic Average Shares": 91016000.0,
        "Diluted EPS": -0.12,
        "Basic EPS": -0.12,
        "Diluted NI Availto Com Stockholders": -11019000.0,
        "Net Income Common Stockholders": -11019000.0,
        "Net Income": -11019000.0,
        "Net Income Including Noncontrolling Interests": -11019000.0,
        "Net Income Discontinuous Operations": 0.0,
        "Net Income Continuous Operations": -11019000.0,
        "Tax Provision": -2574000.0,
        "Pretax Income": -13593000.0,
        "Other Income Expense": 96000.0,
        "Special Income Charges": NaN,
        "Gain On Sale Of Business": NaN,
        "Impairment Of Capital Assets": NaN,
        "Earnings From Equity Interest": 96000.0,
        "Net Non Operating Interest Income Expense": 279000.0,
        "Interest Income Non Operating": 279000.0,
        "Operating Income": -13968000.0,
        "Operating Expense": 52426000.0,
        "Depreciation Amortization Depletion Income Statement": 3785000.0,
        "Depreciation And Amortization In Income Statement": 3785000.0,
        "Research And Development": 11380000.0,
        "Selling General And Administration": 37261000.0,
        "Selling And Marketing Expense": 26324000.0,
        "General And Administrative Expense": 10937000.0,
        "Other Gand A": 10937000.0,
        "Gross Profit": 38458000.0,
        "Cost Of Revenue": 3817000.0,
        "Total Revenue": 42275000.0,
        "Operating Revenue": 42101000.0
    },
    "2022-03-31": {
        "Diluted EPS": -0.13,
        "Total Revenue": 44,
        "Gross Profit": 39,
        "Operating Income": -14,
        "EBIT": -9,
        "Net Income": -12
    },
    "2021-12-31": {
        "Diluted EPS": -0.16,
        "Total Revenue": 46,
        "Gross Profit": 41,
        "Operating Income": -11,
        "EBIT": -7,
        "Net Income": -16
    },
    "2021-09-30": {
        "Diluted EPS": -0.07,
        "Total Revenue": 55,
        "Gross Profit": 49,
        "Operating Income": -7,
        "EBIT": -2,
        "Net Income": -7
    },
    "2021-06-30": {
        "Diluted EPS": -0.07,
        "Total Revenue": 66,
        "Gross Profit": 60,
        "Operating Income": -7,
        "EBIT": -1,
        "Net Income": -7
    },
    "2021-03-31": {
        "Diluted EPS": -0.09,
        "Total Revenue": 65,
        "Gross Profit": 60,
        "Operating Income": -9,
        "EBIT": -3,
        "Net Income": -8
    },
    "2020-12-31": {
        "Diluted EPS": 0.82,
        "Total Revenue": 64,
        "Gross Profit": 59,
        "Operating Income": -7,
        "EBIT": -1,
        "Net Income": 87
    },
    "2020-09-30": {
        "Diluted EPS": 0.11,
        "Total Revenue": 77,
        "Gross Profit": 73,
        "Operating Income": 10,
        "EBIT": 24,
        "Net Income": 12
    },
    "2020-06-30": {
        "Diluted EPS": -0.11,
        "Total Revenue": 59,
        "Gross Profit": 53,
        "Operating Income": -11,
        "EBIT": -12,
        "Net Income": -11
    },
    "2020-03-31": {
        "Diluted EPS": -0.1,
        "Total Revenue": 79,
        "Gross Profit": 73,
        "Operating Income": -11,
        "EBIT": 4,
        "Net Income": -11
    },
    "2019-12-31": {
        "Diluted EPS": -0.08,
        "Total Revenue": 76,
        "Gross Profit": 72,
        "Operating Income": -12,
        "EBIT": -5,
        "Net Income": -9
    },
    "2019-09-30": {
        "Diluted EPS": -0.07,
        "Total Revenue": 86,
        "Gross Profit": 79,
        "Operating Income": -9,
        "EBIT": -5,
        "Net Income": -8
    },
    "2019-06-30": {
        "Diluted EPS": -0.23,
        "Total Revenue": 88,
        "Gross Profit": 80,
        "Operating Income": -25,
        "EBIT": -16,
        "Net Income": -24
    },
    "2019-03-31": {
        "Diluted EPS": -0.14,
        "Total Revenue": 86,
        "Gross Profit": 77,
        "Operating Income": -15,
        "EBIT": -7,
        "Net Income": -14
    },
    "2018-12-31": {
        "Diluted EPS": -0.06,
        "Total Revenue": 73,
        "Gross Profit": 69,
        "Operating Income": -11,
        "EBIT": -10,
        "Net Income": -6
    },
    "2018-09-30": {
        "Diluted EPS": -0.06,
        "Total Revenue": 94,
        "Gross Profit": 86,
        "Operating Income": -7,
        "EBIT": -1,
        "Net Income": -6
    },
    "2018-06-30": {
        "Diluted EPS": -0.07,
        "Total Revenue": 88,
        "Gross Profit": 80,
        "Operating Income": -7,
        "EBIT": -1,
        "Net Income": -7
    },
    "2018-03-31": {
        "Diluted EPS": -0.09,
        "Total Revenue": 81,
        "Gross Profit": 74,
        "Operating Income": -9,
        "EBIT": -4,
        "Net Income": -9
    },
    "2017-12-31": {
        "Diluted EPS": -0.08,
        "Total Revenue": 83,
        "Gross Profit": 76,
        "Operating Income": -11,
        "EBIT": -6,
        "Net Income": -8
    },
    "2017-09-30": {
        "Diluted EPS": -0.1,
        "Total Revenue": 82,
        "Gross Profit": 75,
        "Operating Income": -9,
        "EBIT": -3,
        "Net Income": -10
    },
    "2017-06-30": {
        "Diluted EPS": -0.09,
        "Total Revenue": 82,
        "Gross Profit": 75,
        "Operating Income": -7,
        "EBIT": -2,
        "Net Income": -8
    },
    "2017-03-31": {
        "Diluted EPS": -0.08,
        "Total Revenue": 76,
        "Gross Profit": 69,
        "Operating Income": -6,
        "EBIT": 0,
        "Net Income": -7
    },
    "2016-12-31": {
        "Diluted EPS": -0.09,
        "Total Revenue": 74,
        "Gross Profit": 68,
        "Operating Income": -7,
        "EBIT": -2,
        "Net Income": -8
    },
    "2016-09-30": {
        "Diluted EPS": -0.09,
        "Total Revenue": 75,
        "Gross Profit": 69,
        "Operating Income": -7,
        "EBIT": -1,
        "Net Income": -7
    },
    "2016-06-30": {
        "Diluted EPS": -0.17,
        "Total Revenue": 66,
        "Gross Profit": 60,
        "Operating Income": -14,
        "EBIT": -8,
        "Net Income": -15
    },
    "2016-03-31": {
        "Diluted EPS": -0.14,
        "Total Revenue": 62,
        "Gross Profit": 56,
        "Operating Income": -11,
        "EBIT": -5,
        "Net Income": -12
    },
    "2015-12-31": {
        "Diluted EPS": -0.34,
        "Total Revenue": 64,
        "Gross Profit": 58,
        "Operating Income": -27,
        "EBIT": -22,
        "Net Income": -27
    },
    "2015-09-30": {
        "Diluted EPS": -0.13,
        "Total Revenue": 72,
        "Gross Profit": 66,
        "Operating Income": -11,
        "EBIT": -6,
        "Net Income": -11
    },
    "2015-06-30": {
        "Diluted EPS": -0.18,
        "Total Revenue": 65,
        "Gross Profit": 59,
        "Operating Income": -15,
        "EBIT": -10,
        "Net Income": -15
    },
    "2015-03-31": {
        "Diluted EPS": -0.14,
        "Total Revenue": 59,
        "Gross Profit": 53,
        "Operating Income": -11,
        "EBIT": -8,
        "Net Income": -12
    },
    "2014-12-31": {
        "Diluted EPS": -0.11,
        "Total Revenue": 55,
        "Gross Profit": 50,
        "Operating Income": -10,
        "EBIT": -6,
        "Net Income": -10
    },
    "2014-09-30": {
        "Diluted EPS": -0.18,
        "Total Revenue": 57,
        "Gross Profit": 52,
        "Operating Income": -14,
        "EBIT": -10,
        "Net Income": -14
    },
    "2014-06-30": {
        "Diluted EPS": -0.22,
        "Total Revenue": 50,
        "Gross Profit": 46,
        "Operating Income": -15,
        "EBIT": -12,
        "Net Income": -15
    },
    "2014-03-31": {
        "Diluted EPS": -0.17,
        "Total Revenue": 44,
        "Gross Profit": 40,
        "Operating Income": -10,
        "EBIT": -7,
        "Net Income": -10
    },
    "2013-12-31": {
        "Diluted EPS": -0.13,
        "Total Revenue": 40,
        "Gross Profit": 36,
        "Operating Income": -7,
        "EBIT": -5,
        "Net Income": -8
    },
    "2013-09-30": {
        "Diluted EPS": -0.08,
        "Total Revenue": 38,
        "Gross Profit": 34,
        "Operating Income": -4,
        "EBIT": -2,
        "Net Income": -5
    },
    "2013-06-30": {
        "Diluted EPS": -0.07,
        "Total Revenue": 31,
        "Gross Profit": 28,
        "Operating Income": -3,
        "EBIT": 0,
        "Net Income": -4
    },
    "2013-03-31": {
        "Diluted EPS": -0.16,
        "Total Revenue": 25,
        "Gross Profit": 21,
        "Operating Income": -8,
        "EBIT": -5,
        "Net Income": -9
    },
    "2012-12-31": {
        "Diluted EPS": 0.0,
        "Total Revenue": NaN,
        "Gross Profit": NaN,
        "Operating Income": NaN,
        "EBIT": NaN,
        "Net Income": NaN
    },
    "2011-12-31": {
        "Diluted EPS": 0.0,
        "Total Revenue": NaN,
        "Gross Profit": NaN,
        "Operating Income": NaN,
        "EBIT": NaN,
        "Net Income": NaN
    },
    "2023-06-30": {
        "Tax Effect Of Unusual Items": 0.0,
        "Tax Rate For Calcs": 0.21,
        "Normalized EBITDA": -17272000.0,
        "Total Unusual Items": NaN,
        "Total Unusual Items Excluding Goodwill": NaN,
        "Net Income From Continuing Operation Net Minority Interest": -20424000.0,
        "Reconciled Depreciation": 4875000.0,
        "Reconciled Cost Of Revenue": 3147000.0,
        "EBITDA": -17272000.0,
        "EBIT": -22147000.0,
        "Net Interest Income": 1730000.0,
        "Interest Income": 1730000.0,
        "Normalized Income": -20424000.0,
        "Net Income From Continuing And Discontinued Operation": -20424000.0,
        "Total Expenses": 61440000.0,
        "Total Operating Income As Reported": -22147000.0,
        "Diluted Average Shares": 89383000.0,
        "Basic Average Shares": 89383000.0,
        "Diluted EPS": -0.23,
        "Basic EPS": -0.23,
        "Diluted NI Availto Com Stockholders": -20424000.0,
        "Net Income Common Stockholders": -20424000.0,
        "Net Income": -20424000.0,
        "Net Income Including Noncontrolling Interests": -20424000.0,
        "Net Income Discontinuous Operations": NaN,
        "Net Income Continuous Operations": -20424000.0,
        "Tax Provision": 7000.0,
        "Pretax Income": -20417000.0,
        "Other Income Expense": NaN,
        "Special Income Charges": NaN,
        "Impairment Of Capital Assets": NaN,
        "Earnings From Equity Interest": 0.0,
        "Net Non Operating Interest Income Expense": 1730000.0,
        "Interest Income Non Operating": 1730000.0,
        "Operating Income": -22147000.0,
        "Operating Expense": 57509000.0,
        "Depreciation Amortization Depletion Income Statement": 4091000.0,
        "Depreciation And Amortization In Income Statement": 4091000.0,
        "Research And Development": 13510000.0,
        "Selling General And Administration": 39908000.0,
        "Selling And Marketing Expense": 27180000.0,
        "General And Administrative Expense": 12728000.0,
        "Other Gand A": 12728000.0,
        "Gross Profit": 35362000.0,
        "Cost Of Revenue": 3931000.0,
        "Total Revenue": 39293000.0,
        "Operating Revenue": 39161000.0
    },
    "2023-09-30": {
        "Tax Effect Of Unusual Items": 0.0,
        "Tax Rate For Calcs": 0.21,
        "Normalized EBITDA": -4029000.0,
        "Total Unusual Items": 0.0,
        "Total Unusual Items Excluding Goodwill": 0.0,
        "Net Income From Continuing Operation Net Minority Interest": -7875000.0,
        "Reconciled Depreciation": 5551000.0,
        "Reconciled Cost Of Revenue": 3156000.0,
        "EBITDA": -4029000.0,
        "EBIT": -9580000.0,
        "Net Interest Income": 1706000.0,
        "Interest Income": 1706000.0,
        "Normalized Income": -7875000.0,
        "Net Income From Continuing And Discontinued Operation": -7875000.0,
        "Total Expenses": 50726000.0,
        "Total Operating Income As Reported": -9580000.0,
        "Diluted Average Shares": 90176000.0,
        "Basic Average Shares": 90176000.0,
        "Diluted EPS": -0.09,
        "Basic EPS": -0.09,
        "Diluted NI Availto Com Stockholders": -7875000.0,
        "Net Income Common Stockholders": -7875000.0,
        "Net Income": -7875000.0,
        "Net Income Including Noncontrolling Interests": -7875000.0,
        "Net Income Discontinuous Operations": NaN,
        "Net Income Continuous Operations": -7875000.0,
        "Tax Provision": 1000.0,
        "Pretax Income": -7874000.0,
        "Other Income Expense": NaN,
        "Special Income Charges": 0.0,
        "Impairment Of Capital Assets": 0.0,
        "Earnings From Equity Interest": 0.0,
        "Net Non Operating Interest Income Expense": 1706000.0,
        "Interest Income Non Operating": 1706000.0,
        "Operating Income": -9580000.0,
        "Operating Expense": 46913000.0,
        "Depreciation Amortization Depletion Income Statement": 4894000.0,
        "Depreciation And Amortization In Income Statement": 4894000.0,
        "Research And Development": 9341000.0,
        "Selling General And Administration": 32678000.0,
        "Selling And Marketing Expense": 23153000.0,
        "General And Administrative Expense": 9525000.0,
        "Other Gand A": 9525000.0,
        "Gross Profit": 37333000.0,
        "Cost Of Revenue": 3813000.0,
        "Total Revenue": 41146000.0,
        "Operating Revenue": 41012000.0
    },
    "2023-12-31": {
        "Tax Effect Of Unusual Items": 0.0,
        "Tax Rate For Calcs": 0.21,
        "Normalized EBITDA": 1582000.0,
        "Total Unusual Items": 0.0,
        "Total Unusual Items Excluding Goodwill": 0.0,
        "Net Income From Continuing Operation Net Minority Interest": -1902000.0,
        "Reconciled Depreciation": 5155000.0,
        "Reconciled Cost Of Revenue": 3634000.0,
        "EBITDA": 1582000.0,
        "EBIT": -3573000.0,
        "Net Interest Income": 1674000.0,
        "Interest Income": 1674000.0,
        "Normalized Income": -1902000.0,
        "Net Income From Continuing And Discontinued Operation": -1902000.0,
        "Total Expenses": 44860000.0,
        "Total Operating Income As Reported": -3573000.0,
        "Diluted Average Shares": NaN,
        "Basic Average Shares": NaN,
        "Diluted EPS": NaN,
        "Basic EPS": NaN,
        "Diluted NI Availto Com Stockholders": -1902000.0,
        "Net Income Common Stockholders": -1902000.0,
        "Net Income": -1902000.0,
        "Net Income Including Noncontrolling Interests": -1902000.0,
        "Net Income Discontinuous Operations": NaN,
        "Net Income Continuous Operations": -1902000.0,
        "Tax Provision": 3000.0,
        "Pretax Income": -1899000.0,
        "Other Income Expense": NaN,
        "Special Income Charges": 0.0,
        "Impairment Of Capital Assets": 0.0,
        "Earnings From Equity Interest": 0.0,
        "Net Non Operating Interest Income Expense": 1674000.0,
        "Interest Income Non Operating": 1674000.0,
        "Operating Income": -3573000.0,
        "Operating Expense": 40594000.0,
        "Depreciation Amortization Depletion Income Statement": 4523000.0,
        "Depreciation And Amortization In Income Statement": 4523000.0,
        "Research And Development": 6898000.0,
        "Selling General And Administration": 29173000.0,
        "Selling And Marketing Expense": 21951000.0,
        "General And Administrative Expense": 7222000.0,
        "Other Gand A": 7222000.0,
        "Gross Profit": 37021000.0,
        "Cost Of Revenue": 4266000.0,
        "Total Revenue": 41287000.0,
        "Operating Revenue": 41154000.0
    },
    "2024-03-31": {
        "Tax Effect Of Unusual Items": 0.0,
        "Tax Rate For Calcs": 0.4,
        "Normalized EBITDA": -2309000.0,
        "Total Unusual Items": NaN,
        "Total Unusual Items Excluding Goodwill": NaN,
        "Net Income From Continuing Operation Net Minority Interest": -5848000.0,
        "Reconciled Depreciation": 5176000.0,
        "Reconciled Cost Of Revenue": 3670000.0,
        "EBITDA": -2309000.0,
        "EBIT": -7485000.0,
        "Net Interest Income": 1644000.0,
        "Interest Income": 1644000.0,
        "Normalized Income": -5848000.0,
        "Net Income From Continuing And Discontinued Operation": -5848000.0,
        "Total Expenses": 48537000.0,
        "Total Operating Income As Reported": -7485000.0,
        "Diluted Average Shares": 91234000.0,
        "Basic Average Shares": 91234000.0,
        "Diluted EPS": -0.06,
        "Basic EPS": -0.06,
        "Diluted NI Availto Com Stockholders": -5848000.0,
        "Net Income Common Stockholders": -5848000.0,
        "Net Income": -5848000.0,
        "Net Income Including Noncontrolling Interests": -5848000.0,
        "Net Income Discontinuous Operations": NaN,
        "Net Income Continuous Operations": -5848000.0,
        "Tax Provision": 7000.0,
        "Pretax Income": -5841000.0,
        "Other Income Expense": NaN,
        "Special Income Charges": NaN,
        "Impairment Of Capital Assets": NaN,
        "Earnings From Equity Interest": NaN,
        "Net Non Operating Interest Income Expense": 1644000.0,
        "Interest Income Non Operating": 1644000.0,
        "Operating Income": -7485000.0,
        "Operating Expense": 44276000.0,
        "Depreciation Amortization Depletion Income Statement": 4585000.0,
        "Depreciation And Amortization In Income Statement": 4585000.0,
        "Research And Development": 8123000.0,
        "Selling General And Administration": 31568000.0,
        "Selling And Marketing Expense": 22082000.0,
        "General And Administrative Expense": 9486000.0,
        "Other Gand A": 9486000.0,
        "Gross Profit": 36791000.0,
        "Cost Of Revenue": 4261000.0,
        "Total Revenue": 41052000.0,
        "Operating Revenue": 40910000.0
    }
}