{
    "2023-03-31": {
        "Tax Effect Of Unusual Items": NaN,
        "Tax Rate For Calcs": NaN,
        "Normalized EBITDA": NaN,
        "Total Unusual Items": NaN,
        "Total Unusual Items Excluding Goodwill": NaN,
        "Net Income From Continuing Operation Net Minority Interest": NaN,
        "Reconciled Depreciation": NaN,
        "Reconciled Cost Of Revenue": NaN,
        "EBITDA": NaN,
        "EBIT": NaN,
        "Net Interest Income": NaN,
        "Interest Expense": NaN,
        "Normalized Income": NaN,
        "Net Income From Continuing And Discontinued Operation": NaN,
        "Total Expenses": NaN,
        "Total Operating Income As Reported": NaN,
        "Diluted Average Shares": NaN,
        "Basic Average Shares": NaN,
        "Diluted EPS": NaN,
        "Basic EPS": NaN,
        "Diluted NI Availto Com Stockholders": NaN,
        "Net Income Common Stockholders": NaN,
        "Net Income": NaN,
        "Net Income Including Noncontrolling Interests": NaN,
        "Net Income Continuous Operations": NaN,
        "Tax Provision": NaN,
        "Pretax Income": NaN,
        "Other Income Expense": NaN,
        "Other Non Operating Income Expenses": NaN,
        "Special Income Charges": NaN,
        "Restructuring And Mergern Acquisition": NaN,
        "Earnings From Equity Interest": NaN,
        "Net Non Operating Interest Income Expense": NaN,
        "Interest Expense Non Operating": NaN,
        "Operating Income": NaN,
        "Operating Expense": NaN,
        "Other Operating Expenses": NaN,
        "Depreciation Amortization Depletion Income Statement": NaN,
        "Depreciation And Amortization In Income Statement": NaN,
        "Research And Development": NaN,
        "Selling General And Administration": NaN,
        "Selling And Marketing Expense": 21642000.0,
        "General And Administrative Expense": NaN,
        "Other Gand A": NaN,
        "Salaries And Wages": NaN,
        "Gross Profit": NaN,
        "Cost Of Revenue": NaN,
        "Total Revenue": NaN,
        "Operating Revenue": NaN
    },
    "2022-12-31": {
        "Tax Effect Of Unusual Items": NaN,
        "Tax Rate For Calcs": NaN,
        "Normalized EBITDA": NaN,
        "Net Income From Continuing Operation Net Minority Interest": NaN,
        "Reconciled Depreciation": NaN,
        "Reconciled Cost Of Revenue": NaN,
        "EBITDA": NaN,
        "EBIT": NaN,
        "Net Interest Income": NaN,
        "Interest Expense": NaN,
        "Normalized Income": NaN,
        "Net Income From Continuing And Discontinued Operation": NaN,
        "Total Expenses": NaN,
        "Total Operating Income As Reported": NaN,
        "Diluted Average Shares": NaN,
        "Basic Average Shares": NaN,
        "Diluted EPS": NaN,
        "Basic EPS": NaN,
        "Diluted NI Availto Com Stockholders": NaN,
        "Net Income Common Stockholders": NaN,
        "Net Income": NaN,
        "Net Income Including Noncontrolling Interests": NaN,
        "Net Income Continuous Operations": NaN,
        "Tax Provision": NaN,
        "Pretax Income": NaN,
        "Other Income Expense": NaN,
        "Other Non Operating Income Expenses": NaN,
        "Earnings From Equity Interest": NaN,
        "Net Non Operating Interest Income Expense": NaN,
        "Interest Expense Non Operating": NaN,
        "Operating Income": NaN,
        "Operating Expense": NaN,
        "Other Operating Expenses": NaN,
        "Depreciation Amortization Depletion Income Statement": NaN,
        "Depreciation And Amortization In Income Statement": NaN,
        "Research And Development": NaN,
        "Selling General And Administration": NaN,
        "Selling And Marketing Expense": 22457000.0,
        "General And Administrative Expense": NaN,
        "Other Gand A": NaN,
        "Salaries And Wages": NaN,
        "Gross Profit": NaN,
        "Cost Of Revenue": NaN,
        "Total Revenue": NaN,
        "Operating Revenue": NaN
    },
    "2022-09-30": {
        "Tax Effect Of Unusual Items": NaN,
        "Tax Rate For Calcs": NaN,
        "Normalized EBITDA": NaN,
        "Net Income From Continuing Operation Net Minority Interest": NaN,
        "Reconciled Depreciation": NaN,
        "Reconciled Cost Of Revenue": NaN,
        "EBITDA": NaN,
        "EBIT": NaN,
        "Net Interest Income": NaN,
        "Interest Expense": NaN,
        "Normalized Income": NaN,
        "Net Income From Continuing And Discontinued Operation": NaN,
        "Total Expenses": NaN,
        "Total Operating Income As Reported": NaN,
        "Diluted Average Shares": NaN,
        "Basic Average Shares": NaN,
        "Diluted EPS": NaN,
        "Basic EPS": NaN,
        "Diluted NI Availto Com Stockholders": NaN,
        "Net Income Common Stockholders": NaN,
        "Net Income": NaN,
        "Net Income Including Noncontrolling Interests": NaN,
        "Net Income Continuous Operations": NaN,
        "Tax Provision": NaN,
        "Pretax Income": NaN,
        "Other Income Expense": NaN,
        "Other Non Operating Income Expenses": NaN,
        "Earnings From Equity Interest": NaN,
        "Net Non Operating Interest Income Expense": NaN,
        "Interest Expense Non Operating": NaN,
        "Operating Income": NaN,
        "Operating Expense": NaN,
        "Other Operating Expenses": NaN,
        "Depreciation Amortization Depletion Income Statement": NaN,
        "Depreciation And Amortization In Income Statement": NaN,
        "Research And Development": NaN,
        "Selling General And Administration": NaN,
        "Selling And Marketing Expense": 22434000.0,
        "General And Administrative Expense": NaN,
        "Other Gand A": NaN,
        "Salaries And Wages": NaN,
        "Gross Profit": NaN,
        "Cost Of Revenue": NaN,
        "Total Revenue": NaN,
        "Operating Revenue": NaN
    },
    "2022-06-30": {
        "Tax Effect Of Unusual Items": 0.0,
        "Tax Rate For Calcs": 0.4,
        "Normalized EBITDA": -9699000.0,
        "Net Income From Continuing Operation Net Minority Interest": -13618000.0,
        "Reconciled Depreciation": 2707000.0,
        "Reconciled Cost Of Revenue": 190828000.0,
        "EBITDA": -9699000.0,
        "EBIT": -12406000.0,
        "Net Interest Income": -1193000.0,
        "Interest Expense": 1193000.0,
        "Normalized Income": -13618000.0,
        "Net Income From Continuing And Discontinued Operation": -13618000.0,
        "Total Expenses": 232140000.0,
        "Total Operating Income As Reported": -12771000.0,
        "Diluted Average Shares": 40738738.0,
        "Basic Average Shares": 40738738.0,
        "Diluted EPS": -0.33,
        "Basic EPS": -0.33,
        "Diluted NI Availto Com Stockholders": -13618000.0,
        "Net Income Common Stockholders": -13618000.0,
        "Net Income": -13618000.0,
        "Net Income Including Noncontrolling Interests": -13618000.0,
        "Net Income Continuous Operations": -13618000.0,
        "Tax Provision": 19000.0,
        "Pretax Income": -13599000.0,
        "Other Income Expense": 323000.0,
        "Other Non Operating Income Expenses": 365000.0,
        "Earnings From Equity Interest": -42000.0,
        "Net Non Operating Interest Income Expense": -1193000.0,
        "Interest Expense Non Operating": 1193000.0,
        "Operating Income": -12729000.0,
        "Operating Expense": 41312000.0,
        "Depreciation Amortization Depletion Income Statement": 2707000.0,
        "Depreciation And Amortization In Income Statement": 2707000.0,
        "Research And Development": 6396000.0,
        "Selling General And Administration": 32209000.0,
        "Selling And Marketing Expense": 22982000.0,
        "General And Administrative Expense": 9227000.0,
        "Other Gand A": 9227000.0,
        "Salaries And Wages": NaN,
        "Gross Profit": 28583000.0,
        "Cost Of Revenue": 190828000.0,
        "Total Revenue": 219411000.0,
        "Operating Revenue": 145808000.0
    },
    "2023-06-30": {
        "Tax Effect Of Unusual Items": NaN,
        "Tax Rate For Calcs": NaN,
        "Normalized EBITDA": NaN,
        "Total Unusual Items": NaN,
        "Total Unusual Items Excluding Goodwill": NaN,
        "Net Income From Continuing Operation Net Minority Interest": NaN,
        "Reconciled Depreciation": NaN,
        "Reconciled Cost Of Revenue": NaN,
        "EBITDA": NaN,
        "EBIT": NaN,
        "Net Interest Income": NaN,
        "Interest Expense": NaN,
        "Normalized Income": NaN,
        "Net Income From Continuing And Discontinued Operation": NaN,
        "Total Expenses": NaN,
        "Total Operating Income As Reported": NaN,
        "Diluted Average Shares": NaN,
        "Basic Average Shares": NaN,
        "Diluted EPS": NaN,
        "Basic EPS": NaN,
        "Diluted NI Availto Com Stockholders": NaN,
        "Net Income Common Stockholders": NaN,
        "Net Income": NaN,
        "Net Income Including Noncontrolling Interests": NaN,
        "Net Income Continuous Operations": NaN,
        "Tax Provision": NaN,
        "Pretax Income": NaN,
        "Other Income Expense": NaN,
        "Other Non Operating Income Expenses": NaN,
        "Special Income Charges": NaN,
        "Restructuring And Mergern Acquisition": NaN,
        "Earnings From Equity Interest": NaN,
        "Net Non Operating Interest Income Expense": NaN,
        "Interest Expense Non Operating": NaN,
        "Operating Income": NaN,
        "Operating Expense": NaN,
        "Other Operating Expenses": 20769000.0,
        "Depreciation Amortization Depletion Income Statement": NaN,
        "Depreciation And Amortization In Income Statement": NaN,
        "Research And Development": NaN,
        "Selling General And Administration": NaN,
        "Selling And Marketing Expense": 20769000.0,
        "General And Administrative Expense": NaN,
        "Other Gand A": NaN,
        "Salaries And Wages": 2948000.0,
        "Gross Profit": NaN,
        "Cost Of Revenue": NaN,
        "Total Revenue": NaN,
        "Operating Revenue": NaN
    },
    "2022-03-31": {
        "Diluted EPS": -0.22,
        "Total Revenue": 206,
        "Gross Profit": 30,
        "Operating Income": -9,
        "EBIT": -6,
        "Net Income": -9
    },
    "2021-12-31": {
        "Diluted EPS": -0.18,
        "Total Revenue": 194,
        "Gross Profit": 31,
        "Operating Income": -6,
        "EBIT": -3,
        "Net Income": -7
    },
    "2021-09-30": {
        "Diluted EPS": -0.17,
        "Total Revenue": 182,
        "Gross Profit": 28,
        "Operating Income": -7,
        "EBIT": -4,
        "Net Income": -7
    },
    "2021-06-30": {
        "Diluted EPS": -0.23,
        "Total Revenue": 168,
        "Gross Profit": 25,
        "Operating Income": -10,
        "EBIT": -6,
        "Net Income": -9
    },
    "2021-03-31": {
        "Diluted EPS": -0.31,
        "Total Revenue": 155,
        "Gross Profit": 21,
        "Operating Income": -13,
        "EBIT": -10,
        "Net Income": -12
    },
    "2020-12-31": {
        "Diluted EPS": -0.1,
        "Total Revenue": 143,
        "Gross Profit": 24,
        "Operating Income": -3,
        "EBIT": -1,
        "Net Income": -4
    },
    "2020-09-30": {
        "Diluted EPS": -0.07,
        "Total Revenue": 130,
        "Gross Profit": 21,
        "Operating Income": -2,
        "EBIT": -1,
        "Net Income": -3
    },
    "2020-06-30": {
        "Diluted EPS": 0.04,
        "Total Revenue": 118,
        "Gross Profit": 20,
        "Operating Income": 2,
        "EBIT": 3,
        "Net Income": 1
    },
    "2020-03-31": {
        "Diluted EPS": -0.03,
        "Total Revenue": 111,
        "Gross Profit": 18,
        "Operating Income": -1,
        "EBIT": 0,
        "Net Income": -1
    },
    "2019-12-31": {
        "Diluted EPS": 0.03,
        "Total Revenue": 105,
        "Gross Profit": 18,
        "Operating Income": 1,
        "EBIT": 2,
        "Net Income": 1
    },
    "2019-09-30": {
        "Diluted EPS": 0.02,
        "Total Revenue": 99,
        "Gross Profit": 17,
        "Operating Income": 1,
        "EBIT": 2,
        "Net Income": 1
    },
    "2019-06-30": {
        "Diluted EPS": -0.06,
        "Total Revenue": 92,
        "Gross Profit": 15,
        "Operating Income": -2,
        "EBIT": -1,
        "Net Income": -2
    },
    "2019-03-31": {
        "Diluted EPS": -0.04,
        "Total Revenue": 87,
        "Gross Profit": 15,
        "Operating Income": -1,
        "EBIT": 0,
        "Net Income": -1
    },
    "2018-12-31": {
        "Diluted EPS": 0.0,
        "Total Revenue": 83,
        "Gross Profit": 14,
        "Operating Income": 0,
        "EBIT": 1,
        "Net Income": 0
    },
    "2018-09-30": {
        "Diluted EPS": 0.03,
        "Total Revenue": 78,
        "Gross Profit": 14,
        "Operating Income": 1,
        "EBIT": 2,
        "Net Income": 1
    },
    "2018-06-30": {
        "Diluted EPS": -0.01,
        "Total Revenue": 73,
        "Gross Profit": 12,
        "Operating Income": 0,
        "EBIT": 1,
        "Net Income": 0
    },
    "2018-03-31": {
        "Diluted EPS": -0.05,
        "Total Revenue": 70,
        "Gross Profit": 11,
        "Operating Income": -1,
        "EBIT": -1,
        "Net Income": -1
    },
    "2017-12-31": {
        "Diluted EPS": -0.02,
        "Total Revenue": 67,
        "Gross Profit": 12,
        "Operating Income": -1,
        "EBIT": 0,
        "Net Income": -1
    },
    "2017-09-30": {
        "Diluted EPS": 0.01,
        "Total Revenue": 63,
        "Gross Profit": 12,
        "Operating Income": 0,
        "EBIT": 2,
        "Net Income": 0
    },
    "2017-06-30": {
        "Diluted EPS": 0.01,
        "Total Revenue": 58,
        "Gross Profit": 10,
        "Operating Income": -1,
        "EBIT": 0,
        "Net Income": 0
    },
    "2017-03-31": {
        "Diluted EPS": -0.05,
        "Total Revenue": 55,
        "Gross Profit": 9,
        "Operating Income": -1,
        "EBIT": 0,
        "Net Income": -1
    },
    "2016-12-31": {
        "Diluted EPS": -0.06,
        "Total Revenue": 51,
        "Gross Profit": 9,
        "Operating Income": -2,
        "EBIT": 0,
        "Net Income": -2
    },
    "2016-09-30": {
        "Diluted EPS": -0.06,
        "Total Revenue": 48,
        "Gross Profit": 9,
        "Operating Income": -2,
        "EBIT": 0,
        "Net Income": -2
    },
    "2016-06-30": {
        "Diluted EPS": -0.03,
        "Total Revenue": 46,
        "Gross Profit": 8,
        "Operating Income": -1,
        "EBIT": 0,
        "Net Income": -1
    },
    "2016-03-31": {
        "Diluted EPS": -0.09,
        "Total Revenue": 43,
        "Gross Profit": 7,
        "Operating Income": -3,
        "EBIT": -2,
        "Net Income": -3
    },
    "2015-12-31": {
        "Diluted EPS": -0.1,
        "Total Revenue": 40,
        "Gross Profit": 7,
        "Operating Income": -3,
        "EBIT": -2,
        "Net Income": -3
    },
    "2015-09-30": {
        "Diluted EPS": -0.17,
        "Total Revenue": 38,
        "Gross Profit": 7,
        "Operating Income": -5,
        "EBIT": -4,
        "Net Income": -5
    },
    "2015-06-30": {
        "Diluted EPS": -0.17,
        "Total Revenue": 36,
        "Gross Profit": 6,
        "Operating Income": -5,
        "EBIT": -4,
        "Net Income": -5
    },
    "2015-03-31": {
        "Diluted EPS": -0.18,
        "Total Revenue": 33,
        "Gross Profit": 6,
        "Operating Income": -5,
        "EBIT": -4,
        "Net Income": -5
    },
    "2014-12-31": {
        "Diluted EPS": 4.24,
        "Total Revenue": 32,
        "Gross Profit": 6,
        "Operating Income": -4,
        "EBIT": -4,
        "Net Income": -4
    },
    "2014-09-30": {
        "Diluted EPS": -0.41,
        "Total Revenue": 30,
        "Gross Profit": 4,
        "Operating Income": -5,
        "EBIT": 0,
        "Net Income": -9
    },
    "2014-06-30": {
        "Diluted EPS": -2.25,
        "Total Revenue": 28,
        "Gross Profit": 5,
        "Operating Income": -4,
        "EBIT": -3,
        "Net Income": -3
    },
    "2014-03-31": {
        "Diluted EPS": -3.22,
        "Total Revenue": 26,
        "Gross Profit": 5,
        "Operating Income": -3,
        "EBIT": -2,
        "Net Income": -5
    },
    "2013-12-31": {
        "Diluted EPS": -2.23,
        "Total Revenue": 24,
        "Gross Profit": 4,
        "Operating Income": -3,
        "EBIT": -2,
        "Net Income": -3
    },
    "2013-09-30": {
        "Diluted EPS": -0.87,
        "Total Revenue": 22,
        "Gross Profit": 4,
        "Operating Income": -1,
        "EBIT": -1,
        "Net Income": -1
    },
    "2013-06-30": {
        "Diluted EPS": -1.32,
        "Total Revenue": 20,
        "Gross Profit": 4,
        "Operating Income": -2,
        "EBIT": -1,
        "Net Income": -2
    },
    "2013-03-31": {
        "Diluted EPS": -1.76,
        "Total Revenue": 18,
        "Gross Profit": 4,
        "Operating Income": -2,
        "EBIT": -2,
        "Net Income": -2
    },
    "2012-12-31": {
        "Diluted EPS": 0.0,
        "Total Revenue": NaN,
        "Gross Profit": NaN,
        "Operating Income": NaN,
        "EBIT": NaN,
        "Net Income": NaN
    },
    "2011-12-31": {
        "Diluted EPS": 0.0,
        "Total Revenue": NaN,
        "Gross Profit": NaN,
        "Operating Income": NaN,
        "EBIT": NaN,
        "Net Income": NaN
    },
    "2023-09-30": {
        "Tax Effect Of Unusual Items": -187348.860015,
        "Tax Rate For Calcs": 0.010542,
        "Normalized EBITDA": 19736000.0,
        "Total Unusual Items": -17772000.0,
        "Total Unusual Items Excluding Goodwill": -17772000.0,
        "Net Income From Continuing Operation Net Minority Interest": -4036000.0,
        "Reconciled Depreciation": 2990000.0,
        "Reconciled Cost Of Revenue": 250620000.0,
        "EBITDA": 1964000.0,
        "EBIT": -1026000.0,
        "Net Interest Income": -3053000.0,
        "Interest Expense": 3053000.0,
        "Normalized Income": 13548651.139985,
        "Net Income From Continuing And Discontinued Operation": -4036000.0,
        "Total Expenses": 271576000.0,
        "Total Operating Income As Reported": -3491000.0,
        "Diluted Average Shares": 41536575.0,
        "Basic Average Shares": 41536575.0,
        "Diluted EPS": -0.1,
        "Basic EPS": -0.1,
        "Diluted NI Availto Com Stockholders": -4036000.0,
        "Net Income Common Stockholders": -4036000.0,
        "Net Income": -4036000.0,
        "Net Income Including Noncontrolling Interests": -4036000.0,
        "Net Income Continuous Operations": -4036000.0,
        "Tax Provision": -43000.0,
        "Pretax Income": -4079000.0,
        "Other Income Expense": -15303000.0,
        "Other Non Operating Income Expenses": 2465000.0,
        "Special Income Charges": -17772000.0,
        "Restructuring And Mergern Acquisition": 17772000.0,
        "Earnings From Equity Interest": 4000.0,
        "Net Non Operating Interest Income Expense": -3053000.0,
        "Interest Expense Non Operating": 3053000.0,
        "Operating Income": 14277000.0,
        "Operating Expense": 20956000.0,
        "Other Operating Expenses": 17772000.0,
        "Depreciation Amortization Depletion Income Statement": 2990000.0,
        "Depreciation And Amortization In Income Statement": 2990000.0,
        "Research And Development": 5302000.0,
        "Selling General And Administration": 12664000.0,
        "Selling And Marketing Expense": NaN,
        "General And Administrative Expense": 12664000.0,
        "Other Gand A": 12664000.0,
        "Salaries And Wages": NaN,
        "Gross Profit": 35233000.0,
        "Cost Of Revenue": 250620000.0,
        "Total Revenue": 285853000.0,
        "Operating Revenue": 182906000.0
    },
    "2023-12-31": {
        "Tax Effect Of Unusual Items": -3609690.0,
        "Tax Rate For Calcs": 0.21,
        "Normalized EBITDA": 21882000.0,
        "Total Unusual Items": -17189000.0,
        "Total Unusual Items Excluding Goodwill": -17189000.0,
        "Net Income From Continuing Operation Net Minority Interest": -2163000.0,
        "Reconciled Depreciation": 3029000.0,
        "Reconciled Cost Of Revenue": 255793000.0,
        "EBITDA": 4693000.0,
        "EBIT": 1664000.0,
        "Net Interest Income": -3697000.0,
        "Interest Expense": 3697000.0,
        "Normalized Income": 11416310.0,
        "Net Income From Continuing And Discontinued Operation": -2163000.0,
        "Total Expenses": 278181000.0,
        "Total Operating Income As Reported": 408000.0,
        "Diluted Average Shares": 41716527.0,
        "Basic Average Shares": 41716527.0,
        "Diluted EPS": -0.05,
        "Basic EPS": -0.05,
        "Diluted NI Availto Com Stockholders": -2163000.0,
        "Net Income Common Stockholders": -2163000.0,
        "Net Income": -2163000.0,
        "Net Income Including Noncontrolling Interests": -2163000.0,
        "Net Income Continuous Operations": -2163000.0,
        "Tax Provision": 130000.0,
        "Pretax Income": -2033000.0,
        "Other Income Expense": -16012000.0,
        "Other Non Operating Income Expenses": 1256000.0,
        "Special Income Charges": -17189000.0,
        "Restructuring And Mergern Acquisition": 17189000.0,
        "Earnings From Equity Interest": -79000.0,
        "Net Non Operating Interest Income Expense": -3697000.0,
        "Interest Expense Non Operating": 3697000.0,
        "Operating Income": 17676000.0,
        "Operating Expense": 22388000.0,
        "Other Operating Expenses": 17189000.0,
        "Depreciation Amortization Depletion Income Statement": 3029000.0,
        "Depreciation And Amortization In Income Statement": 3029000.0,
        "Research And Development": 5969000.0,
        "Selling General And Administration": 13390000.0,
        "Selling And Marketing Expense": NaN,
        "General And Administrative Expense": 13390000.0,
        "Other Gand A": 13390000.0,
        "Salaries And Wages": NaN,
        "Gross Profit": 40064000.0,
        "Cost Of Revenue": 255793000.0,
        "Total Revenue": 295857000.0,
        "Operating Revenue": 191537000.0
    },
    "2024-03-31": {
        "Tax Effect Of Unusual Items": -92893.17852,
        "Tax Rate For Calcs": 0.005515,
        "Normalized EBITDA": 17334000.0,
        "Total Unusual Items": -16843000.0,
        "Total Unusual Items Excluding Goodwill": -16843000.0,
        "Net Income From Continuing Operation Net Minority Interest": -6852000.0,
        "Reconciled Depreciation": 3785000.0,
        "Reconciled Cost Of Revenue": 269894000.0,
        "EBITDA": 491000.0,
        "EBIT": -3294000.0,
        "Net Interest Income": -3596000.0,
        "Interest Expense": 3596000.0,
        "Normalized Income": 9898106.82148,
        "Net Income From Continuing And Discontinued Operation": -6852000.0,
        "Total Expenses": 295312000.0,
        "Total Operating Income As Reported": -6137000.0,
        "Diluted Average Shares": 41917094.0,
        "Basic Average Shares": 41917094.0,
        "Diluted EPS": -0.16,
        "Basic EPS": -0.16,
        "Diluted NI Availto Com Stockholders": -6852000.0,
        "Net Income Common Stockholders": -6852000.0,
        "Net Income": -6852000.0,
        "Net Income Including Noncontrolling Interests": -6852000.0,
        "Net Income Continuous Operations": -6852000.0,
        "Tax Provision": -38000.0,
        "Pretax Income": -6890000.0,
        "Other Income Expense": -14103000.0,
        "Other Non Operating Income Expenses": 2843000.0,
        "Special Income Charges": -16843000.0,
        "Restructuring And Mergern Acquisition": 16843000.0,
        "Earnings From Equity Interest": -103000.0,
        "Net Non Operating Interest Income Expense": -3596000.0,
        "Interest Expense Non Operating": 3596000.0,
        "Operating Income": 10809000.0,
        "Operating Expense": 25418000.0,
        "Other Operating Expenses": 16843000.0,
        "Depreciation Amortization Depletion Income Statement": 3785000.0,
        "Depreciation And Amortization In Income Statement": 3785000.0,
        "Research And Development": 6960000.0,
        "Selling General And Administration": 14673000.0,
        "Selling And Marketing Expense": NaN,
        "General And Administrative Expense": 14673000.0,
        "Other Gand A": 14673000.0,
        "Salaries And Wages": NaN,
        "Gross Profit": 36227000.0,
        "Cost Of Revenue": 269894000.0,
        "Total Revenue": 306121000.0,
        "Operating Revenue": 306121000.0
    },
    "2024-06-30": {
        "Tax Effect Of Unusual Items": -133162.207924,
        "Tax Rate For Calcs": 0.00745,
        "Normalized EBITDA": 19999000.0,
        "Total Unusual Items": -17874000.0,
        "Total Unusual Items Excluding Goodwill": -17874000.0,
        "Net Income From Continuing Operation Net Minority Interest": -5862000.0,
        "Reconciled Depreciation": 4376000.0,
        "Reconciled Cost Of Revenue": 274531000.0,
        "EBITDA": 2125000.0,
        "EBIT": -2251000.0,
        "Net Interest Income": -3655000.0,
        "Interest Expense": 3655000.0,
        "Normalized Income": 11878837.792076,
        "Net Income From Continuing And Discontinued Operation": -5862000.0,
        "Total Expenses": 302350000.0,
        "Total Operating Income As Reported": -5471000.0,
        "Diluted Average Shares": 42078271.0,
        "Basic Average Shares": 42078271.0,
        "Diluted EPS": -0.14,
        "Basic EPS": -0.14,
        "Diluted NI Availto Com Stockholders": -5862000.0,
        "Net Income Common Stockholders": -5862000.0,
        "Net Income": -5862000.0,
        "Net Income Including Noncontrolling Interests": -5862000.0,
        "Net Income Continuous Operations": -5862000.0,
        "Tax Provision": -44000.0,
        "Pretax Income": -5906000.0,
        "Other Income Expense": -14701000.0,
        "Other Non Operating Income Expenses": 3220000.0,
        "Special Income Charges": -17874000.0,
        "Restructuring And Mergern Acquisition": 17874000.0,
        "Earnings From Equity Interest": -47000.0,
        "Net Non Operating Interest Income Expense": -3655000.0,
        "Interest Expense Non Operating": 3655000.0,
        "Operating Income": 12450000.0,
        "Operating Expense": 27819000.0,
        "Other Operating Expenses": 17874000.0,
        "Depreciation Amortization Depletion Income Statement": 4376000.0,
        "Depreciation And Amortization In Income Statement": 4376000.0,
        "Research And Development": 8190000.0,
        "Selling General And Administration": 15253000.0,
        "Selling And Marketing Expense": NaN,
        "General And Administrative Expense": 15253000.0,
        "Other Gand A": 15253000.0,
        "Salaries And Wages": NaN,
        "Gross Profit": 40269000.0,
        "Cost Of Revenue": 274531000.0,
        "Total Revenue": 314800000.0,
        "Operating Revenue": 314800000.0
    },
    "2024-09-30": {
        "Tax Effect Of Unusual Items": -487713.114754,
        "Tax Rate For Calcs": 0.026639,
        "Normalized EBITDA": 27973000.0,
        "Total Unusual Items": -18308000.0,
        "Total Unusual Items Excluding Goodwill": -18308000.0,
        "Net Income From Continuing Operation Net Minority Interest": 1425000.0,
        "Reconciled Depreciation": 4381000.0,
        "Reconciled Cost Of Revenue": 278077000.0,
        "EBITDA": 9665000.0,
        "EBIT": 5284000.0,
        "Net Interest Income": -3820000.0,
        "Interest Expense": 3820000.0,
        "Normalized Income": 19245286.885246,
        "Net Income From Continuing And Discontinued Operation": 1425000.0,
        "Total Expenses": 307368000.0,
        "Total Operating Income As Reported": 1746000.0,
        "Diluted Average Shares": 42822505.0,
        "Basic Average Shares": 42233903.0,
        "Diluted EPS": 0.03,
        "Basic EPS": 0.03,
        "Diluted NI Availto Com Stockholders": 1425000.0,
        "Net Income Common Stockholders": 1425000.0,
        "Net Income": 1425000.0,
        "Net Income Including Noncontrolling Interests": 1425000.0,
        "Net Income Continuous Operations": 1425000.0,
        "Tax Provision": 39000.0,
        "Pretax Income": 1464000.0,
        "Other Income Expense": -14804000.0,
        "Other Non Operating Income Expenses": 3538000.0,
        "Special Income Charges": -18308000.0,
        "Restructuring And Mergern Acquisition": 18308000.0,
        "Earnings From Equity Interest": -34000.0,
        "Net Non Operating Interest Income Expense": -3820000.0,
        "Interest Expense Non Operating": 3820000.0,
        "Operating Income": 20088000.0,
        "Operating Expense": 29291000.0,
        "Other Operating Expenses": NaN,
        "Depreciation Amortization Depletion Income Statement": 4381000.0,
        "Depreciation And Amortization In Income Statement": 4381000.0,
        "Research And Development": 7933000.0,
        "Selling General And Administration": 16977000.0,
        "Selling And Marketing Expense": NaN,
        "General And Administrative Expense": 16977000.0,
        "Other Gand A": 16977000.0,
        "Salaries And Wages": NaN,
        "Gross Profit": 49379000.0,
        "Cost Of Revenue": 278077000.0,
        "Total Revenue": 327456000.0,
        "Operating Revenue": 327456000.0
    }
}