{
    "2023-06-30": {
        "Tax Effect Of Unusual Items": 6688.0,
        "Tax Rate For Calcs": 0.209,
        "Total Unusual Items": 32000.0,
        "Total Unusual Items Excluding Goodwill": 32000.0,
        "Net Income From Continuing Operation Net Minority Interest": 6306000.0,
        "Reconciled Depreciation": 665000.0,
        "Net Interest Income": 16564000.0,
        "Interest Expense": 3255000.0,
        "Interest Income": 19819000.0,
        "Normalized Income": 6280688.0,
        "Net Income From Continuing And Discontinued Operation": 6306000.0,
        "Diluted NI Availto Com Stockholders": 6306000.0,
        "Net Income Common Stockholders": 6306000.0,
        "Net Income": 6306000.0,
        "Net Income Including Noncontrolling Interests": 6306000.0,
        "Net Income Continuous Operations": 6306000.0,
        "Tax Provision": 1666000.0,
        "Pretax Income": 7972000.0,
        "Special Income Charges": 32000.0,
        "Other Special Charges": -32000.0,
        "Gain On Sale Of Security": 97000.0,
        "Depreciation Amortization Depletion Income Statement": 68000.0,
        "Depreciation And Amortization In Income Statement": 68000.0,
        "Amortization": 68000.0,
        "Amortization Of Intangibles Income Statement": 68000.0,
        "Selling General And Administration": 6230000.0,
        "Selling And Marketing Expense": 179000.0,
        "General And Administrative Expense": 6051000.0,
        "Insurance And Claims": 191000.0,
        "Salaries And Wages": 5860000.0,
        "Total Revenue": 18462000.0,
        "Operating Revenue": 18462000.0
    },
    "2023-03-31": {
        "Tax Effect Of Unusual Items": 0.0,
        "Tax Rate For Calcs": 0.204,
        "Total Unusual Items": NaN,
        "Total Unusual Items Excluding Goodwill": NaN,
        "Net Income From Continuing Operation Net Minority Interest": 6663000.0,
        "Reconciled Depreciation": 660000.0,
        "Net Interest Income": 17087000.0,
        "Interest Expense": 2236000.0,
        "Interest Income": 19323000.0,
        "Normalized Income": 6663000.0,
        "Net Income From Continuing And Discontinued Operation": 6663000.0,
        "Diluted NI Availto Com Stockholders": 6663000.0,
        "Net Income Common Stockholders": 6663000.0,
        "Net Income": 6663000.0,
        "Net Income Including Noncontrolling Interests": 6663000.0,
        "Net Income Continuous Operations": 6663000.0,
        "Tax Provision": 1705000.0,
        "Pretax Income": 8368000.0,
        "Special Income Charges": NaN,
        "Other Special Charges": NaN,
        "Gain On Sale Of Security": 2000.0,
        "Depreciation Amortization Depletion Income Statement": 67000.0,
        "Depreciation And Amortization In Income Statement": 67000.0,
        "Amortization": 67000.0,
        "Amortization Of Intangibles Income Statement": 67000.0,
        "Selling General And Administration": 6426000.0,
        "Selling And Marketing Expense": 178000.0,
        "General And Administrative Expense": 6248000.0,
        "Insurance And Claims": 202000.0,
        "Salaries And Wages": 6046000.0,
        "Total Revenue": 18914000.0,
        "Operating Revenue": 18914000.0
    },
    "2022-12-31": {
        "Tax Effect Of Unusual Items": 0.0,
        "Tax Rate For Calcs": 0.2,
        "Total Unusual Items": NaN,
        "Total Unusual Items Excluding Goodwill": NaN,
        "Net Income From Continuing Operation Net Minority Interest": 7507000.0,
        "Reconciled Depreciation": 669000.0,
        "Net Interest Income": 17692000.0,
        "Interest Expense": 1369000.0,
        "Interest Income": 19061000.0,
        "Normalized Income": 7507000.0,
        "Net Income From Continuing And Discontinued Operation": 7507000.0,
        "Diluted NI Availto Com Stockholders": 7507000.0,
        "Net Income Common Stockholders": 7507000.0,
        "Net Income": 7507000.0,
        "Net Income Including Noncontrolling Interests": 7507000.0,
        "Net Income Continuous Operations": 7507000.0,
        "Tax Provision": 1881000.0,
        "Pretax Income": 9388000.0,
        "Special Income Charges": NaN,
        "Other Special Charges": NaN,
        "Gain On Sale Of Security": 3000.0,
        "Depreciation Amortization Depletion Income Statement": 68000.0,
        "Depreciation And Amortization In Income Statement": 68000.0,
        "Amortization": 68000.0,
        "Amortization Of Intangibles Income Statement": 68000.0,
        "Selling General And Administration": 6219000.0,
        "Selling And Marketing Expense": 195000.0,
        "General And Administrative Expense": 6024000.0,
        "Insurance And Claims": 124000.0,
        "Salaries And Wages": 5900000.0,
        "Total Revenue": 19499000.0,
        "Operating Revenue": 19499000.0
    },
    "2022-09-30": {
        "Tax Effect Of Unusual Items": 0.0,
        "Tax Rate For Calcs": 0.202,
        "Total Unusual Items": NaN,
        "Total Unusual Items Excluding Goodwill": NaN,
        "Net Income From Continuing Operation Net Minority Interest": 7049000.0,
        "Reconciled Depreciation": 79000.0,
        "Net Interest Income": 16223000.0,
        "Interest Expense": 755000.0,
        "Interest Income": 16978000.0,
        "Normalized Income": 7049000.0,
        "Net Income From Continuing And Discontinued Operation": 7049000.0,
        "Diluted Average Shares": 8313178.0,
        "Basic Average Shares": 8243557.0,
        "Diluted EPS": 0.85,
        "Basic EPS": 0.86,
        "Diluted NI Availto Com Stockholders": 7049000.0,
        "Net Income Common Stockholders": 7049000.0,
        "Net Income": 7049000.0,
        "Net Income Including Noncontrolling Interests": 7049000.0,
        "Net Income Continuous Operations": 7049000.0,
        "Tax Provision": 1786000.0,
        "Pretax Income": 8835000.0,
        "Special Income Charges": NaN,
        "Other Special Charges": NaN,
        "Gain On Sale Of Security": 6000.0,
        "Depreciation Amortization Depletion Income Statement": 79000.0,
        "Depreciation And Amortization In Income Statement": 79000.0,
        "Amortization": 79000.0,
        "Amortization Of Intangibles Income Statement": 79000.0,
        "Selling General And Administration": 6397000.0,
        "Selling And Marketing Expense": 182000.0,
        "General And Administrative Expense": 6215000.0,
        "Other Gand A": 876000.0,
        "Insurance And Claims": 129000.0,
        "Salaries And Wages": 5210000.0,
        "Total Revenue": 18259000.0,
        "Operating Revenue": 18259000.0
    },
    "2022-06-30": {
        "Tax Effect Of Unusual Items": 0.0,
        "Tax Rate For Calcs": 0.204,
        "Total Unusual Items": NaN,
        "Total Unusual Items Excluding Goodwill": NaN,
        "Net Income From Continuing Operation Net Minority Interest": 5738000.0,
        "Reconciled Depreciation": 79000.0,
        "Net Interest Income": 13957000.0,
        "Interest Expense": 645000.0,
        "Interest Income": 14602000.0,
        "Normalized Income": 5738000.0,
        "Net Income From Continuing And Discontinued Operation": 5738000.0,
        "Diluted Average Shares": 8349859.0,
        "Basic Average Shares": 8279436.0,
        "Diluted EPS": 0.69,
        "Basic EPS": 0.69,
        "Diluted NI Availto Com Stockholders": 5738000.0,
        "Net Income Common Stockholders": 5738000.0,
        "Net Income": 5738000.0,
        "Net Income Including Noncontrolling Interests": 5738000.0,
        "Net Income Continuous Operations": 5738000.0,
        "Tax Provision": 1472000.0,
        "Pretax Income": 7210000.0,
        "Special Income Charges": NaN,
        "Other Special Charges": NaN,
        "Gain On Sale Of Security": 5000.0,
        "Depreciation Amortization Depletion Income Statement": 79000.0,
        "Depreciation And Amortization In Income Statement": 79000.0,
        "Amortization": 79000.0,
        "Amortization Of Intangibles Income Statement": 79000.0,
        "Selling General And Administration": 6391000.0,
        "Selling And Marketing Expense": 187000.0,
        "General And Administrative Expense": 6204000.0,
        "Other Gand A": 838000.0,
        "Insurance And Claims": 123000.0,
        "Salaries And Wages": 5243000.0,
        "Total Revenue": 16073000.0,
        "Operating Revenue": 16073000.0
    },
    "2022-03-31": {
        "Diluted EPS": 0.63,
        "Total Revenue": 17,
        "Gross Profit": 16,
        "Operating Income": 7,
        "EBIT": NaN,
        "Net Income": 5
    },
    "2021-12-31": {
        "Diluted EPS": 0.65,
        "Total Revenue": 17,
        "Gross Profit": 16,
        "Operating Income": 7,
        "EBIT": NaN,
        "Net Income": 5
    },
    "2021-09-30": {
        "Diluted EPS": 0.71,
        "Total Revenue": 17,
        "Gross Profit": 17,
        "Operating Income": 8,
        "EBIT": NaN,
        "Net Income": 6
    },
    "2021-06-30": {
        "Diluted EPS": 0.83,
        "Total Revenue": 18,
        "Gross Profit": 17,
        "Operating Income": 9,
        "EBIT": NaN,
        "Net Income": 7
    },
    "2021-03-31": {
        "Diluted EPS": 0.86,
        "Total Revenue": 18,
        "Gross Profit": 17,
        "Operating Income": 9,
        "EBIT": NaN,
        "Net Income": 7
    },
    "2020-12-31": {
        "Diluted EPS": 0.87,
        "Total Revenue": 19,
        "Gross Profit": 18,
        "Operating Income": 9,
        "EBIT": NaN,
        "Net Income": 7
    },
    "2020-09-30": {
        "Diluted EPS": 0.76,
        "Total Revenue": 18,
        "Gross Profit": 17,
        "Operating Income": 8,
        "EBIT": NaN,
        "Net Income": 6
    },
    "2020-06-30": {
        "Diluted EPS": 0.74,
        "Total Revenue": 19,
        "Gross Profit": 17,
        "Operating Income": 8,
        "EBIT": NaN,
        "Net Income": 6
    },
    "2020-03-31": {
        "Diluted EPS": 0.6,
        "Total Revenue": 18,
        "Gross Profit": 17,
        "Operating Income": 6,
        "EBIT": NaN,
        "Net Income": 5
    },
    "2019-12-31": {
        "Diluted EPS": 0.78,
        "Total Revenue": 18,
        "Gross Profit": 17,
        "Operating Income": 8,
        "EBIT": NaN,
        "Net Income": 7
    },
    "2019-09-30": {
        "Diluted EPS": 0.76,
        "Total Revenue": 18,
        "Gross Profit": 17,
        "Operating Income": 8,
        "EBIT": NaN,
        "Net Income": 6
    },
    "2019-06-30": {
        "Diluted EPS": 0.7,
        "Total Revenue": 18,
        "Gross Profit": 16,
        "Operating Income": 8,
        "EBIT": NaN,
        "Net Income": 6
    },
    "2019-03-31": {
        "Diluted EPS": 0.72,
        "Total Revenue": 18,
        "Gross Profit": 17,
        "Operating Income": 7,
        "EBIT": NaN,
        "Net Income": 6
    },
    "2018-12-31": {
        "Diluted EPS": 0.66,
        "Total Revenue": 17,
        "Gross Profit": 16,
        "Operating Income": 7,
        "EBIT": NaN,
        "Net Income": 6
    },
    "2018-09-30": {
        "Diluted EPS": 0.58,
        "Total Revenue": 14,
        "Gross Profit": 13,
        "Operating Income": 6,
        "EBIT": NaN,
        "Net Income": 4
    },
    "2018-06-30": {
        "Diluted EPS": 0.59,
        "Total Revenue": 14,
        "Gross Profit": 13,
        "Operating Income": 6,
        "EBIT": NaN,
        "Net Income": 4
    },
    "2018-03-31": {
        "Diluted EPS": 0.57,
        "Total Revenue": 13,
        "Gross Profit": 13,
        "Operating Income": 5,
        "EBIT": NaN,
        "Net Income": 4
    },
    "2017-12-31": {
        "Diluted EPS": 0.48,
        "Total Revenue": 13,
        "Gross Profit": 13,
        "Operating Income": 5,
        "EBIT": NaN,
        "Net Income": 4
    },
    "2017-09-30": {
        "Diluted EPS": 0.49,
        "Total Revenue": 13,
        "Gross Profit": 12,
        "Operating Income": 5,
        "EBIT": NaN,
        "Net Income": 4
    },
    "2017-06-30": {
        "Diluted EPS": 0.58,
        "Total Revenue": 13,
        "Gross Profit": 12,
        "Operating Income": 6,
        "EBIT": NaN,
        "Net Income": 4
    },
    "2017-03-31": {
        "Diluted EPS": 0.42,
        "Total Revenue": 12,
        "Gross Profit": 11,
        "Operating Income": 5,
        "EBIT": NaN,
        "Net Income": 3
    },
    "2016-12-31": {
        "Diluted EPS": 0.43,
        "Total Revenue": 12,
        "Gross Profit": 12,
        "Operating Income": 5,
        "EBIT": NaN,
        "Net Income": 3
    },
    "2016-09-30": {
        "Diluted EPS": 0.37,
        "Total Revenue": 12,
        "Gross Profit": 11,
        "Operating Income": 4,
        "EBIT": NaN,
        "Net Income": 3
    },
    "2016-06-30": {
        "Diluted EPS": 0.36,
        "Total Revenue": 11,
        "Gross Profit": 10,
        "Operating Income": 4,
        "EBIT": NaN,
        "Net Income": 3
    },
    "2016-03-31": {
        "Diluted EPS": 0.34,
        "Total Revenue": 11,
        "Gross Profit": 10,
        "Operating Income": 4,
        "EBIT": NaN,
        "Net Income": 2
    },
    "2015-12-31": {
        "Diluted EPS": 0.36,
        "Total Revenue": 11,
        "Gross Profit": 10,
        "Operating Income": 4,
        "EBIT": NaN,
        "Net Income": 3
    },
    "2015-09-30": {
        "Diluted EPS": 0.41,
        "Total Revenue": 11,
        "Gross Profit": 10,
        "Operating Income": 3,
        "EBIT": NaN,
        "Net Income": 3
    },
    "2015-06-30": {
        "Diluted EPS": 0.31,
        "Total Revenue": 10,
        "Gross Profit": 10,
        "Operating Income": 3,
        "EBIT": NaN,
        "Net Income": 2
    },
    "2015-03-31": {
        "Diluted EPS": 0.21,
        "Total Revenue": 10,
        "Gross Profit": 9,
        "Operating Income": 2,
        "EBIT": NaN,
        "Net Income": 1
    },
    "2014-12-31": {
        "Diluted EPS": 0.24,
        "Total Revenue": 10,
        "Gross Profit": 9,
        "Operating Income": 3,
        "EBIT": NaN,
        "Net Income": 2
    },
    "2014-09-30": {
        "Diluted EPS": 0.24,
        "Total Revenue": 10,
        "Gross Profit": 9,
        "Operating Income": 2,
        "EBIT": NaN,
        "Net Income": 2
    },
    "2014-06-30": {
        "Diluted EPS": 0.2,
        "Total Revenue": 10,
        "Gross Profit": 9,
        "Operating Income": 2,
        "EBIT": NaN,
        "Net Income": 1
    },
    "2014-03-31": {
        "Diluted EPS": 0.16,
        "Total Revenue": 9,
        "Gross Profit": 8,
        "Operating Income": 2,
        "EBIT": NaN,
        "Net Income": 1
    },
    "2013-12-31": {
        "Diluted EPS": 0.2,
        "Total Revenue": 10,
        "Gross Profit": 9,
        "Operating Income": 2,
        "EBIT": NaN,
        "Net Income": 1
    },
    "2013-09-30": {
        "Diluted EPS": 0.1,
        "Total Revenue": 10,
        "Gross Profit": 9,
        "Operating Income": 2,
        "EBIT": NaN,
        "Net Income": 1
    },
    "2013-06-30": {
        "Diluted EPS": 0.1,
        "Total Revenue": 10,
        "Gross Profit": 9,
        "Operating Income": 1,
        "EBIT": NaN,
        "Net Income": 1
    },
    "2013-03-31": {
        "Diluted EPS": 0.17,
        "Total Revenue": 10,
        "Gross Profit": 9,
        "Operating Income": 2,
        "EBIT": NaN,
        "Net Income": 1
    },
    "2012-12-31": {
        "Diluted EPS": 0.21,
        "Total Revenue": 10,
        "Gross Profit": 9,
        "Operating Income": 3,
        "EBIT": NaN,
        "Net Income": 1
    },
    "2012-09-30": {
        "Diluted EPS": 0.13,
        "Total Revenue": 10,
        "Gross Profit": 9,
        "Operating Income": 1,
        "EBIT": NaN,
        "Net Income": 1
    },
    "2012-06-30": {
        "Diluted EPS": 0.16,
        "Total Revenue": 10,
        "Gross Profit": 9,
        "Operating Income": 2,
        "EBIT": NaN,
        "Net Income": 1
    },
    "2012-03-31": {
        "Diluted EPS": 0.08,
        "Total Revenue": 10,
        "Gross Profit": 9,
        "Operating Income": 1,
        "EBIT": NaN,
        "Net Income": 1
    },
    "2011-12-31": {
        "Diluted EPS": 0.15,
        "Total Revenue": 10,
        "Gross Profit": 9,
        "Operating Income": 2,
        "EBIT": NaN,
        "Net Income": 1
    },
    "2011-09-30": {
        "Diluted EPS": -0.05,
        "Total Revenue": 10,
        "Gross Profit": 8,
        "Operating Income": 0,
        "EBIT": NaN,
        "Net Income": 0
    },
    "2011-06-30": {
        "Diluted EPS": -0.23,
        "Total Revenue": 10,
        "Gross Profit": 8,
        "Operating Income": -2,
        "EBIT": NaN,
        "Net Income": -2
    },
    "2011-03-31": {
        "Diluted EPS": 0.12,
        "Total Revenue": 11,
        "Gross Profit": 8,
        "Operating Income": 2,
        "EBIT": NaN,
        "Net Income": 1
    },
    "2010-12-31": {
        "Diluted EPS": 0.16,
        "Total Revenue": 12,
        "Gross Profit": 9,
        "Operating Income": 2,
        "EBIT": NaN,
        "Net Income": 1
    },
    "2010-09-30": {
        "Diluted EPS": -0.06,
        "Total Revenue": 10,
        "Gross Profit": 8,
        "Operating Income": 0,
        "EBIT": NaN,
        "Net Income": 0
    },
    "2010-06-30": {
        "Diluted EPS": 0.08,
        "Total Revenue": 11,
        "Gross Profit": 8,
        "Operating Income": 1,
        "EBIT": NaN,
        "Net Income": 1
    },
    "2010-03-31": {
        "Diluted EPS": -0.51,
        "Total Revenue": 10,
        "Gross Profit": 7,
        "Operating Income": -5,
        "EBIT": NaN,
        "Net Income": -3
    },
    "2009-12-31": {
        "Diluted EPS": -0.01,
        "Total Revenue": 11,
        "Gross Profit": 8,
        "Operating Income": 0,
        "EBIT": NaN,
        "Net Income": 0
    },
    "2009-09-30": {
        "Diluted EPS": -0.08,
        "Total Revenue": 11,
        "Gross Profit": 8,
        "Operating Income": -1,
        "EBIT": NaN,
        "Net Income": -1
    },
    "2009-06-30": {
        "Diluted EPS": 0.12,
        "Total Revenue": 12,
        "Gross Profit": 9,
        "Operating Income": 1,
        "EBIT": NaN,
        "Net Income": 1
    },
    "2009-03-31": {
        "Diluted EPS": -0.24,
        "Total Revenue": 12,
        "Gross Profit": 8,
        "Operating Income": -2,
        "EBIT": NaN,
        "Net Income": -2
    },
    "2023-09-30": {
        "Tax Effect Of Unusual Items": -2554.076942,
        "Tax Rate For Calcs": 0.196467,
        "Total Unusual Items": -13000.0,
        "Total Unusual Items Excluding Goodwill": -13000.0,
        "Net Income From Continuing Operation Net Minority Interest": 6642000.0,
        "Reconciled Depreciation": 670000.0,
        "Net Interest Income": 16746000.0,
        "Interest Expense": 4731000.0,
        "Interest Income": 21477000.0,
        "Normalized Income": 6652445.923058,
        "Net Income From Continuing And Discontinued Operation": 6642000.0,
        "Diluted NI Availto Com Stockholders": 6642000.0,
        "Net Income Common Stockholders": 6642000.0,
        "Net Income": 6642000.0,
        "Net Income Including Noncontrolling Interests": 6642000.0,
        "Net Income Continuous Operations": 6642000.0,
        "Tax Provision": 1624000.0,
        "Pretax Income": 8266000.0,
        "Special Income Charges": -13000.0,
        "Other Special Charges": 13000.0,
        "Gain On Sale Of Security": 2000.0,
        "Depreciation Amortization Depletion Income Statement": 68000.0,
        "Depreciation And Amortization In Income Statement": 68000.0,
        "Amortization": 68000.0,
        "Amortization Of Intangibles Income Statement": 68000.0,
        "Selling General And Administration": 6185000.0,
        "Selling And Marketing Expense": 235000.0,
        "General And Administrative Expense": 5950000.0,
        "Insurance And Claims": 194000.0,
        "Salaries And Wages": 5756000.0,
        "Total Revenue": 18767000.0,
        "Operating Revenue": 18767000.0
    }
}