{
    "2023-06-30": {
        "Tax Effect Of Unusual Items": 89815.014783,
        "Tax Rate For Calcs": 0.105541,
        "Normalized EBITDA": 112406000.0,
        "Total Unusual Items": 851000.0,
        "Total Unusual Items Excluding Goodwill": 851000.0,
        "Net Income From Continuing Operation Net Minority Interest": 51190000.0,
        "Reconciled Depreciation": 63579000.0,
        "Reconciled Cost Of Revenue": 270674000.0,
        "EBITDA": 113257000.0,
        "EBIT": 49678000.0,
        "Net Interest Income": 3924000.0,
        "Interest Income": NaN,
        "Normalized Income": 50428815.014783,
        "Net Income From Continuing And Discontinued Operation": 51190000.0,
        "Total Expenses": 307513000.0,
        "Total Operating Income As Reported": 50529000.0,
        "Diluted Average Shares": 111234000.0,
        "Basic Average Shares": 110088000.0,
        "Diluted EPS": 0.46,
        "Basic EPS": 0.46,
        "Diluted NI Availto Com Stockholders": 51190000.0,
        "Net Income Common Stockholders": 51190000.0,
        "Net Income": 51190000.0,
        "Minority Interests": 2484000.0,
        "Net Income Including Noncontrolling Interests": 48706000.0,
        "Net Income Continuous Operations": 48706000.0,
        "Tax Provision": 5747000.0,
        "Pretax Income": 54453000.0,
        "Other Income Expense": 851000.0,
        "Special Income Charges": 851000.0,
        "Other Special Charges": NaN,
        "Restructuring And Mergern Acquisition": -851000.0,
        "Net Non Operating Interest Income Expense": 3924000.0,
        "Total Other Finance Cost": -3924000.0,
        "Interest Income Non Operating": NaN,
        "Operating Income": 49678000.0,
        "Operating Expense": 36839000.0,
        "Research And Development": 19452000.0,
        "Selling General And Administration": 17387000.0,
        "Gross Profit": 86517000.0,
        "Cost Of Revenue": 270674000.0,
        "Total Revenue": 357191000.0,
        "Operating Revenue": 357191000.0
    },
    "2023-03-31": {
        "Tax Effect Of Unusual Items": NaN,
        "Tax Rate For Calcs": NaN,
        "Normalized EBITDA": NaN,
        "Total Unusual Items": NaN,
        "Total Unusual Items Excluding Goodwill": NaN,
        "Net Income From Continuing Operation Net Minority Interest": NaN,
        "Reconciled Depreciation": NaN,
        "Reconciled Cost Of Revenue": NaN,
        "EBITDA": NaN,
        "EBIT": NaN,
        "Net Interest Income": NaN,
        "Interest Income": 6997000.0,
        "Normalized Income": NaN,
        "Net Income From Continuing And Discontinued Operation": NaN,
        "Total Expenses": NaN,
        "Total Operating Income As Reported": NaN,
        "Diluted Average Shares": NaN,
        "Basic Average Shares": NaN,
        "Diluted EPS": NaN,
        "Basic EPS": NaN,
        "Diluted NI Availto Com Stockholders": NaN,
        "Net Income Common Stockholders": NaN,
        "Net Income": NaN,
        "Minority Interests": NaN,
        "Net Income Including Noncontrolling Interests": NaN,
        "Net Income Continuous Operations": NaN,
        "Tax Provision": NaN,
        "Pretax Income": NaN,
        "Other Income Expense": 31655000.0,
        "Special Income Charges": NaN,
        "Other Special Charges": NaN,
        "Restructuring And Mergern Acquisition": NaN,
        "Net Non Operating Interest Income Expense": NaN,
        "Total Other Finance Cost": -6997000.0,
        "Interest Income Non Operating": 6997000.0,
        "Operating Income": NaN,
        "Operating Expense": NaN,
        "Research And Development": NaN,
        "Selling General And Administration": NaN,
        "Gross Profit": NaN,
        "Cost Of Revenue": NaN,
        "Total Revenue": NaN,
        "Operating Revenue": NaN
    },
    "2022-12-31": {
        "Tax Effect Of Unusual Items": NaN,
        "Tax Rate For Calcs": NaN,
        "Normalized EBITDA": NaN,
        "Total Unusual Items": NaN,
        "Total Unusual Items Excluding Goodwill": NaN,
        "Net Income From Continuing Operation Net Minority Interest": NaN,
        "Reconciled Depreciation": NaN,
        "Reconciled Cost Of Revenue": NaN,
        "EBITDA": NaN,
        "EBIT": NaN,
        "Net Interest Income": NaN,
        "Interest Income": NaN,
        "Normalized Income": NaN,
        "Net Income From Continuing And Discontinued Operation": NaN,
        "Total Expenses": NaN,
        "Total Operating Income As Reported": NaN,
        "Diluted Average Shares": NaN,
        "Basic Average Shares": NaN,
        "Diluted EPS": NaN,
        "Basic EPS": NaN,
        "Diluted NI Availto Com Stockholders": NaN,
        "Net Income Common Stockholders": NaN,
        "Net Income": NaN,
        "Minority Interests": NaN,
        "Net Income Including Noncontrolling Interests": NaN,
        "Net Income Continuous Operations": NaN,
        "Tax Provision": NaN,
        "Pretax Income": NaN,
        "Other Income Expense": 13592000.0,
        "Special Income Charges": NaN,
        "Other Special Charges": NaN,
        "Restructuring And Mergern Acquisition": NaN,
        "Net Non Operating Interest Income Expense": NaN,
        "Total Other Finance Cost": 55000.0,
        "Interest Income Non Operating": NaN,
        "Operating Income": NaN,
        "Operating Expense": NaN,
        "Research And Development": NaN,
        "Selling General And Administration": NaN,
        "Gross Profit": NaN,
        "Cost Of Revenue": NaN,
        "Total Revenue": NaN,
        "Operating Revenue": NaN
    },
    "2022-09-30": {
        "Tax Effect Of Unusual Items": NaN,
        "Tax Rate For Calcs": NaN,
        "Normalized EBITDA": NaN,
        "Total Unusual Items": NaN,
        "Total Unusual Items Excluding Goodwill": NaN,
        "Net Income From Continuing Operation Net Minority Interest": NaN,
        "Reconciled Depreciation": NaN,
        "Reconciled Cost Of Revenue": NaN,
        "EBITDA": NaN,
        "EBIT": NaN,
        "Net Interest Income": NaN,
        "Interest Expense": 9351000.0,
        "Interest Income": NaN,
        "Normalized Income": NaN,
        "Net Income From Continuing And Discontinued Operation": NaN,
        "Total Expenses": NaN,
        "Total Operating Income As Reported": NaN,
        "Diluted Average Shares": NaN,
        "Basic Average Shares": NaN,
        "Diluted EPS": NaN,
        "Basic EPS": NaN,
        "Diluted NI Availto Com Stockholders": NaN,
        "Net Income Common Stockholders": NaN,
        "Net Income": NaN,
        "Minority Interests": NaN,
        "Net Income Including Noncontrolling Interests": NaN,
        "Net Income Continuous Operations": NaN,
        "Tax Provision": NaN,
        "Pretax Income": NaN,
        "Other Income Expense": NaN,
        "Special Income Charges": NaN,
        "Other Special Charges": NaN,
        "Restructuring And Mergern Acquisition": NaN,
        "Net Non Operating Interest Income Expense": NaN,
        "Total Other Finance Cost": NaN,
        "Interest Expense Non Operating": 9351000.0,
        "Interest Income Non Operating": NaN,
        "Operating Income": NaN,
        "Operating Expense": NaN,
        "Research And Development": NaN,
        "Selling General And Administration": NaN,
        "Gross Profit": NaN,
        "Cost Of Revenue": NaN,
        "Total Revenue": NaN,
        "Operating Revenue": NaN
    },
    "2022-06-30": {
        "Tax Effect Of Unusual Items": 0.0,
        "Tax Rate For Calcs": 0.069411,
        "Normalized EBITDA": 140156000.0,
        "Total Unusual Items": NaN,
        "Total Unusual Items Excluding Goodwill": NaN,
        "Net Income From Continuing Operation Net Minority Interest": 58077000.0,
        "Reconciled Depreciation": 69482000.0,
        "Reconciled Cost Of Revenue": 313728000.0,
        "EBITDA": 140156000.0,
        "EBIT": 70674000.0,
        "Net Interest Income": -8162000.0,
        "Interest Expense": 8162000.0,
        "Normalized Income": 58077000.0,
        "Net Income From Continuing And Discontinued Operation": 58077000.0,
        "Total Expenses": 355494000.0,
        "Total Operating Income As Reported": 70674000.0,
        "Diluted Average Shares": 110561000.0,
        "Basic Average Shares": 109138000.0,
        "Diluted EPS": 0.53,
        "Basic EPS": 0.53,
        "Diluted NI Availto Com Stockholders": 58077000.0,
        "Net Income Common Stockholders": 58077000.0,
        "Net Income": 58077000.0,
        "Minority Interests": -96000.0,
        "Net Income Including Noncontrolling Interests": 58173000.0,
        "Net Income Continuous Operations": 58173000.0,
        "Tax Provision": 4339000.0,
        "Pretax Income": 62512000.0,
        "Other Income Expense": NaN,
        "Special Income Charges": NaN,
        "Restructuring And Mergern Acquisition": NaN,
        "Net Non Operating Interest Income Expense": -8162000.0,
        "Total Other Finance Cost": 8162000.0,
        "Interest Expense Non Operating": 8162000.0,
        "Operating Income": 70674000.0,
        "Operating Expense": 41766000.0,
        "Research And Development": 20481000.0,
        "Selling General And Administration": 21285000.0,
        "Gross Profit": 112440000.0,
        "Cost Of Revenue": 313728000.0,
        "Total Revenue": 426168000.0,
        "Operating Revenue": 426168000.0
    },
    "2022-03-31": {
        "Diluted EPS": 0.49,
        "Total Revenue": 421,
        "Gross Profit": 105,
        "Operating Income": 63,
        "EBIT": 134,
        "Net Income": 54
    },
    "2021-12-31": {
        "Diluted EPS": 0.47,
        "Total Revenue": 412,
        "Gross Profit": 100,
        "Operating Income": 56,
        "EBIT": 130,
        "Net Income": 52
    },
    "2021-09-30": {
        "Diluted EPS": 0.36,
        "Total Revenue": 387,
        "Gross Profit": 85,
        "Operating Income": 44,
        "EBIT": 114,
        "Net Income": 39
    },
    "2021-06-30": {
        "Diluted EPS": 0.28,
        "Total Revenue": 362,
        "Gross Profit": 74,
        "Operating Income": 34,
        "EBIT": 99,
        "Net Income": 31
    },
    "2021-03-31": {
        "Diluted EPS": 0.26,
        "Total Revenue": 347,
        "Gross Profit": 70,
        "Operating Income": 32,
        "EBIT": 95,
        "Net Income": 28
    },
    "2020-12-31": {
        "Diluted EPS": 0.28,
        "Total Revenue": 345,
        "Gross Profit": 70,
        "Operating Income": 33,
        "EBIT": 96,
        "Net Income": 31
    },
    "2020-09-30": {
        "Diluted EPS": 0.14,
        "Total Revenue": 310,
        "Gross Profit": 53,
        "Operating Income": 19,
        "EBIT": 79,
        "Net Income": 15
    },
    "2020-06-30": {
        "Diluted EPS": 0.18,
        "Total Revenue": 310,
        "Gross Profit": 58,
        "Operating Income": 22,
        "EBIT": 83,
        "Net Income": 19
    },
    "2020-03-31": {
        "Diluted EPS": 0.16,
        "Total Revenue": 300,
        "Gross Profit": 53,
        "Operating Income": 16,
        "EBIT": 73,
        "Net Income": 17
    },
    "2019-12-31": {
        "Diluted EPS": 0.18,
        "Total Revenue": 306,
        "Gross Profit": 55,
        "Operating Income": 19,
        "EBIT": 75,
        "Net Income": 21
    },
    "2019-09-30": {
        "Diluted EPS": 0.21,
        "Total Revenue": 312,
        "Gross Profit": 58,
        "Operating Income": 23,
        "EBIT": 76,
        "Net Income": 22
    },
    "2019-06-30": {
        "Diluted EPS": 0.2,
        "Total Revenue": 306,
        "Gross Profit": 53,
        "Operating Income": 18,
        "EBIT": 71,
        "Net Income": 21
    },
    "2019-03-31": {
        "Diluted EPS": 0.25,
        "Total Revenue": 310,
        "Gross Profit": 63,
        "Operating Income": 27,
        "EBIT": 79,
        "Net Income": 26
    },
    "2018-12-31": {
        "Diluted EPS": 0.36,
        "Total Revenue": 334,
        "Gross Profit": 76,
        "Operating Income": 40,
        "EBIT": 94,
        "Net Income": 38
    },
    "2018-09-30": {
        "Diluted EPS": 0.33,
        "Total Revenue": 323,
        "Gross Profit": 73,
        "Operating Income": 39,
        "EBIT": 91,
        "Net Income": 34
    },
    "2018-06-30": {
        "Diluted EPS": 0.37,
        "Total Revenue": 335,
        "Gross Profit": 79,
        "Operating Income": 44,
        "EBIT": 98,
        "Net Income": 38
    },
    "2018-03-31": {
        "Diluted EPS": 0.26,
        "Total Revenue": 313,
        "Gross Profit": 66,
        "Operating Income": 32,
        "EBIT": 86,
        "Net Income": 26
    },
    "2017-12-31": {
        "Diluted EPS": 1.42,
        "Total Revenue": 358,
        "Gross Profit": 89,
        "Operating Income": 54,
        "EBIT": 106,
        "Net Income": 147
    },
    "2017-09-30": {
        "Diluted EPS": 0.54,
        "Total Revenue": 355,
        "Gross Profit": 89,
        "Operating Income": 55,
        "EBIT": 110,
        "Net Income": 55
    },
    "2017-06-30": {
        "Diluted EPS": 0.49,
        "Total Revenue": 345,
        "Gross Profit": 91,
        "Operating Income": 57,
        "EBIT": 110,
        "Net Income": 50
    },
    "2017-03-31": {
        "Diluted EPS": 0.45,
        "Total Revenue": 330,
        "Gross Profit": 85,
        "Operating Income": 53,
        "EBIT": 102,
        "Net Income": 46
    },
    "2016-12-31": {
        "Diluted EPS": 0.48,
        "Total Revenue": 340,
        "Gross Profit": 88,
        "Operating Income": 55,
        "EBIT": 107,
        "Net Income": 48
    },
    "2016-09-30": {
        "Diluted EPS": 0.52,
        "Total Revenue": 326,
        "Gross Profit": 81,
        "Operating Income": 49,
        "EBIT": 98,
        "Net Income": 51
    },
    "2016-06-30": {
        "Diluted EPS": 0.4,
        "Total Revenue": 305,
        "Gross Profit": 73,
        "Operating Income": 40,
        "EBIT": 88,
        "Net Income": 38
    },
    "2016-03-31": {
        "Diluted EPS": 0.69,
        "Total Revenue": 278,
        "Gross Profit": 61,
        "Operating Income": 31,
        "EBIT": 79,
        "Net Income": 66
    },
    "2015-12-31": {
        "Diluted EPS": 0.25,
        "Total Revenue": 255,
        "Gross Profit": 65,
        "Operating Income": 34,
        "EBIT": 36,
        "Net Income": 22
    },
    "2015-09-30": {
        "Diluted EPS": 0.16,
        "Total Revenue": 244,
        "Gross Profit": 55,
        "Operating Income": 24,
        "EBIT": -14,
        "Net Income": 14
    },
    "2015-06-30": {
        "Diluted EPS": 0.09,
        "Total Revenue": 236,
        "Gross Profit": 52,
        "Operating Income": 22,
        "EBIT": 53,
        "Net Income": 8
    },
    "2015-03-31": {
        "Diluted EPS": -1.15,
        "Total Revenue": 226,
        "Gross Profit": 33,
        "Operating Income": 2,
        "EBIT": 50,
        "Net Income": -73
    },
    "2014-12-31": {
        "Diluted EPS": 0.01,
        "Total Revenue": 235,
        "Gross Profit": 38,
        "Operating Income": -49,
        "EBIT": -49,
        "Net Income": 1
    },
    "2014-09-30": {
        "Diluted EPS": -0.37,
        "Total Revenue": 226,
        "Gross Profit": 15,
        "Operating Income": -17,
        "EBIT": -17,
        "Net Income": -19
    },
    "2014-06-30": {
        "Diluted EPS": -0.31,
        "Total Revenue": 234,
        "Gross Profit": 7,
        "Operating Income": -24,
        "EBIT": -24,
        "Net Income": -16
    },
    "2014-03-31": {
        "Diluted EPS": 0.81,
        "Total Revenue": 133,
        "Gross Profit": 4,
        "Operating Income": -14,
        "EBIT": -14,
        "Net Income": 39
    },
    "2013-12-31": {
        "Diluted EPS": -0.53,
        "Total Revenue": 135,
        "Gross Profit": 9,
        "Operating Income": -12,
        "EBIT": -12,
        "Net Income": -30
    },
    "2013-09-30": {
        "Diluted EPS": -0.57,
        "Total Revenue": 133,
        "Gross Profit": 4,
        "Operating Income": -17,
        "EBIT": -17,
        "Net Income": -32
    },
    "2013-06-30": {
        "Diluted EPS": -0.46,
        "Total Revenue": 125,
        "Gross Profit": 12,
        "Operating Income": -8,
        "EBIT": -8,
        "Net Income": -23
    },
    "2013-03-31": {
        "Diluted EPS": -0.96,
        "Total Revenue": 113,
        "Gross Profit": 3,
        "Operating Income": -19,
        "EBIT": -19,
        "Net Income": -23
    },
    "2012-12-31": {
        "Diluted EPS": -0.48,
        "Total Revenue": 148,
        "Gross Profit": 198,
        "Operating Income": 216,
        "EBIT": 246,
        "Net Income": -23
    },
    "2012-09-30": {
        "Diluted EPS": -0.37,
        "Total Revenue": 155,
        "Gross Profit": -171,
        "Operating Income": -226,
        "EBIT": -167,
        "Net Income": -18
    },
    "2012-06-30": {
        "Diluted EPS": -0.44,
        "Total Revenue": 169,
        "Gross Profit": 28,
        "Operating Income": 11,
        "EBIT": 11,
        "Net Income": -9
    },
    "2012-03-31": {
        "Diluted EPS": -0.9,
        "Total Revenue": 168,
        "Gross Profit": 23,
        "Operating Income": 2,
        "EBIT": 2,
        "Net Income": -19
    },
    "2011-12-31": {
        "Diluted EPS": -0.75,
        "Total Revenue": 175,
        "Gross Profit": 9,
        "Operating Income": -12,
        "EBIT": -12,
        "Net Income": -17
    },
    "2011-09-30": {
        "Diluted EPS": 0.0,
        "Total Revenue": 176,
        "Gross Profit": 16,
        "Operating Income": -5,
        "EBIT": -5,
        "Net Income": 2
    },
    "2011-06-30": {
        "Diluted EPS": 0.15,
        "Total Revenue": 140,
        "Gross Profit": 29,
        "Operating Income": 13,
        "EBIT": 13,
        "Net Income": 2
    },
    "2011-03-31": {
        "Diluted EPS": -0.3,
        "Total Revenue": 121,
        "Gross Profit": 31,
        "Operating Income": 15,
        "EBIT": 15,
        "Net Income": -5
    },
    "2010-12-31": {
        "Diluted EPS": 0.15,
        "Total Revenue": 135,
        "Gross Profit": 33,
        "Operating Income": 21,
        "EBIT": 51,
        "Net Income": 1
    },
    "2010-09-30": {
        "Diluted EPS": 0.15,
        "Total Revenue": 135,
        "Gross Profit": 36,
        "Operating Income": 18,
        "EBIT": 18,
        "Net Income": 1
    },
    "2010-06-30": {
        "Diluted EPS": -0.6,
        "Total Revenue": 126,
        "Gross Profit": 22,
        "Operating Income": 4,
        "EBIT": 4,
        "Net Income": -9
    },
    "2010-03-31": {
        "Diluted EPS": -2.55,
        "Total Revenue": 114,
        "Gross Profit": 16,
        "Operating Income": 0,
        "EBIT": 39,
        "Net Income": -36
    },
    "2009-12-31": {
        "Diluted EPS": -2.4,
        "Total Revenue": 101,
        "Gross Profit": 6,
        "Operating Income": -11,
        "EBIT": 27,
        "Net Income": -31
    },
    "2009-09-30": {
        "Diluted EPS": -2.7,
        "Total Revenue": 80,
        "Gross Profit": -5,
        "Operating Income": -19,
        "EBIT": 15,
        "Net Income": -30
    },
    "2009-06-30": {
        "Diluted EPS": -2.85,
        "Total Revenue": 61,
        "Gross Profit": -11,
        "Operating Income": -24,
        "EBIT": 15,
        "Net Income": -31
    },
    "2009-03-31": {
        "Diluted EPS": -2.55,
        "Total Revenue": 58,
        "Gross Profit": -17,
        "Operating Income": -28,
        "EBIT": 4,
        "Net Income": -28
    },
    "2023-09-30": {
        "Tax Effect Of Unusual Items": 28975154.969621,
        "Tax Rate For Calcs": 0.092424,
        "Normalized EBITDA": -197969000.0,
        "Total Unusual Items": 313501000.0,
        "Total Unusual Items Excluding Goodwill": 313501000.0,
        "Net Income From Continuing Operation Net Minority Interest": 342055000.0,
        "Reconciled Depreciation": 66877000.0,
        "Reconciled Cost Of Revenue": 271299000.0,
        "EBITDA": 115532000.0,
        "EBIT": 48655000.0,
        "Net Interest Income": 9975000.0,
        "Interest Income": NaN,
        "Normalized Income": 57529154.969621,
        "Net Income From Continuing And Discontinued Operation": 342055000.0,
        "Total Expenses": 309512000.0,
        "Total Operating Income As Reported": 362156000.0,
        "Diluted Average Shares": 111242000.0,
        "Basic Average Shares": 110302000.0,
        "Diluted EPS": 3.07,
        "Basic EPS": 3.1,
        "Diluted NI Availto Com Stockholders": 342055000.0,
        "Net Income Common Stockholders": 342055000.0,
        "Net Income": 342055000.0,
        "Minority Interests": 4318000.0,
        "Net Income Including Noncontrolling Interests": 337737000.0,
        "Net Income Continuous Operations": 337737000.0,
        "Tax Provision": 34394000.0,
        "Pretax Income": 372131000.0,
        "Other Income Expense": 313501000.0,
        "Special Income Charges": 313501000.0,
        "Other Special Charges": -313501000.0,
        "Restructuring And Mergern Acquisition": 0.0,
        "Net Non Operating Interest Income Expense": 9975000.0,
        "Total Other Finance Cost": -9975000.0,
        "Interest Income Non Operating": NaN,
        "Operating Income": 48655000.0,
        "Operating Expense": 38213000.0,
        "Research And Development": 20176000.0,
        "Selling General And Administration": 18037000.0,
        "Gross Profit": 86868000.0,
        "Cost Of Revenue": 271299000.0,
        "Total Revenue": 358167000.0,
        "Operating Revenue": 358167000.0
    },
    "2023-12-31": {
        "Tax Effect Of Unusual Items": -195888.049928,
        "Tax Rate For Calcs": 0.163786,
        "Normalized EBITDA": 499570000.0,
        "Total Unusual Items": -1196000.0,
        "Total Unusual Items Excluding Goodwill": -1196000.0,
        "Net Income From Continuing Operation Net Minority Interest": 53847000.0,
        "Reconciled Depreciation": 65178000.0,
        "Reconciled Cost Of Revenue": 267294000.0,
        "EBITDA": 498374000.0,
        "EBIT": 433196000.0,
        "Net Interest Income": 11471000.0,
        "Interest Income": NaN,
        "Normalized Income": 54847111.950072,
        "Net Income From Continuing And Discontinued Operation": 53847000.0,
        "Total Expenses": 306544000.0,
        "Total Operating Income As Reported": 45167000.0,
        "Diluted Average Shares": 111308000.0,
        "Basic Average Shares": 110796000.0,
        "Diluted EPS": 0.48,
        "Basic EPS": 0.49,
        "Diluted NI Availto Com Stockholders": 53847000.0,
        "Net Income Common Stockholders": 53847000.0,
        "Net Income": 53847000.0,
        "Minority Interests": 2128000.0,
        "Net Income Including Noncontrolling Interests": 51719000.0,
        "Net Income Continuous Operations": 51719000.0,
        "Tax Provision": 10130000.0,
        "Pretax Income": 61849000.0,
        "Other Income Expense": 5211000.0,
        "Special Income Charges": 0.0,
        "Other Special Charges": 0.0,
        "Restructuring And Mergern Acquisition": 0.0,
        "Net Non Operating Interest Income Expense": 11471000.0,
        "Total Other Finance Cost": 24072000.0,
        "Interest Income Non Operating": NaN,
        "Operating Income": 45167000.0,
        "Operating Expense": 39250000.0,
        "Research And Development": 20849000.0,
        "Selling General And Administration": 18401000.0,
        "Gross Profit": 84417000.0,
        "Cost Of Revenue": 267294000.0,
        "Total Revenue": 351711000.0,
        "Operating Revenue": 351711000.0
    },
    "2024-03-31": {
        "Tax Effect Of Unusual Items": 0.0,
        "Tax Rate For Calcs": 0.23,
        "Normalized EBITDA": 93529000.0,
        "Total Unusual Items": 0.0,
        "Total Unusual Items Excluding Goodwill": 0.0,
        "Net Income From Continuing Operation Net Minority Interest": 44634000.0,
        "Reconciled Depreciation": 59544000.0,
        "Reconciled Cost Of Revenue": 254632000.0,
        "EBITDA": 93529000.0,
        "EBIT": 33985000.0,
        "Net Interest Income": 3984000.0,
        "Interest Income": 3984000.0,
        "Normalized Income": 44634000.0,
        "Net Income From Continuing And Discontinued Operation": 44634000.0,
        "Total Expenses": 293253000.0,
        "Total Operating Income As Reported": 33985000.0,
        "Diluted Average Shares": 111627000.0,
        "Basic Average Shares": 110840000.0,
        "Diluted EPS": 0.4,
        "Basic EPS": 0.4,
        "Diluted NI Availto Com Stockholders": 44634000.0,
        "Net Income Common Stockholders": 44634000.0,
        "Net Income": 44634000.0,
        "Minority Interests": 1587000.0,
        "Net Income Including Noncontrolling Interests": 43047000.0,
        "Net Income Continuous Operations": 43047000.0,
        "Tax Provision": -5078000.0,
        "Pretax Income": 37969000.0,
        "Other Income Expense": NaN,
        "Special Income Charges": 0.0,
        "Other Special Charges": NaN,
        "Restructuring And Mergern Acquisition": 0.0,
        "Net Non Operating Interest Income Expense": 3984000.0,
        "Total Other Finance Cost": NaN,
        "Interest Income Non Operating": 3984000.0,
        "Operating Income": 33985000.0,
        "Operating Expense": 38621000.0,
        "Research And Development": 19951000.0,
        "Selling General And Administration": 18670000.0,
        "Gross Profit": 72606000.0,
        "Cost Of Revenue": 254632000.0,
        "Total Revenue": 327238000.0,
        "Operating Revenue": 327238000.0
    },
    "2024-06-30": {
        "Tax Effect Of Unusual Items": 609264.691845,
        "Tax Rate For Calcs": 0.097171,
        "Normalized EBITDA": 108175000.0,
        "Total Unusual Items": 6270000.0,
        "Total Unusual Items Excluding Goodwill": 6270000.0,
        "Net Income From Continuing Operation Net Minority Interest": 53445000.0,
        "Reconciled Depreciation": 65567000.0,
        "Reconciled Cost Of Revenue": 264259000.0,
        "EBITDA": 114445000.0,
        "EBIT": 48878000.0,
        "Net Interest Income": 7710000.0,
        "Interest Income": NaN,
        "Normalized Income": 47784264.691845,
        "Net Income From Continuing And Discontinued Operation": 53445000.0,
        "Total Expenses": 302303000.0,
        "Total Operating Income As Reported": 55148000.0,
        "Diluted Average Shares": 111979000.0,
        "Basic Average Shares": 111037000.0,
        "Diluted EPS": 0.48,
        "Basic EPS": 0.48,
        "Diluted NI Availto Com Stockholders": 53445000.0,
        "Net Income Common Stockholders": 53445000.0,
        "Net Income": 53445000.0,
        "Minority Interests": -3305000.0,
        "Net Income Including Noncontrolling Interests": 56750000.0,
        "Net Income Continuous Operations": 56750000.0,
        "Tax Provision": 6108000.0,
        "Pretax Income": 62858000.0,
        "Other Income Expense": 6270000.0,
        "Special Income Charges": 6270000.0,
        "Other Special Charges": NaN,
        "Restructuring And Mergern Acquisition": -6270000.0,
        "Net Non Operating Interest Income Expense": 7710000.0,
        "Total Other Finance Cost": -7710000.0,
        "Interest Income Non Operating": NaN,
        "Operating Income": 48878000.0,
        "Operating Expense": 38044000.0,
        "Research And Development": 18994000.0,
        "Selling General And Administration": 19050000.0,
        "Gross Profit": 86922000.0,
        "Cost Of Revenue": 264259000.0,
        "Total Revenue": 351181000.0,
        "Operating Revenue": 351181000.0
    }
}