{
    "2023-06-30": {
        "Tax Effect Of Unusual Items": NaN,
        "Tax Rate For Calcs": NaN,
        "Normalized EBITDA": NaN,
        "Total Unusual Items": NaN,
        "Total Unusual Items Excluding Goodwill": NaN,
        "Net Income From Continuing Operation Net Minority Interest": NaN,
        "Reconciled Depreciation": NaN,
        "Reconciled Cost Of Revenue": NaN,
        "EBITDA": NaN,
        "EBIT": NaN,
        "Net Interest Income": NaN,
        "Interest Expense": NaN,
        "Interest Income": NaN,
        "Normalized Income": NaN,
        "Net Income From Continuing And Discontinued Operation": NaN,
        "Total Expenses": NaN,
        "Rent Expense Supplemental": NaN,
        "Total Operating Income As Reported": NaN,
        "Diluted Average Shares": NaN,
        "Basic Average Shares": NaN,
        "Diluted EPS": NaN,
        "Basic EPS": NaN,
        "Diluted NI Availto Com Stockholders": NaN,
        "Average Dilution Earnings": 0.0,
        "Net Income Common Stockholders": NaN,
        "Otherunder Preferred Stock Dividend": 0.0,
        "Net Income": NaN,
        "Minority Interests": NaN,
        "Net Income Including Noncontrolling Interests": NaN,
        "Net Income Continuous Operations": NaN,
        "Tax Provision": NaN,
        "Pretax Income": NaN,
        "Other Income Expense": NaN,
        "Other Non Operating Income Expenses": NaN,
        "Special Income Charges": NaN,
        "Restructuring And Mergern Acquisition": NaN,
        "Net Non Operating Interest Income Expense": NaN,
        "Interest Expense Non Operating": NaN,
        "Interest Income Non Operating": NaN,
        "Operating Income": NaN,
        "Operating Expense": NaN,
        "Research And Development": NaN,
        "Selling General And Administration": NaN,
        "Gross Profit": NaN,
        "Cost Of Revenue": NaN,
        "Total Revenue": NaN,
        "Operating Revenue": NaN
    },
    "2023-03-31": {
        "Tax Effect Of Unusual Items": NaN,
        "Tax Rate For Calcs": NaN,
        "Normalized EBITDA": NaN,
        "Total Unusual Items": NaN,
        "Total Unusual Items Excluding Goodwill": NaN,
        "Net Income From Continuing Operation Net Minority Interest": NaN,
        "Reconciled Depreciation": NaN,
        "Reconciled Cost Of Revenue": NaN,
        "EBITDA": NaN,
        "EBIT": NaN,
        "Net Interest Income": NaN,
        "Interest Expense": NaN,
        "Interest Income": NaN,
        "Normalized Income": NaN,
        "Net Income From Continuing And Discontinued Operation": NaN,
        "Total Expenses": NaN,
        "Rent Expense Supplemental": NaN,
        "Total Operating Income As Reported": NaN,
        "Diluted Average Shares": NaN,
        "Basic Average Shares": NaN,
        "Diluted EPS": NaN,
        "Basic EPS": NaN,
        "Diluted NI Availto Com Stockholders": NaN,
        "Average Dilution Earnings": NaN,
        "Net Income Common Stockholders": NaN,
        "Otherunder Preferred Stock Dividend": -5000000.0,
        "Net Income": NaN,
        "Minority Interests": NaN,
        "Net Income Including Noncontrolling Interests": NaN,
        "Net Income Continuous Operations": NaN,
        "Tax Provision": NaN,
        "Pretax Income": NaN,
        "Other Income Expense": NaN,
        "Other Non Operating Income Expenses": NaN,
        "Special Income Charges": NaN,
        "Restructuring And Mergern Acquisition": NaN,
        "Net Non Operating Interest Income Expense": NaN,
        "Interest Expense Non Operating": NaN,
        "Interest Income Non Operating": NaN,
        "Operating Income": NaN,
        "Operating Expense": NaN,
        "Research And Development": NaN,
        "Selling General And Administration": NaN,
        "Gross Profit": NaN,
        "Cost Of Revenue": NaN,
        "Total Revenue": NaN,
        "Operating Revenue": NaN
    },
    "2022-12-31": {
        "Tax Effect Of Unusual Items": NaN,
        "Tax Rate For Calcs": NaN,
        "Normalized EBITDA": NaN,
        "Total Unusual Items": -34000000.0,
        "Total Unusual Items Excluding Goodwill": -34000000.0,
        "Net Income From Continuing Operation Net Minority Interest": NaN,
        "Reconciled Depreciation": NaN,
        "Reconciled Cost Of Revenue": NaN,
        "EBITDA": NaN,
        "EBIT": NaN,
        "Net Interest Income": NaN,
        "Interest Expense": NaN,
        "Interest Income": NaN,
        "Normalized Income": NaN,
        "Net Income From Continuing And Discontinued Operation": NaN,
        "Total Expenses": NaN,
        "Rent Expense Supplemental": NaN,
        "Total Operating Income As Reported": NaN,
        "Diluted Average Shares": NaN,
        "Basic Average Shares": NaN,
        "Diluted EPS": NaN,
        "Basic EPS": NaN,
        "Diluted NI Availto Com Stockholders": NaN,
        "Average Dilution Earnings": 0.0,
        "Net Income Common Stockholders": NaN,
        "Otherunder Preferred Stock Dividend": NaN,
        "Net Income": NaN,
        "Minority Interests": NaN,
        "Net Income Including Noncontrolling Interests": NaN,
        "Net Income Continuous Operations": NaN,
        "Tax Provision": NaN,
        "Pretax Income": NaN,
        "Other Income Expense": NaN,
        "Other Non Operating Income Expenses": NaN,
        "Special Income Charges": -34000000.0,
        "Restructuring And Mergern Acquisition": 34000000.0,
        "Net Non Operating Interest Income Expense": NaN,
        "Interest Expense Non Operating": NaN,
        "Interest Income Non Operating": NaN,
        "Operating Income": NaN,
        "Operating Expense": NaN,
        "Research And Development": NaN,
        "Selling General And Administration": NaN,
        "Gross Profit": NaN,
        "Cost Of Revenue": NaN,
        "Total Revenue": NaN,
        "Operating Revenue": NaN
    },
    "2022-09-30": {
        "Tax Effect Of Unusual Items": NaN,
        "Tax Rate For Calcs": NaN,
        "Normalized EBITDA": NaN,
        "Total Unusual Items": 0.0,
        "Total Unusual Items Excluding Goodwill": 0.0,
        "Net Income From Continuing Operation Net Minority Interest": NaN,
        "Reconciled Depreciation": NaN,
        "Reconciled Cost Of Revenue": NaN,
        "EBITDA": NaN,
        "EBIT": NaN,
        "Net Interest Income": NaN,
        "Interest Expense": NaN,
        "Interest Income": NaN,
        "Normalized Income": NaN,
        "Net Income From Continuing And Discontinued Operation": NaN,
        "Total Expenses": NaN,
        "Total Operating Income As Reported": NaN,
        "Diluted Average Shares": NaN,
        "Basic Average Shares": NaN,
        "Diluted EPS": NaN,
        "Basic EPS": NaN,
        "Diluted NI Availto Com Stockholders": NaN,
        "Average Dilution Earnings": 0.0,
        "Net Income Common Stockholders": NaN,
        "Otherunder Preferred Stock Dividend": 0.0,
        "Net Income": NaN,
        "Minority Interests": NaN,
        "Net Income Including Noncontrolling Interests": NaN,
        "Net Income Continuous Operations": NaN,
        "Tax Provision": NaN,
        "Pretax Income": NaN,
        "Other Income Expense": NaN,
        "Other Non Operating Income Expenses": NaN,
        "Special Income Charges": 0.0,
        "Restructuring And Mergern Acquisition": 0.0,
        "Net Non Operating Interest Income Expense": NaN,
        "Interest Expense Non Operating": NaN,
        "Interest Income Non Operating": NaN,
        "Operating Income": NaN,
        "Operating Expense": NaN,
        "Research And Development": NaN,
        "Selling General And Administration": NaN,
        "Gross Profit": NaN,
        "Cost Of Revenue": NaN,
        "Total Revenue": NaN,
        "Operating Revenue": NaN
    },
    "2022-06-30": {
        "Tax Effect Of Unusual Items": -11360000.0,
        "Tax Rate For Calcs": 0.08,
        "Normalized EBITDA": 3582000000.0,
        "Total Unusual Items": -142000000.0,
        "Total Unusual Items Excluding Goodwill": -142000000.0,
        "Net Income From Continuing Operation Net Minority Interest": 2259000000.0,
        "Reconciled Depreciation": 922000000.0,
        "Reconciled Cost Of Revenue": 12700000000.0,
        "EBITDA": 3440000000.0,
        "EBIT": 2518000000.0,
        "Net Interest Income": -18000000.0,
        "Interest Expense": 44000000.0,
        "Interest Income": 26000000.0,
        "Normalized Income": 2389640000.0,
        "Net Income From Continuing And Discontinued Operation": 2259000000.0,
        "Total Expenses": 14328000000.0,
        "Total Operating Income As Reported": 2464000000.0,
        "Diluted Average Shares": 3464000000.0,
        "Basic Average Shares": 3111000000.0,
        "Diluted EPS": 0.65,
        "Basic EPS": 0.73,
        "Diluted NI Availto Com Stockholders": 2256000000.0,
        "Average Dilution Earnings": 0.0,
        "Net Income Common Stockholders": 2256000000.0,
        "Otherunder Preferred Stock Dividend": 3000000.0,
        "Net Income": 2259000000.0,
        "Minority Interests": -10000000.0,
        "Net Income Including Noncontrolling Interests": 2269000000.0,
        "Net Income Continuous Operations": 2269000000.0,
        "Tax Provision": 205000000.0,
        "Pretax Income": 2474000000.0,
        "Other Income Expense": -114000000.0,
        "Other Non Operating Income Expenses": 28000000.0,
        "Special Income Charges": -142000000.0,
        "Restructuring And Mergern Acquisition": 142000000.0,
        "Net Non Operating Interest Income Expense": -18000000.0,
        "Interest Expense Non Operating": 44000000.0,
        "Interest Income Non Operating": 26000000.0,
        "Operating Income": 2606000000.0,
        "Operating Expense": 1628000000.0,
        "Research And Development": 667000000.0,
        "Selling General And Administration": 961000000.0,
        "Gross Profit": 4234000000.0,
        "Cost Of Revenue": 12700000000.0,
        "Total Revenue": 16934000000.0,
        "Operating Revenue": 16934000000.0
    },
    "2022-03-31": {
        "Diluted EPS": 0.95,
        "Total Revenue": NaN,
        "Gross Profit": NaN,
        "Operating Income": NaN,
        "EBIT": NaN,
        "Net Income": NaN
    },
    "2021-12-31": {
        "Diluted EPS": 0.68,
        "Total Revenue": NaN,
        "Gross Profit": NaN,
        "Operating Income": NaN,
        "EBIT": NaN,
        "Net Income": NaN
    },
    "2021-09-30": {
        "Diluted EPS": 0.48,
        "Total Revenue": NaN,
        "Gross Profit": NaN,
        "Operating Income": NaN,
        "EBIT": NaN,
        "Net Income": NaN
    },
    "2021-06-30": {
        "Diluted EPS": 0.34,
        "Total Revenue": NaN,
        "Gross Profit": NaN,
        "Operating Income": NaN,
        "EBIT": NaN,
        "Net Income": NaN
    },
    "2021-03-31": {
        "Diluted EPS": 0.13,
        "Total Revenue": NaN,
        "Gross Profit": NaN,
        "Operating Income": 594,
        "EBIT": NaN,
        "Net Income": 438
    },
    "2020-12-31": {
        "Diluted EPS": 0.08,
        "Total Revenue": NaN,
        "Gross Profit": NaN,
        "Operating Income": 575,
        "EBIT": NaN,
        "Net Income": 270
    },
    "2020-09-30": {
        "Diluted EPS": 0.09,
        "Total Revenue": NaN,
        "Gross Profit": NaN,
        "Operating Income": 809,
        "EBIT": NaN,
        "Net Income": 300
    },
    "2020-06-30": {
        "Diluted EPS": 0.03,
        "Total Revenue": NaN,
        "Gross Profit": NaN,
        "Operating Income": 327,
        "EBIT": 894,
        "Net Income": 104
    },
    "2020-03-31": {
        "Diluted EPS": 0.01,
        "Total Revenue": NaN,
        "Gross Profit": NaN,
        "Operating Income": 283,
        "EBIT": 836,
        "Net Income": 16
    },
    "2019-12-31": {
        "Diluted EPS": 0.05,
        "Total Revenue": NaN,
        "Gross Profit": NaN,
        "Operating Income": 359,
        "EBIT": 798,
        "Net Income": 113
    },
    "2019-09-30": {
        "Diluted EPS": 0.05,
        "Total Revenue": NaN,
        "Gross Profit": NaN,
        "Operating Income": 261,
        "EBIT": 847,
        "Net Income": 143
    },
    "2019-06-30": {
        "Diluted EPS": -0.15,
        "Total Revenue": NaN,
        "Gross Profit": 921,
        "Operating Income": -167,
        "EBIT": 454,
        "Net Income": -408
    },
    "2019-03-31": {
        "Diluted EPS": -0.27,
        "Total Revenue": NaN,
        "Gross Profit": 566,
        "Operating Income": -522,
        "EBIT": -14,
        "Net Income": -710
    },
    "2018-12-31": {
        "Diluted EPS": 0.06,
        "Total Revenue": NaN,
        "Gross Profit": NaN,
        "Operating Income": 414,
        "EBIT": 949,
        "Net Income": 140
    },
    "2018-09-30": {
        "Diluted EPS": 0.12,
        "Total Revenue": NaN,
        "Gross Profit": NaN,
        "Operating Income": 416,
        "EBIT": 965,
        "Net Income": 311
    },
    "2018-06-30": {
        "Diluted EPS": -0.28,
        "Total Revenue": NaN,
        "Gross Profit": 619,
        "Operating Income": -621,
        "EBIT": -101,
        "Net Income": -718
    },
    "2018-03-31": {
        "Diluted EPS": -0.28,
        "Total Revenue": NaN,
        "Gross Profit": 457,
        "Operating Income": -597,
        "EBIT": -141,
        "Net Income": -710
    },
    "2017-12-31": {
        "Diluted EPS": -0.27,
        "Total Revenue": NaN,
        "Gross Profit": 439,
        "Operating Income": -598,
        "EBIT": -98,
        "Net Income": -676
    },
    "2017-09-30": {
        "Diluted EPS": -0.25,
        "Total Revenue": NaN,
        "Gross Profit": 449,
        "Operating Income": -535,
        "EBIT": -142,
        "Net Income": -619
    },
    "2017-06-30": {
        "Diluted EPS": -0.14,
        "Total Revenue": NaN,
        "Gross Profit": 667,
        "Operating Income": -241,
        "EBIT": 184,
        "Net Income": -336
    },
    "2017-03-31": {
        "Diluted EPS": -0.14,
        "Total Revenue": NaN,
        "Gross Profit": 668,
        "Operating Income": -258,
        "EBIT": 151,
        "Net Income": -330
    },
    "2016-12-31": {
        "Diluted EPS": -0.04,
        "Total Revenue": NaN,
        "Gross Profit": 435,
        "Operating Income": -267,
        "EBIT": 85,
        "Net Income": -121
    },
    "2016-09-30": {
        "Diluted EPS": 0.01,
        "Total Revenue": NaN,
        "Gross Profit": 637,
        "Operating Income": 86,
        "EBIT": 394,
        "Net Income": 22
    },
    "2016-06-30": {
        "Diluted EPS": -0.14,
        "Total Revenue": NaN,
        "Gross Profit": 275,
        "Operating Income": -238,
        "EBIT": -34,
        "Net Income": -293
    },
    "2016-03-31": {
        "Diluted EPS": -0.14,
        "Total Revenue": NaN,
        "Gross Profit": 252,
        "Operating Income": -248,
        "EBIT": -71,
        "Net Income": -282
    },
    "2015-12-31": {
        "Diluted EPS": -0.17,
        "Total Revenue": NaN,
        "Gross Profit": 219,
        "Operating Income": -260,
        "EBIT": -90,
        "Net Income": -320
    },
    "2015-09-30": {
        "Diluted EPS": -0.12,
        "Total Revenue": 937,
        "Gross Profit": 231,
        "Operating Income": -184,
        "EBIT": -56,
        "Net Income": -230
    },
    "2015-06-30": {
        "Diluted EPS": -0.1,
        "Total Revenue": 955,
        "Gross Profit": 213,
        "Operating Income": -170,
        "EBIT": -63,
        "Net Income": -184
    },
    "2015-03-31": {
        "Diluted EPS": -0.08,
        "Total Revenue": 940,
        "Gross Profit": 260,
        "Operating Income": -102,
        "EBIT": -7,
        "Net Income": -154
    },
    "2014-12-31": {
        "Diluted EPS": -0.06,
        "Total Revenue": 957,
        "Gross Profit": 262,
        "Operating Income": -75,
        "EBIT": 7,
        "Net Income": -108
    },
    "2014-09-30": {
        "Diluted EPS": -0.04,
        "Total Revenue": 852,
        "Gross Profit": 252,
        "Operating Income": -39,
        "EBIT": 49,
        "Net Income": -75
    },
    "2014-06-30": {
        "Diluted EPS": -0.03,
        "Total Revenue": 769,
        "Gross Profit": 213,
        "Operating Income": -29,
        "EBIT": 50,
        "Net Income": -62
    },
    "2014-03-31": {
        "Diluted EPS": -0.03,
        "Total Revenue": 621,
        "Gross Profit": 155,
        "Operating Income": -44,
        "EBIT": 9,
        "Net Income": -50
    },
    "2013-12-31": {
        "Diluted EPS": -0.0,
        "Total Revenue": 615,
        "Gross Profit": 157,
        "Operating Income": -13,
        "EBIT": 28,
        "Net Income": -16
    },
    "2013-09-30": {
        "Diluted EPS": -0.02,
        "Total Revenue": 431,
        "Gross Profit": 103,
        "Operating Income": -31,
        "EBIT": 2,
        "Net Income": -38
    },
    "2013-06-30": {
        "Diluted EPS": -0.02,
        "Total Revenue": 405,
        "Gross Profit": 100,
        "Operating Income": -12,
        "EBIT": 18,
        "Net Income": -31
    },
    "2013-03-31": {
        "Diluted EPS": 0.0,
        "Total Revenue": 562,
        "Gross Profit": 96,
        "Operating Income": -6,
        "EBIT": 12,
        "Net Income": 11
    },
    "2012-12-31": {
        "Diluted EPS": -0.05,
        "Total Revenue": 306,
        "Gross Profit": 24,
        "Operating Income": -91,
        "EBIT": -78,
        "Net Income": -90
    },
    "2012-09-30": {
        "Diluted EPS": -0.07,
        "Total Revenue": 50,
        "Gross Profit": -9,
        "Operating Income": -108,
        "EBIT": -101,
        "Net Income": -111
    },
    "2012-06-30": {
        "Diluted EPS": -0.07,
        "Total Revenue": 27,
        "Gross Profit": 5,
        "Operating Income": -106,
        "EBIT": -102,
        "Net Income": -106
    },
    "2012-03-31": {
        "Diluted EPS": -0.06,
        "Total Revenue": 30,
        "Gross Profit": 10,
        "Operating Income": -89,
        "EBIT": -85,
        "Net Income": -90
    },
    "2011-12-31": {
        "Diluted EPS": -0.05,
        "Total Revenue": 39,
        "Gross Profit": 8,
        "Operating Income": -81,
        "EBIT": -76,
        "Net Income": -81
    },
    "2011-09-30": {
        "Diluted EPS": -0.04,
        "Total Revenue": 58,
        "Gross Profit": 17,
        "Operating Income": -64,
        "EBIT": -60,
        "Net Income": -65
    },
    "2011-06-30": {
        "Diluted EPS": -0.04,
        "Total Revenue": 58,
        "Gross Profit": 19,
        "Operating Income": -59,
        "EBIT": -54,
        "Net Income": -59
    },
    "2011-03-31": {
        "Diluted EPS": -0.03,
        "Total Revenue": 49,
        "Gross Profit": 18,
        "Operating Income": -47,
        "EBIT": -44,
        "Net Income": -49
    },
    "2010-12-31": {
        "Diluted EPS": 0.43,
        "Total Revenue": 36,
        "Gross Profit": 11,
        "Operating Income": -52,
        "EBIT": -49,
        "Net Income": -51
    },
    "2010-09-30": {
        "Diluted EPS": -0.03,
        "Total Revenue": 31,
        "Gross Profit": 9,
        "Operating Income": -38,
        "EBIT": -35,
        "Net Income": -35
    },
    "2010-06-30": {
        "Diluted EPS": -0.34,
        "Total Revenue": 28,
        "Gross Profit": 6,
        "Operating Income": -31,
        "EBIT": -29,
        "Net Income": -39
    },
    "2010-03-31": {
        "Diluted EPS": -0.27,
        "Total Revenue": 21,
        "Gross Profit": 4,
        "Operating Income": -26,
        "EBIT": -24,
        "Net Income": -30
    },
    "2009-12-31": {
        "Diluted EPS": 0.0,
        "Total Revenue": NaN,
        "Gross Profit": NaN,
        "Operating Income": NaN,
        "EBIT": NaN,
        "Net Income": NaN
    },
    "2009-09-30": {
        "Diluted EPS": -0.04,
        "Total Revenue": 46,
        "Gross Profit": 8,
        "Operating Income": -4,
        "EBIT": -2,
        "Net Income": -5
    },
    "2009-06-30": {
        "Diluted EPS": -0.1,
        "Total Revenue": 27,
        "Gross Profit": 2,
        "Operating Income": -8,
        "EBIT": -8,
        "Net Income": -11
    },
    "2023-09-30": {
        "Tax Effect Of Unusual Items": NaN,
        "Tax Rate For Calcs": NaN,
        "Normalized EBITDA": NaN,
        "Total Unusual Items": 0.0,
        "Total Unusual Items Excluding Goodwill": 0.0,
        "Net Income From Continuing Operation Net Minority Interest": NaN,
        "Reconciled Depreciation": NaN,
        "Reconciled Cost Of Revenue": NaN,
        "EBITDA": NaN,
        "EBIT": NaN,
        "Net Interest Income": NaN,
        "Interest Expense": NaN,
        "Interest Income": NaN,
        "Normalized Income": NaN,
        "Net Income From Continuing And Discontinued Operation": NaN,
        "Total Expenses": NaN,
        "Rent Expense Supplemental": NaN,
        "Total Operating Income As Reported": NaN,
        "Diluted Average Shares": 3493000000.0,
        "Basic Average Shares": 3176000000.0,
        "Diluted EPS": 0.53,
        "Basic EPS": 0.58,
        "Diluted NI Availto Com Stockholders": NaN,
        "Average Dilution Earnings": 0.0,
        "Net Income Common Stockholders": NaN,
        "Otherunder Preferred Stock Dividend": 2000000.0,
        "Net Income": NaN,
        "Minority Interests": NaN,
        "Net Income Including Noncontrolling Interests": NaN,
        "Net Income Continuous Operations": NaN,
        "Tax Provision": NaN,
        "Pretax Income": NaN,
        "Other Income Expense": NaN,
        "Other Non Operating Income Expenses": NaN,
        "Special Income Charges": 0.0,
        "Restructuring And Mergern Acquisition": 0.0,
        "Net Non Operating Interest Income Expense": NaN,
        "Interest Expense Non Operating": NaN,
        "Interest Income Non Operating": NaN,
        "Operating Income": NaN,
        "Operating Expense": NaN,
        "Research And Development": NaN,
        "Selling General And Administration": NaN,
        "Gross Profit": NaN,
        "Cost Of Revenue": NaN,
        "Total Revenue": NaN,
        "Operating Revenue": NaN
    },
    "2023-12-31": {
        "Tax Effect Of Unusual Items": 0.0,
        "Tax Rate For Calcs": 0.21,
        "Normalized EBITDA": 3484000000.0,
        "Total Unusual Items": 0.0,
        "Total Unusual Items Excluding Goodwill": 0.0,
        "Net Income From Continuing Operation Net Minority Interest": 7930000000.0,
        "Reconciled Depreciation": 1232000000.0,
        "Reconciled Cost Of Revenue": 20729000000.0,
        "EBITDA": 3484000000.0,
        "EBIT": 2252000000.0,
        "Net Interest Income": 272000000.0,
        "Interest Expense": 61000000.0,
        "Interest Income": 333000000.0,
        "Normalized Income": 7930000000.0,
        "Net Income From Continuing And Discontinued Operation": 7930000000.0,
        "Total Expenses": 23103000000.0,
        "Rent Expense Supplemental": 296000000.0,
        "Total Operating Income As Reported": 2064000000.0,
        "Diluted Average Shares": 3492000000.0,
        "Basic Average Shares": 3181000000.0,
        "Diluted EPS": 2.27,
        "Basic EPS": 2.49,
        "Diluted NI Availto Com Stockholders": 7927000000.0,
        "Average Dilution Earnings": 0.0,
        "Net Income Common Stockholders": 7927000000.0,
        "Otherunder Preferred Stock Dividend": NaN,
        "Net Income": 7930000000.0,
        "Minority Interests": -13000000.0,
        "Net Income Including Noncontrolling Interests": 7943000000.0,
        "Net Income Continuous Operations": 7943000000.0,
        "Tax Provision": -5752000000.0,
        "Pretax Income": 2191000000.0,
        "Other Income Expense": -145000000.0,
        "Other Non Operating Income Expenses": -145000000.0,
        "Special Income Charges": 0.0,
        "Restructuring And Mergern Acquisition": 0.0,
        "Net Non Operating Interest Income Expense": 272000000.0,
        "Interest Expense Non Operating": 61000000.0,
        "Interest Income Non Operating": 333000000.0,
        "Operating Income": 2064000000.0,
        "Operating Expense": 2374000000.0,
        "Research And Development": 1094000000.0,
        "Selling General And Administration": 1280000000.0,
        "Gross Profit": 4438000000.0,
        "Cost Of Revenue": 20729000000.0,
        "Total Revenue": 25167000000.0,
        "Operating Revenue": 25167000000.0
    },
    "2024-03-31": {
        "Tax Effect Of Unusual Items": 0.0,
        "Tax Rate For Calcs": 0.26,
        "Normalized EBITDA": 2875000000.0,
        "Total Unusual Items": NaN,
        "Total Unusual Items Excluding Goodwill": NaN,
        "Net Income From Continuing Operation Net Minority Interest": 1129000000.0,
        "Reconciled Depreciation": 1246000000.0,
        "Reconciled Cost Of Revenue": 17605000000.0,
        "EBITDA": 2875000000.0,
        "EBIT": 1629000000.0,
        "Net Interest Income": 274000000.0,
        "Interest Expense": 76000000.0,
        "Interest Income": 350000000.0,
        "Normalized Income": 1129000000.0,
        "Net Income From Continuing And Discontinued Operation": 1129000000.0,
        "Total Expenses": 20130000000.0,
        "Rent Expense Supplemental": 269000000.0,
        "Total Operating Income As Reported": 1171000000.0,
        "Diluted Average Shares": 3484000000.0,
        "Basic Average Shares": 3186000000.0,
        "Diluted EPS": 0.34,
        "Basic EPS": 0.37,
        "Diluted NI Availto Com Stockholders": 1171000000.0,
        "Average Dilution Earnings": NaN,
        "Net Income Common Stockholders": 1171000000.0,
        "Otherunder Preferred Stock Dividend": -42000000.0,
        "Net Income": 1129000000.0,
        "Minority Interests": -15000000.0,
        "Net Income Including Noncontrolling Interests": 1144000000.0,
        "Net Income Continuous Operations": 1144000000.0,
        "Tax Provision": 409000000.0,
        "Pretax Income": 1553000000.0,
        "Other Income Expense": 108000000.0,
        "Other Non Operating Income Expenses": 108000000.0,
        "Special Income Charges": NaN,
        "Restructuring And Mergern Acquisition": NaN,
        "Net Non Operating Interest Income Expense": 274000000.0,
        "Interest Expense Non Operating": 76000000.0,
        "Interest Income Non Operating": 350000000.0,
        "Operating Income": 1171000000.0,
        "Operating Expense": 2525000000.0,
        "Research And Development": 1151000000.0,
        "Selling General And Administration": 1374000000.0,
        "Gross Profit": 3696000000.0,
        "Cost Of Revenue": 17605000000.0,
        "Total Revenue": 21301000000.0,
        "Operating Revenue": 21301000000.0
    },
    "2024-06-30": {
        "Tax Effect Of Unusual Items": -130620000.0,
        "Tax Rate For Calcs": 0.21,
        "Normalized EBITDA": 3873000000.0,
        "Total Unusual Items": -622000000.0,
        "Total Unusual Items Excluding Goodwill": -622000000.0,
        "Net Income From Continuing Operation Net Minority Interest": 1478000000.0,
        "Reconciled Depreciation": 1278000000.0,
        "Reconciled Cost Of Revenue": 20922000000.0,
        "EBITDA": 3251000000.0,
        "EBIT": 1973000000.0,
        "Net Interest Income": 262000000.0,
        "Interest Expense": 86000000.0,
        "Interest Income": 348000000.0,
        "Normalized Income": 1969380000.0,
        "Net Income From Continuing And Discontinued Operation": 1478000000.0,
        "Total Expenses": 23273000000.0,
        "Rent Expense Supplemental": 245000000.0,
        "Total Operating Income As Reported": 1605000000.0,
        "Diluted Average Shares": 3481000000.0,
        "Basic Average Shares": 3191000000.0,
        "Diluted EPS": 0.42,
        "Basic EPS": 0.46,
        "Diluted NI Availto Com Stockholders": 1478000000.0,
        "Average Dilution Earnings": NaN,
        "Net Income Common Stockholders": 1478000000.0,
        "Otherunder Preferred Stock Dividend": NaN,
        "Net Income": 1478000000.0,
        "Minority Interests": -16000000.0,
        "Net Income Including Noncontrolling Interests": 1494000000.0,
        "Net Income Continuous Operations": 1494000000.0,
        "Tax Provision": 393000000.0,
        "Pretax Income": 1887000000.0,
        "Other Income Expense": -602000000.0,
        "Other Non Operating Income Expenses": 20000000.0,
        "Special Income Charges": -622000000.0,
        "Restructuring And Mergern Acquisition": 622000000.0,
        "Net Non Operating Interest Income Expense": 262000000.0,
        "Interest Expense Non Operating": 86000000.0,
        "Interest Income Non Operating": 348000000.0,
        "Operating Income": 2227000000.0,
        "Operating Expense": 2351000000.0,
        "Research And Development": 1074000000.0,
        "Selling General And Administration": 1277000000.0,
        "Gross Profit": 4578000000.0,
        "Cost Of Revenue": 20922000000.0,
        "Total Revenue": 25500000000.0,
        "Operating Revenue": 25500000000.0
    },
    "2024-09-30": {
        "Tax Effect Of Unusual Items": -12100000.0,
        "Tax Rate For Calcs": 0.22,
        "Normalized EBITDA": 4279000000.0,
        "Total Unusual Items": -55000000.0,
        "Total Unusual Items Excluding Goodwill": -55000000.0,
        "Net Income From Continuing Operation Net Minority Interest": 2167000000.0,
        "Reconciled Depreciation": 1348000000.0,
        "Reconciled Cost Of Revenue": 20185000000.0,
        "EBITDA": 4224000000.0,
        "EBIT": 2876000000.0,
        "Net Interest Income": 337000000.0,
        "Interest Expense": 92000000.0,
        "Interest Income": 429000000.0,
        "Normalized Income": 2209900000.0,
        "Net Income From Continuing And Discontinued Operation": 2167000000.0,
        "Total Expenses": 22410000000.0,
        "Rent Expense Supplemental": 247000000.0,
        "Total Operating Income As Reported": 2717000000.0,
        "Diluted Average Shares": 3497000000.0,
        "Basic Average Shares": 3198000000.0,
        "Diluted EPS": 0.62,
        "Basic EPS": 0.68,
        "Diluted NI Availto Com Stockholders": 2167000000.0,
        "Average Dilution Earnings": NaN,
        "Net Income Common Stockholders": 2167000000.0,
        "Otherunder Preferred Stock Dividend": 0.0,
        "Net Income": 2167000000.0,
        "Minority Interests": -16000000.0,
        "Net Income Including Noncontrolling Interests": 2183000000.0,
        "Net Income Continuous Operations": 2183000000.0,
        "Tax Provision": 601000000.0,
        "Pretax Income": 2784000000.0,
        "Other Income Expense": -325000000.0,
        "Other Non Operating Income Expenses": -270000000.0,
        "Special Income Charges": -55000000.0,
        "Restructuring And Mergern Acquisition": 55000000.0,
        "Net Non Operating Interest Income Expense": 337000000.0,
        "Interest Expense Non Operating": 92000000.0,
        "Interest Income Non Operating": 429000000.0,
        "Operating Income": 2772000000.0,
        "Operating Expense": 2225000000.0,
        "Research And Development": 1039000000.0,
        "Selling General And Administration": 1186000000.0,
        "Gross Profit": 4997000000.0,
        "Cost Of Revenue": 20185000000.0,
        "Total Revenue": 25182000000.0,
        "Operating Revenue": 25182000000.0
    },
    "2024-12-31": {
        "Tax Effect Of Unusual Items": -1098336.948662,
        "Tax Rate For Calcs": 0.156905,
        "Normalized EBITDA": 4365000000.0,
        "Total Unusual Items": -7000000.0,
        "Total Unusual Items Excluding Goodwill": -7000000.0,
        "Net Income From Continuing Operation Net Minority Interest": 2356000000.0,
        "Reconciled Depreciation": 1496000000.0,
        "Reconciled Cost Of Revenue": 21528000000.0,
        "EBITDA": 4358000000.0,
        "EBIT": 2862000000.0,
        "Net Interest Income": 346000000.0,
        "Interest Expense": 96000000.0,
        "Interest Income": 442000000.0,
        "Normalized Income": 2361901663.051338,
        "Net Income From Continuing And Discontinued Operation": 2356000000.0,
        "Total Expenses": 24117000000.0,
        "Rent Expense Supplemental": 242000000.0,
        "Total Operating Income As Reported": 1583000000.0,
        "Diluted Average Shares": NaN,
        "Basic Average Shares": NaN,
        "Diluted EPS": NaN,
        "Basic EPS": NaN,
        "Diluted NI Availto Com Stockholders": 2314000000.0,
        "Average Dilution Earnings": NaN,
        "Net Income Common Stockholders": 2314000000.0,
        "Otherunder Preferred Stock Dividend": NaN,
        "Net Income": 2356000000.0,
        "Minority Interests": 24000000.0,
        "Net Income Including Noncontrolling Interests": 2332000000.0,
        "Net Income Continuous Operations": 2332000000.0,
        "Tax Provision": 434000000.0,
        "Pretax Income": 2766000000.0,
        "Other Income Expense": 830000000.0,
        "Other Non Operating Income Expenses": 837000000.0,
        "Special Income Charges": -7000000.0,
        "Restructuring And Mergern Acquisition": 7000000.0,
        "Net Non Operating Interest Income Expense": 346000000.0,
        "Interest Expense Non Operating": 96000000.0,
        "Interest Income Non Operating": 442000000.0,
        "Operating Income": 1590000000.0,
        "Operating Expense": 2589000000.0,
        "Research And Development": 1276000000.0,
        "Selling General And Administration": 1313000000.0,
        "Gross Profit": 4179000000.0,
        "Cost Of Revenue": 21528000000.0,
        "Total Revenue": 25707000000.0,
        "Operating Revenue": 25707000000.0
    }
}