{
    "2023-02-28": {
        "Tax Effect Of Unusual Items": -863.52,
        "Tax Rate For Calcs": 0.21,
        "Normalized EBITDA": 284746.0,
        "Total Unusual Items": -4112.0,
        "Total Unusual Items Excluding Goodwill": -4112.0,
        "Net Income From Continuing Operation Net Minority Interest": 79640.0,
        "Reconciled Depreciation": 59706.0,
        "Reconciled Cost Of Revenue": 20267337.0,
        "EBITDA": 280634.0,
        "EBIT": 220928.0,
        "Net Interest Income": -9069.0,
        "Interest Expense": 9069.0,
        "Normalized Income": 82888.48,
        "Net Income From Continuing And Discontinued Operation": 79640.0,
        "Total Expenses": 24036239.0,
        "Total Operating Income As Reported": 220928.0,
        "Diluted Average Shares": 2234600.0,
        "Basic Average Shares": 2134660.0,
        "Diluted EPS": 0.04,
        "Basic EPS": 0.04,
        "Diluted NI Availto Com Stockholders": 79640.0,
        "Net Income Common Stockholders": 79640.0,
        "Net Income": 79640.0,
        "Minority Interests": -18107.0,
        "Net Income Including Noncontrolling Interests": 97747.0,
        "Net Income Continuous Operations": 97747.0,
        "Tax Provision": 110000.0,
        "Pretax Income": 207747.0,
        "Other Income Expense": -4112.0,
        "Special Income Charges": 0.0,
        "Other Special Charges": NaN,
        "Gain On Sale Of Security": -4112.0,
        "Net Non Operating Interest Income Expense": -9069.0,
        "Total Other Finance Cost": 9069.0,
        "Interest Expense Non Operating": 9069.0,
        "Operating Income": 220928.0,
        "Operating Expense": 3768902.0,
        "Selling General And Administration": 3768902.0,
        "Gross Profit": 3989830.0,
        "Cost Of Revenue": 20267337.0,
        "Total Revenue": 24257167.0,
        "Operating Revenue": 24257167.0
    },
    "2022-11-30": {
        "Tax Effect Of Unusual Items": NaN,
        "Tax Rate For Calcs": NaN,
        "Normalized EBITDA": NaN,
        "Total Unusual Items": NaN,
        "Total Unusual Items Excluding Goodwill": NaN,
        "Net Income From Continuing Operation Net Minority Interest": NaN,
        "Reconciled Depreciation": NaN,
        "Reconciled Cost Of Revenue": NaN,
        "EBITDA": NaN,
        "EBIT": NaN,
        "Net Interest Income": NaN,
        "Interest Expense": 16670.0,
        "Normalized Income": NaN,
        "Net Income From Continuing And Discontinued Operation": NaN,
        "Total Expenses": NaN,
        "Total Operating Income As Reported": NaN,
        "Diluted Average Shares": 2232332.0,
        "Basic Average Shares": 2139861.0,
        "Diluted EPS": 0.3,
        "Basic EPS": 0.31,
        "Diluted NI Availto Com Stockholders": NaN,
        "Net Income Common Stockholders": NaN,
        "Net Income": NaN,
        "Minority Interests": NaN,
        "Net Income Including Noncontrolling Interests": NaN,
        "Net Income Continuous Operations": NaN,
        "Tax Provision": NaN,
        "Pretax Income": NaN,
        "Other Income Expense": NaN,
        "Special Income Charges": 0.0,
        "Other Special Charges": NaN,
        "Gain On Sale Of Security": NaN,
        "Net Non Operating Interest Income Expense": NaN,
        "Total Other Finance Cost": 16670.0,
        "Interest Expense Non Operating": 16670.0,
        "Operating Income": NaN,
        "Operating Expense": NaN,
        "Selling General And Administration": NaN,
        "Gross Profit": NaN,
        "Cost Of Revenue": NaN,
        "Total Revenue": NaN,
        "Operating Revenue": NaN
    },
    "2022-08-31": {
        "Tax Effect Of Unusual Items": NaN,
        "Tax Rate For Calcs": NaN,
        "Normalized EBITDA": NaN,
        "Total Unusual Items": NaN,
        "Total Unusual Items Excluding Goodwill": NaN,
        "Net Income From Continuing Operation Net Minority Interest": NaN,
        "Reconciled Depreciation": NaN,
        "Reconciled Cost Of Revenue": NaN,
        "EBITDA": NaN,
        "EBIT": NaN,
        "Net Interest Income": NaN,
        "Interest Expense": 19168.0,
        "Normalized Income": NaN,
        "Net Income From Continuing And Discontinued Operation": NaN,
        "Total Expenses": NaN,
        "Total Operating Income As Reported": NaN,
        "Diluted Average Shares": NaN,
        "Basic Average Shares": NaN,
        "Diluted EPS": NaN,
        "Basic EPS": NaN,
        "Diluted NI Availto Com Stockholders": NaN,
        "Net Income Common Stockholders": NaN,
        "Net Income": NaN,
        "Minority Interests": NaN,
        "Net Income Including Noncontrolling Interests": NaN,
        "Net Income Continuous Operations": NaN,
        "Tax Provision": NaN,
        "Pretax Income": NaN,
        "Other Income Expense": NaN,
        "Special Income Charges": 0.0,
        "Other Special Charges": NaN,
        "Gain On Sale Of Security": NaN,
        "Net Non Operating Interest Income Expense": NaN,
        "Total Other Finance Cost": NaN,
        "Interest Expense Non Operating": 19168.0,
        "Operating Income": NaN,
        "Operating Expense": NaN,
        "Selling General And Administration": NaN,
        "Gross Profit": NaN,
        "Cost Of Revenue": NaN,
        "Total Revenue": NaN,
        "Operating Revenue": NaN
    },
    "2022-05-31": {
        "Tax Effect Of Unusual Items": 0.0,
        "Tax Rate For Calcs": 0.0,
        "Normalized EBITDA": 420328.0,
        "Total Unusual Items": -2624.0,
        "Total Unusual Items Excluding Goodwill": -2624.0,
        "Net Income From Continuing Operation Net Minority Interest": 331252.0,
        "Reconciled Depreciation": 64872.0,
        "Reconciled Cost Of Revenue": 21853084.0,
        "EBIT": 352832.0,
        "Net Interest Income": -20817.0,
        "Interest Expense": 20817.0,
        "Normalized Income": 333876.0,
        "Net Income From Continuing And Discontinued Operation": 331252.0,
        "Total Expenses": 25844209.0,
        "Total Operating Income As Reported": 355456.0,
        "Diluted Average Shares": 2190664.0,
        "Basic Average Shares": 2147862.0,
        "Diluted EPS": 0.09,
        "Basic EPS": 0.09,
        "Diluted NI Availto Com Stockholders": 331252.0,
        "Net Income Common Stockholders": 331252.0,
        "Net Income": 331252.0,
        "Minority Interests": -763.0,
        "Net Income Including Noncontrolling Interests": 332015.0,
        "Net Income Continuous Operations": 332015.0,
        "Tax Provision": 0.0,
        "Pretax Income": 332015.0,
        "Other Income Expense": -2624.0,
        "Special Income Charges": 0.0,
        "Other Special Charges": 0.0,
        "Gain On Sale Of Security": -2624.0,
        "Net Non Operating Interest Income Expense": -20817.0,
        "Interest Expense Non Operating": 20817.0,
        "Operating Income": 355456.0,
        "Operating Expense": 3991125.0,
        "Selling General And Administration": 3991125.0,
        "Gross Profit": 4346581.0,
        "Cost Of Revenue": 21853084.0,
        "Total Revenue": 26199665.0,
        "Operating Revenue": 26199665.0
    },
    "2022-02-28": {
        "Diluted EPS": -0.02,
        "Total Revenue": 24,
        "Gross Profit": 4,
        "Operating Income": 0,
        "EBIT": 0,
        "Net Income": 0
    },
    "2021-11-30": {
        "Diluted EPS": 0.12,
        "Total Revenue": 24,
        "Gross Profit": 4,
        "Operating Income": 0,
        "EBIT": 0,
        "Net Income": 0
    },
    "2021-08-31": {
        "Diluted EPS": 3.18,
        "Total Revenue": 23,
        "Gross Profit": 4,
        "Operating Income": 0,
        "EBIT": 0,
        "Net Income": 6
    },
    "2021-05-31": {
        "Diluted EPS": -0.02,
        "Total Revenue": 21,
        "Gross Profit": 3,
        "Operating Income": 0,
        "EBIT": 0,
        "Net Income": 0
    },
    "2021-02-28": {
        "Diluted EPS": -0.16,
        "Total Revenue": 17,
        "Gross Profit": 3,
        "Operating Income": 0,
        "EBIT": 0,
        "Net Income": 0
    },
    "2020-11-30": {
        "Diluted EPS": -0.13,
        "Total Revenue": 16,
        "Gross Profit": 3,
        "Operating Income": 0,
        "EBIT": 0,
        "Net Income": 0
    },
    "2020-08-31": {
        "Diluted EPS": 0.0,
        "Total Revenue": 15,
        "Gross Profit": 2,
        "Operating Income": 0,
        "EBIT": 0,
        "Net Income": 0
    },
    "2020-05-31": {
        "Diluted EPS": 0.22,
        "Total Revenue": 15,
        "Gross Profit": 2,
        "Operating Income": 0,
        "EBIT": 0,
        "Net Income": 0
    },
    "2020-02-29": {
        "Diluted EPS": -0.48,
        "Total Revenue": 14,
        "Gross Profit": 2,
        "Operating Income": -1,
        "EBIT": -1,
        "Net Income": -1
    },
    "2019-11-30": {
        "Diluted EPS": 0.03,
        "Total Revenue": 15,
        "Gross Profit": 2,
        "Operating Income": 0,
        "EBIT": 0,
        "Net Income": 0
    },
    "2019-08-31": {
        "Diluted EPS": -0.34,
        "Total Revenue": 15,
        "Gross Profit": 2,
        "Operating Income": -1,
        "EBIT": -1,
        "Net Income": -1
    },
    "2019-05-31": {
        "Diluted EPS": -0.31,
        "Total Revenue": 16,
        "Gross Profit": 2,
        "Operating Income": -1,
        "EBIT": -1,
        "Net Income": -1
    },
    "2019-02-28": {
        "Diluted EPS": -0.34,
        "Total Revenue": 15,
        "Gross Profit": 2,
        "Operating Income": -1,
        "EBIT": -1,
        "Net Income": -1
    },
    "2018-11-30": {
        "Diluted EPS": -0.05,
        "Total Revenue": 16,
        "Gross Profit": 3,
        "Operating Income": 0,
        "EBIT": 0,
        "Net Income": 0
    },
    "2018-08-31": {
        "Diluted EPS": 0.02,
        "Total Revenue": 17,
        "Gross Profit": 3,
        "Operating Income": 0,
        "EBIT": 0,
        "Net Income": 0
    },
    "2018-05-31": {
        "Diluted EPS": 0.07,
        "Total Revenue": 16,
        "Gross Profit": 3,
        "Operating Income": 0,
        "EBIT": 0,
        "Net Income": 0
    },
    "2018-02-28": {
        "Diluted EPS": -0.01,
        "Total Revenue": 15,
        "Gross Profit": 2,
        "Operating Income": 0,
        "EBIT": 0,
        "Net Income": 0
    },
    "2017-11-30": {
        "Diluted EPS": 0.12,
        "Total Revenue": 17,
        "Gross Profit": 3,
        "Operating Income": 0,
        "EBIT": 0,
        "Net Income": 0
    },
    "2017-08-31": {
        "Diluted EPS": 0.07,
        "Total Revenue": 17,
        "Gross Profit": 3,
        "Operating Income": 0,
        "EBIT": 0,
        "Net Income": 0
    },
    "2017-05-31": {
        "Diluted EPS": 0.03,
        "Total Revenue": 17,
        "Gross Profit": 3,
        "Operating Income": 0,
        "EBIT": 0,
        "Net Income": 0
    },
    "2017-02-28": {
        "Diluted EPS": -0.03,
        "Total Revenue": 15,
        "Gross Profit": 2,
        "Operating Income": 0,
        "EBIT": 0,
        "Net Income": 0
    },
    "2016-11-30": {
        "Diluted EPS": 0.06,
        "Total Revenue": 15,
        "Gross Profit": 3,
        "Operating Income": 0,
        "EBIT": 0,
        "Net Income": 0
    },
    "2016-08-31": {
        "Diluted EPS": 0.08,
        "Total Revenue": 15,
        "Gross Profit": 3,
        "Operating Income": 0,
        "EBIT": 0,
        "Net Income": 0
    },
    "2016-05-31": {
        "Diluted EPS": 0.08,
        "Total Revenue": 16,
        "Gross Profit": 3,
        "Operating Income": 0,
        "EBIT": 0,
        "Net Income": 0
    },
    "2016-02-29": {
        "Diluted EPS": -0.01,
        "Total Revenue": 15,
        "Gross Profit": 2,
        "Operating Income": 0,
        "EBIT": 0,
        "Net Income": 0
    },
    "2015-11-30": {
        "Diluted EPS": 0.06,
        "Total Revenue": 15,
        "Gross Profit": 3,
        "Operating Income": 0,
        "EBIT": 0,
        "Net Income": 0
    },
    "2015-08-31": {
        "Diluted EPS": 0.07,
        "Total Revenue": 15,
        "Gross Profit": 3,
        "Operating Income": 0,
        "EBIT": 0,
        "Net Income": 0
    },
    "2015-05-31": {
        "Diluted EPS": 0.06,
        "Total Revenue": 15,
        "Gross Profit": 2,
        "Operating Income": 0,
        "EBIT": 0,
        "Net Income": 0
    },
    "2015-02-28": {
        "Diluted EPS": -0.04,
        "Total Revenue": 14,
        "Gross Profit": 2,
        "Operating Income": 0,
        "EBIT": 0,
        "Net Income": 0
    },
    "2014-11-30": {
        "Diluted EPS": 0.07,
        "Total Revenue": 15,
        "Gross Profit": 2,
        "Operating Income": 0,
        "EBIT": 0,
        "Net Income": 0
    },
    "2014-08-31": {
        "Diluted EPS": 0.01,
        "Total Revenue": 14,
        "Gross Profit": 2,
        "Operating Income": 0,
        "EBIT": 0,
        "Net Income": 0
    },
    "2014-05-31": {
        "Diluted EPS": -0.02,
        "Total Revenue": 13,
        "Gross Profit": 2,
        "Operating Income": 0,
        "EBIT": 0,
        "Net Income": 0
    },
    "2014-02-28": {
        "Diluted EPS": -0.05,
        "Total Revenue": 12,
        "Gross Profit": 2,
        "Operating Income": 0,
        "EBIT": 0,
        "Net Income": 0
    },
    "2013-11-30": {
        "Diluted EPS": 0.02,
        "Total Revenue": 12,
        "Gross Profit": 2,
        "Operating Income": 0,
        "EBIT": 0,
        "Net Income": 0
    },
    "2013-08-31": {
        "Diluted EPS": 0.01,
        "Total Revenue": 12,
        "Gross Profit": 2,
        "Operating Income": 0,
        "EBIT": 0,
        "Net Income": 0
    },
    "2013-05-31": {
        "Diluted EPS": 0.01,
        "Total Revenue": 13,
        "Gross Profit": 2,
        "Operating Income": 0,
        "EBIT": 0,
        "Net Income": 0
    },
    "2013-02-28": {
        "Diluted EPS": -0.13,
        "Total Revenue": 11,
        "Gross Profit": 2,
        "Operating Income": 0,
        "EBIT": 0,
        "Net Income": 0
    },
    "2012-11-30": {
        "Diluted EPS": -0.09,
        "Total Revenue": 11,
        "Gross Profit": 2,
        "Operating Income": 0,
        "EBIT": 0,
        "Net Income": 0
    },
    "2012-08-31": {
        "Diluted EPS": -0.05,
        "Total Revenue": 11,
        "Gross Profit": 2,
        "Operating Income": 0,
        "EBIT": 0,
        "Net Income": 0
    },
    "2012-05-31": {
        "Diluted EPS": -0.02,
        "Total Revenue": 12,
        "Gross Profit": 2,
        "Operating Income": 0,
        "EBIT": 0,
        "Net Income": 0
    },
    "2012-02-29": {
        "Diluted EPS": -0.05,
        "Total Revenue": 11,
        "Gross Profit": 2,
        "Operating Income": 0,
        "EBIT": 0,
        "Net Income": 0
    },
    "2011-11-30": {
        "Diluted EPS": 0.02,
        "Total Revenue": 11,
        "Gross Profit": 2,
        "Operating Income": 0,
        "EBIT": 0,
        "Net Income": 0
    },
    "2011-08-31": {
        "Diluted EPS": 0.02,
        "Total Revenue": 11,
        "Gross Profit": 2,
        "Operating Income": 0,
        "EBIT": 0,
        "Net Income": 0
    },
    "2011-05-31": {
        "Diluted EPS": 0.05,
        "Total Revenue": 11,
        "Gross Profit": 2,
        "Operating Income": 0,
        "EBIT": 0,
        "Net Income": 0
    },
    "2011-02-28": {
        "Diluted EPS": -0.03,
        "Total Revenue": 9,
        "Gross Profit": 2,
        "Operating Income": 0,
        "EBIT": 0,
        "Net Income": 0
    },
    "2010-11-30": {
        "Diluted EPS": 0.07,
        "Total Revenue": 10,
        "Gross Profit": 2,
        "Operating Income": 0,
        "EBIT": 0,
        "Net Income": 0
    },
    "2010-08-31": {
        "Diluted EPS": 0.01,
        "Total Revenue": 9,
        "Gross Profit": 2,
        "Operating Income": 0,
        "EBIT": 0,
        "Net Income": 0
    },
    "2010-05-31": {
        "Diluted EPS": -0.01,
        "Total Revenue": 10,
        "Gross Profit": 2,
        "Operating Income": 0,
        "EBIT": 0,
        "Net Income": 0
    },
    "2010-02-28": {
        "Diluted EPS": 0.0,
        "Total Revenue": 9,
        "Gross Profit": 2,
        "Operating Income": 0,
        "EBIT": 0,
        "Net Income": 0
    },
    "2009-11-30": {
        "Diluted EPS": 0.04,
        "Total Revenue": 9,
        "Gross Profit": 2,
        "Operating Income": 0,
        "EBIT": 0,
        "Net Income": 0
    },
    "2009-08-31": {
        "Diluted EPS": 0.04,
        "Total Revenue": 9,
        "Gross Profit": 2,
        "Operating Income": 0,
        "EBIT": 0,
        "Net Income": 0
    },
    "2009-05-31": {
        "Diluted EPS": 0.06,
        "Total Revenue": 9,
        "Gross Profit": 2,
        "Operating Income": 0,
        "EBIT": 0,
        "Net Income": 0
    },
    "2009-02-28": {
        "Diluted EPS": 0.04,
        "Total Revenue": 10,
        "Gross Profit": 2,
        "Operating Income": 0,
        "EBIT": 0,
        "Net Income": 0
    },
    "2023-05-31": {
        "Tax Effect Of Unusual Items": 1477.407386,
        "Tax Rate For Calcs": 0.28368,
        "Normalized EBITDA": 774397.0,
        "Total Unusual Items": 5208.0,
        "Total Unusual Items Excluding Goodwill": 5208.0,
        "Net Income From Continuing Operation Net Minority Interest": 493846.0,
        "Reconciled Depreciation": 59787.0,
        "Reconciled Cost Of Revenue": 20513452.0,
        "EBITDA": 779605.0,
        "EBIT": 719818.0,
        "Net Interest Income": -7749.0,
        "Interest Expense": 7749.0,
        "Normalized Income": 490115.407386,
        "Net Income From Continuing And Discontinued Operation": 493846.0,
        "Total Expenses": 24231044.0,
        "Total Operating Income As Reported": 714610.0,
        "Diluted Average Shares": NaN,
        "Basic Average Shares": NaN,
        "Diluted EPS": NaN,
        "Basic EPS": NaN,
        "Diluted NI Availto Com Stockholders": 493846.0,
        "Net Income Common Stockholders": 493846.0,
        "Net Income": 493846.0,
        "Minority Interests": -16223.0,
        "Net Income Including Noncontrolling Interests": 510069.0,
        "Net Income Continuous Operations": 510069.0,
        "Tax Provision": 202000.0,
        "Pretax Income": 712069.0,
        "Other Income Expense": 5208.0,
        "Special Income Charges": 0.0,
        "Other Special Charges": NaN,
        "Gain On Sale Of Security": 5208.0,
        "Net Non Operating Interest Income Expense": -7749.0,
        "Total Other Finance Cost": NaN,
        "Interest Expense Non Operating": 7749.0,
        "Operating Income": 714610.0,
        "Operating Expense": 3717592.0,
        "Selling General And Administration": 3717592.0,
        "Gross Profit": 4432202.0,
        "Cost Of Revenue": 20513452.0,
        "Total Revenue": 24945654.0,
        "Operating Revenue": 24945654.0
    },
    "2023-08-31": {
        "Tax Effect Of Unusual Items": 775.52,
        "Tax Rate For Calcs": 0.262,
        "Normalized EBITDA": 834696.0,
        "Total Unusual Items": 2960.0,
        "Total Unusual Items Excluding Goodwill": 2960.0,
        "Net Income From Continuing Operation Net Minority Interest": 546788.0,
        "Reconciled Depreciation": 59746.0,
        "Reconciled Cost Of Revenue": 18486579.0,
        "EBITDA": 837656.0,
        "EBIT": 777910.0,
        "Net Interest Income": -3246.0,
        "Interest Expense": 3246.0,
        "Normalized Income": 544603.52,
        "Net Income From Continuing And Discontinued Operation": 546788.0,
        "Total Expenses": 21738340.0,
        "Total Operating Income As Reported": 774950.0,
        "Diluted Average Shares": 2247300.0,
        "Basic Average Shares": 2143712.0,
        "Diluted EPS": 0.24,
        "Basic EPS": 0.26,
        "Diluted NI Availto Com Stockholders": 546788.0,
        "Net Income Common Stockholders": 546788.0,
        "Net Income": 546788.0,
        "Minority Interests": -24876.0,
        "Net Income Including Noncontrolling Interests": 571664.0,
        "Net Income Continuous Operations": 571664.0,
        "Tax Provision": 203000.0,
        "Pretax Income": 774664.0,
        "Other Income Expense": 2960.0,
        "Special Income Charges": NaN,
        "Other Special Charges": NaN,
        "Gain On Sale Of Security": 2960.0,
        "Net Non Operating Interest Income Expense": -3246.0,
        "Total Other Finance Cost": NaN,
        "Interest Expense Non Operating": 3246.0,
        "Operating Income": 774950.0,
        "Operating Expense": 3251761.0,
        "Selling General And Administration": 3251761.0,
        "Gross Profit": 4026711.0,
        "Cost Of Revenue": 18486579.0,
        "Total Revenue": 22513290.0,
        "Operating Revenue": 22513290.0
    },
    "2023-11-30": {
        "Tax Effect Of Unusual Items": 2072.608,
        "Tax Rate For Calcs": 0.271,
        "Normalized EBITDA": 680057.0,
        "Total Unusual Items": 7648.0,
        "Total Unusual Items Excluding Goodwill": 7648.0,
        "Net Income From Continuing Operation Net Minority Interest": 459985.0,
        "Reconciled Depreciation": 54747.0,
        "Reconciled Cost Of Revenue": 17839415.0,
        "EBITDA": 687705.0,
        "EBIT": 632958.0,
        "Net Interest Income": 27022.0,
        "Interest Expense": NaN,
        "Normalized Income": 454409.608,
        "Net Income From Continuing And Discontinued Operation": 459985.0,
        "Total Expenses": 21024519.0,
        "Total Operating Income As Reported": 632958.0,
        "Diluted Average Shares": 2250118.0,
        "Basic Average Shares": 2143712.0,
        "Diluted EPS": 0.2,
        "Basic EPS": 0.21,
        "Diluted NI Availto Com Stockholders": 459985.0,
        "Net Income Common Stockholders": 459985.0,
        "Net Income": 459985.0,
        "Minority Interests": -26643.0,
        "Net Income Including Noncontrolling Interests": 486628.0,
        "Net Income Continuous Operations": 486628.0,
        "Tax Provision": 181000.0,
        "Pretax Income": 667628.0,
        "Other Income Expense": 7648.0,
        "Special Income Charges": NaN,
        "Other Special Charges": NaN,
        "Gain On Sale Of Security": 7648.0,
        "Net Non Operating Interest Income Expense": 27022.0,
        "Total Other Finance Cost": -27022.0,
        "Interest Expense Non Operating": NaN,
        "Operating Income": 632958.0,
        "Operating Expense": 3185104.0,
        "Selling General And Administration": 3185104.0,
        "Gross Profit": 3818062.0,
        "Cost Of Revenue": 17839415.0,
        "Total Revenue": 21657477.0,
        "Operating Revenue": 21657477.0
    },
    "2024-02-29": {
        "Tax Effect Of Unusual Items": 111929.59,
        "Tax Rate For Calcs": 0.205,
        "Normalized EBITDA": -539190.0,
        "Total Unusual Items": 545998.0,
        "Total Unusual Items Excluding Goodwill": 545998.0,
        "Net Income From Continuing Operation Net Minority Interest": 411092.0,
        "Reconciled Depreciation": 44250.0,
        "Reconciled Cost Of Revenue": 16372675.0,
        "EBITDA": 6808.0,
        "EBIT": -37442.0,
        "Net Interest Income": 28412.0,
        "Interest Expense": NaN,
        "Normalized Income": -22976.41,
        "Net Income From Continuing And Discontinued Operation": 411092.0,
        "Total Expenses": 19740434.0,
        "Total Operating Income As Reported": -37442.0,
        "Diluted Average Shares": 2152323.0,
        "Basic Average Shares": 2152323.0,
        "Diluted EPS": 0.19,
        "Basic EPS": 0.19,
        "Diluted NI Availto Com Stockholders": 411092.0,
        "Net Income Common Stockholders": 411092.0,
        "Net Income": 411092.0,
        "Minority Interests": -15876.0,
        "Net Income Including Noncontrolling Interests": 426968.0,
        "Net Income Continuous Operations": 426968.0,
        "Tax Provision": 110000.0,
        "Pretax Income": 536968.0,
        "Other Income Expense": 545998.0,
        "Special Income Charges": 547318.0,
        "Other Special Charges": -547318.0,
        "Gain On Sale Of Security": -1320.0,
        "Net Non Operating Interest Income Expense": 28412.0,
        "Total Other Finance Cost": -28412.0,
        "Interest Expense Non Operating": NaN,
        "Operating Income": -37442.0,
        "Operating Expense": 3367759.0,
        "Selling General And Administration": 3367759.0,
        "Gross Profit": 3330317.0,
        "Cost Of Revenue": 16372675.0,
        "Total Revenue": 19702992.0,
        "Operating Revenue": 19702992.0
    }
}