{
    "2023-04-30": {
        "Tax Effect Of Unusual Items": 0.0,
        "Tax Rate For Calcs": 0.206,
        "Normalized EBITDA": 253386000.0,
        "Net Income From Continuing Operation Net Minority Interest": 167465000.0,
        "Reconciled Depreciation": 27856000.0,
        "Reconciled Cost Of Revenue": 859605000.0,
        "EBIT": 225530000.0,
        "Net Interest Income": -14711000.0,
        "Interest Expense": 14711000.0,
        "Normalized Income": 167465000.0,
        "Net Income From Continuing And Discontinued Operation": 167465000.0,
        "Total Expenses": 1120530000.0,
        "Total Operating Income As Reported": 218796000.0,
        "Diluted Average Shares": 105571000.0,
        "Basic Average Shares": 104650000.0,
        "Diluted EPS": 1.59,
        "Basic EPS": 1.6,
        "Diluted NI Availto Com Stockholders": 167465000.0,
        "Net Income Common Stockholders": 167465000.0,
        "Net Income": 167465000.0,
        "Net Income Including Noncontrolling Interests": 167465000.0,
        "Net Income Continuous Operations": 167465000.0,
        "Tax Provision": 43354000.0,
        "Pretax Income": 210819000.0,
        "Other Income Expense": 6734000.0,
        "Other Non Operating Income Expenses": 6734000.0,
        "Net Non Operating Interest Income Expense": -14711000.0,
        "Interest Expense Non Operating": 14711000.0,
        "Operating Income": 218796000.0,
        "Operating Expense": 260925000.0,
        "Selling General And Administration": 260925000.0,
        "General And Administrative Expense": 260925000.0,
        "Other Gand A": 260925000.0,
        "Gross Profit": 479721000.0,
        "Cost Of Revenue": 859605000.0,
        "Total Revenue": 1339326000.0,
        "Operating Revenue": 1339326000.0
    },
    "2023-01-31": {
        "Tax Effect Of Unusual Items": 0.0,
        "Tax Rate For Calcs": 0.186,
        "Normalized EBITDA": 173719000.0,
        "Net Income From Continuing Operation Net Minority Interest": 106860000.0,
        "Reconciled Depreciation": 28281000.0,
        "Reconciled Cost Of Revenue": 752916000.0,
        "EBIT": 145438000.0,
        "Net Interest Income": -14124000.0,
        "Interest Expense": 14124000.0,
        "Normalized Income": 106860000.0,
        "Net Income From Continuing And Discontinued Operation": 106860000.0,
        "Total Expenses": 1012413000.0,
        "Total Operating Income As Reported": 136427000.0,
        "Diluted Average Shares": 105577000.0,
        "Basic Average Shares": 104501000.0,
        "Diluted EPS": 1.01,
        "Basic EPS": 1.02,
        "Diluted NI Availto Com Stockholders": 106860000.0,
        "Net Income Common Stockholders": 106860000.0,
        "Net Income": 106860000.0,
        "Net Income Including Noncontrolling Interests": 106860000.0,
        "Net Income Continuous Operations": 106860000.0,
        "Tax Provision": 24454000.0,
        "Pretax Income": 131314000.0,
        "Other Income Expense": 9011000.0,
        "Other Non Operating Income Expenses": 9011000.0,
        "Net Non Operating Interest Income Expense": -14124000.0,
        "Interest Expense Non Operating": 14124000.0,
        "Operating Income": 136427000.0,
        "Operating Expense": 259497000.0,
        "Selling General And Administration": 259497000.0,
        "General And Administrative Expense": NaN,
        "Other Gand A": NaN,
        "Gross Profit": 395924000.0,
        "Cost Of Revenue": 752916000.0,
        "Total Revenue": 1148840000.0,
        "Operating Revenue": 1148840000.0
    },
    "2022-10-31": {
        "Tax Effect Of Unusual Items": 0.0,
        "Tax Rate For Calcs": 0.179,
        "Normalized EBITDA": 154771000.0,
        "Net Income From Continuing Operation Net Minority Interest": 117557000.0,
        "Reconciled Depreciation": 29780000.0,
        "Reconciled Cost Of Revenue": 773139000.0,
        "EBIT": 154771000.0,
        "Net Interest Income": -11519000.0,
        "Interest Expense": 11519000.0,
        "Normalized Income": 117557000.0,
        "Net Income From Continuing And Discontinued Operation": 117557000.0,
        "Total Expenses": 1021572000.0,
        "Total Operating Income As Reported": 150412000.0,
        "Diluted Average Shares": 105334000.0,
        "Basic Average Shares": 104495000.0,
        "Diluted EPS": 1.12,
        "Basic EPS": 1.13,
        "Diluted NI Availto Com Stockholders": 117557000.0,
        "Net Income Common Stockholders": 117557000.0,
        "Net Income": 117557000.0,
        "Net Income Including Noncontrolling Interests": 117557000.0,
        "Net Income Continuous Operations": 117557000.0,
        "Tax Provision": 25695000.0,
        "Pretax Income": 143252000.0,
        "Other Income Expense": 4359000.0,
        "Other Non Operating Income Expenses": 4359000.0,
        "Net Non Operating Interest Income Expense": -11519000.0,
        "Interest Expense Non Operating": 11519000.0,
        "Operating Income": 150412000.0,
        "Operating Expense": 248433000.0,
        "Selling General And Administration": 248433000.0,
        "General And Administrative Expense": NaN,
        "Other Gand A": NaN,
        "Gross Profit": 398845000.0,
        "Cost Of Revenue": 773139000.0,
        "Total Revenue": 1171984000.0,
        "Operating Revenue": 1171984000.0
    },
    "2022-07-31": {
        "Tax Effect Of Unusual Items": 0.0,
        "Tax Rate For Calcs": 0.203,
        "Normalized EBITDA": 192352000.0,
        "Net Income From Continuing Operation Net Minority Interest": 125150000.0,
        "Reconciled Depreciation": 26079000.0,
        "Reconciled Cost Of Revenue": 760644000.0,
        "EBIT": 166273000.0,
        "Net Interest Income": -9182000.0,
        "Interest Expense": 9182000.0,
        "Normalized Income": 125150000.0,
        "Net Income From Continuing And Discontinued Operation": 125150000.0,
        "Total Expenses": 997502000.0,
        "Total Operating Income As Reported": 163048000.0,
        "Diluted Average Shares": 105448000.0,
        "Basic Average Shares": 104827000.0,
        "Diluted EPS": 1.19,
        "Basic EPS": 1.19,
        "Diluted NI Availto Com Stockholders": 125150000.0,
        "Net Income Common Stockholders": 125150000.0,
        "Net Income": 125150000.0,
        "Net Income Including Noncontrolling Interests": 125150000.0,
        "Net Income Continuous Operations": 125150000.0,
        "Tax Provision": 31941000.0,
        "Pretax Income": 157091000.0,
        "Other Income Expense": 3225000.0,
        "Other Non Operating Income Expenses": 3225000.0,
        "Net Non Operating Interest Income Expense": -9182000.0,
        "Interest Expense Non Operating": 9182000.0,
        "Operating Income": 163048000.0,
        "Operating Expense": 236858000.0,
        "Selling General And Administration": 236858000.0,
        "General And Administrative Expense": NaN,
        "Other Gand A": NaN,
        "Gross Profit": 399906000.0,
        "Cost Of Revenue": 760644000.0,
        "Total Revenue": 1160550000.0,
        "Operating Revenue": 1160550000.0
    },
    "2022-04-30": {
        "Diluted EPS": 1.24,
        "Total Revenue": NaN,
        "Gross Profit": 405,
        "Operating Income": 171,
        "EBIT": 199,
        "Net Income": 131
    },
    "2022-01-31": {
        "Diluted EPS": 0.66,
        "Total Revenue": 933,
        "Gross Profit": 300,
        "Operating Income": 92,
        "EBIT": 117,
        "Net Income": 70
    },
    "2021-10-31": {
        "Diluted EPS": 0.56,
        "Total Revenue": 961,
        "Gross Profit": 289,
        "Operating Income": 74,
        "EBIT": 101,
        "Net Income": 60
    },
    "2021-07-31": {
        "Diluted EPS": 0.89,
        "Total Revenue": 977,
        "Gross Profit": 331,
        "Operating Income": 122,
        "EBIT": 146,
        "Net Income": 96
    },
    "2021-04-30": {
        "Diluted EPS": 1.31,
        "Total Revenue": NaN,
        "Gross Profit": 403,
        "Operating Income": 181,
        "EBIT": 206,
        "Net Income": 142
    },
    "2021-01-31": {
        "Diluted EPS": 1.02,
        "Total Revenue": 873,
        "Gross Profit": 315,
        "Operating Income": 141,
        "EBIT": 166,
        "Net Income": 111
    },
    "2020-10-31": {
        "Diluted EPS": 0.65,
        "Total Revenue": 841,
        "Gross Profit": 300,
        "Operating Income": 93,
        "EBIT": 119,
        "Net Income": 72
    },
    "2020-07-31": {
        "Diluted EPS": 0.82,
        "Total Revenue": 841,
        "Gross Profit": 295,
        "Operating Income": 116,
        "EBIT": 140,
        "Net Income": 89
    },
    "2020-04-30": {
        "Diluted EPS": 0.91,
        "Total Revenue": 929,
        "Gross Profit": 307,
        "Operating Income": 126,
        "EBIT": 149,
        "Net Income": 98
    },
    "2020-01-31": {
        "Diluted EPS": 0.65,
        "Total Revenue": 767,
        "Gross Profit": 288,
        "Operating Income": 91,
        "EBIT": 114,
        "Net Income": 70
    },
    "2019-10-31": {
        "Diluted EPS": 0.35,
        "Total Revenue": 734,
        "Gross Profit": 245,
        "Operating Income": 43,
        "EBIT": 69,
        "Net Income": 38
    },
    "2019-07-31": {
        "Diluted EPS": 0.56,
        "Total Revenue": 839,
        "Gross Profit": 266,
        "Operating Income": 74,
        "EBIT": 101,
        "Net Income": 61
    },
    "2019-04-30": {
        "Diluted EPS": 1.07,
        "Total Revenue": 962,
        "Gross Profit": 321,
        "Operating Income": 138,
        "EBIT": 157,
        "Net Income": 116
    },
    "2019-01-31": {
        "Diluted EPS": 0.55,
        "Total Revenue": 603,
        "Gross Profit": 216,
        "Operating Income": 70,
        "EBIT": 86,
        "Net Income": 60
    },
    "2018-10-31": {
        "Diluted EPS": 0.35,
        "Total Revenue": 539,
        "Gross Profit": 179,
        "Operating Income": 43,
        "EBIT": 62,
        "Net Income": 39
    },
    "2018-07-31": {
        "Diluted EPS": 0.73,
        "Total Revenue": 656,
        "Gross Profit": 234,
        "Operating Income": 93,
        "EBIT": 105,
        "Net Income": 79
    },
    "2018-04-30": {
        "Diluted EPS": 1.21,
        "Total Revenue": 875,
        "Gross Profit": 324,
        "Operating Income": 170,
        "EBIT": 185,
        "Net Income": 131
    },
    "2018-01-31": {
        "Diluted EPS": 0.21,
        "Total Revenue": 548,
        "Gross Profit": 204,
        "Operating Income": 67,
        "EBIT": 82,
        "Net Income": 23
    },
    "2017-10-31": {
        "Diluted EPS": 0.31,
        "Total Revenue": 489,
        "Gross Profit": 184,
        "Operating Income": 47,
        "EBIT": 65,
        "Net Income": 34
    },
    "2017-07-31": {
        "Diluted EPS": 0.61,
        "Total Revenue": 628,
        "Gross Profit": 227,
        "Operating Income": 88,
        "EBIT": 101,
        "Net Income": 68
    },
    "2017-04-30": {
        "Diluted EPS": 1.08,
        "Total Revenue": 873,
        "Gross Profit": 316,
        "Operating Income": 159,
        "EBIT": 177,
        "Net Income": 120
    },
    "2017-01-31": {
        "Diluted EPS": 0.41,
        "Total Revenue": 516,
        "Gross Profit": 193,
        "Operating Income": 61,
        "EBIT": 77,
        "Net Income": 45
    },
    "2016-10-31": {
        "Diluted EPS": 0.27,
        "Total Revenue": 468,
        "Gross Profit": 172,
        "Operating Income": 44,
        "EBIT": 61,
        "Net Income": 30
    },
    "2016-07-31": {
        "Diluted EPS": 0.5,
        "Total Revenue": 601,
        "Gross Profit": 217,
        "Operating Income": 82,
        "EBIT": 97,
        "Net Income": 56
    },
    "2016-04-30": {
        "Diluted EPS": 0.94,
        "Total Revenue": 836,
        "Gross Profit": 303,
        "Operating Income": 155,
        "EBIT": 171,
        "Net Income": 106
    },
    "2016-01-31": {
        "Diluted EPS": 0.35,
        "Total Revenue": 486,
        "Gross Profit": 183,
        "Operating Income": 54,
        "EBIT": 70,
        "Net Income": 39
    },
    "2015-10-31": {
        "Diluted EPS": 0.22,
        "Total Revenue": 481,
        "Gross Profit": 169,
        "Operating Income": 37,
        "EBIT": 54,
        "Net Income": 24
    },
    "2015-07-31": {
        "Diluted EPS": 0.47,
        "Total Revenue": 610,
        "Gross Profit": 216,
        "Operating Income": 79,
        "EBIT": 95,
        "Net Income": 53
    },
    "2015-04-30": {
        "Diluted EPS": 0.82,
        "Total Revenue": 826,
        "Gross Profit": 282,
        "Operating Income": 138,
        "EBIT": 154,
        "Net Income": 94
    },
    "2015-01-31": {
        "Diluted EPS": 0.27,
        "Total Revenue": 474,
        "Gross Profit": 169,
        "Operating Income": 44,
        "EBIT": 59,
        "Net Income": 31
    },
    "2014-10-31": {
        "Diluted EPS": 0.1,
        "Total Revenue": 414,
        "Gross Profit": 143,
        "Operating Income": 20,
        "EBIT": 35,
        "Net Income": 11
    },
    "2014-07-31": {
        "Diluted EPS": 0.44,
        "Total Revenue": 568,
        "Gross Profit": 202,
        "Operating Income": 72,
        "EBIT": 84,
        "Net Income": 50
    },
    "2014-04-30": {
        "Diluted EPS": 0.76,
        "Total Revenue": 745,
        "Gross Profit": 265,
        "Operating Income": 131,
        "EBIT": 144,
        "Net Income": 87
    },
    "2014-01-31": {
        "Diluted EPS": 0.22,
        "Total Revenue": 446,
        "Gross Profit": 164,
        "Operating Income": 41,
        "EBIT": 54,
        "Net Income": 26
    },
    "2013-10-31": {
        "Diluted EPS": 0.05,
        "Total Revenue": 382,
        "Gross Profit": 129,
        "Operating Income": 8,
        "EBIT": 23,
        "Net Income": 5
    },
    "2013-07-31": {
        "Diluted EPS": 0.34,
        "Total Revenue": 510,
        "Gross Profit": 178,
        "Operating Income": 59,
        "EBIT": 71,
        "Net Income": 40
    },
    "2013-04-30": {
        "Diluted EPS": 0.66,
        "Total Revenue": 704,
        "Gross Profit": 252,
        "Operating Income": 117,
        "EBIT": 131,
        "Net Income": 78
    },
    "2013-01-31": {
        "Diluted EPS": 0.27,
        "Total Revenue": 445,
        "Gross Profit": 166,
        "Operating Income": 46,
        "EBIT": 60,
        "Net Income": 31
    },
    "2012-10-31": {
        "Diluted EPS": 0.01,
        "Total Revenue": 339,
        "Gross Profit": 113,
        "Operating Income": 4,
        "EBIT": 20,
        "Net Income": 0
    },
    "2012-07-31": {
        "Diluted EPS": 0.34,
        "Total Revenue": 504,
        "Gross Profit": 178,
        "Operating Income": 61,
        "EBIT": 73,
        "Net Income": 41
    },
    "2012-04-30": {
        "Diluted EPS": 0.57,
        "Total Revenue": 691,
        "Gross Profit": 235,
        "Operating Income": 107,
        "EBIT": 119,
        "Net Income": 69
    },
    "2012-01-31": {
        "Diluted EPS": 0.17,
        "Total Revenue": 424,
        "Gross Profit": 147,
        "Operating Income": 34,
        "EBIT": 47,
        "Net Income": 20
    },
    "2011-10-31": {
        "Diluted EPS": 0.05,
        "Total Revenue": 368,
        "Gross Profit": 119,
        "Operating Income": 9,
        "EBIT": 23,
        "Net Income": 5
    },
    "2011-07-31": {
        "Diluted EPS": 0.28,
        "Total Revenue": 501,
        "Gross Profit": 168,
        "Operating Income": 55,
        "EBIT": 66,
        "Net Income": 35
    },
    "2011-04-30": {
        "Diluted EPS": 0.47,
        "Total Revenue": 632,
        "Gross Profit": 214,
        "Operating Income": 93,
        "EBIT": 105,
        "Net Income": 60
    },
    "2011-01-31": {
        "Diluted EPS": 0.13,
        "Total Revenue": 383,
        "Gross Profit": 137,
        "Operating Income": 27,
        "EBIT": 38,
        "Net Income": 17
    },
    "2010-10-31": {
        "Diluted EPS": 0.03,
        "Total Revenue": 337,
        "Gross Profit": 111,
        "Operating Income": 6,
        "EBIT": 18,
        "Net Income": 3
    },
    "2010-07-31": {
        "Diluted EPS": 0.25,
        "Total Revenue": 459,
        "Gross Profit": 162,
        "Operating Income": 54,
        "EBIT": 64,
        "Net Income": 33
    },
    "2010-04-30": {
        "Diluted EPS": 0.34,
        "Total Revenue": 563,
        "Gross Profit": 187,
        "Operating Income": 72,
        "EBIT": 83,
        "Net Income": 46
    },
    "2010-01-31": {
        "Diluted EPS": 0.08,
        "Total Revenue": 331,
        "Gross Profit": 116,
        "Operating Income": 20,
        "EBIT": 31,
        "Net Income": 11
    },
    "2009-10-31": {
        "Diluted EPS": 0.0,
        "Total Revenue": 289,
        "Gross Profit": 98,
        "Operating Income": 3,
        "EBIT": 18,
        "Net Income": -1
    },
    "2009-07-31": {
        "Diluted EPS": 0.14,
        "Total Revenue": 395,
        "Gross Profit": 134,
        "Operating Income": 40,
        "EBIT": 48,
        "Net Income": 20
    },
    "2009-04-30": {
        "Diluted EPS": 0.25,
        "Total Revenue": 500,
        "Gross Profit": 161,
        "Operating Income": 59,
        "EBIT": 70,
        "Net Income": 37
    },
    "2009-01-31": {
        "Diluted EPS": 0.05,
        "Total Revenue": 340,
        "Gross Profit": 118,
        "Operating Income": 14,
        "EBIT": 24,
        "Net Income": 7
    }
}