{
    "2023-03-31": {
        "Tax Effect Of Unusual Items": 0.0,
        "Tax Rate For Calcs": 0.21,
        "Normalized EBITDA": -4015000.0,
        "Total Unusual Items": -723000.0,
        "Total Unusual Items Excluding Goodwill": -723000.0,
        "Net Income From Continuing Operation Net Minority Interest": 9326000.0,
        "Reconciled Depreciation": 19293000.0,
        "Reconciled Cost Of Revenue": 84867000.0,
        "EBITDA": -4015000.0,
        "EBIT": -23308000.0,
        "Net Interest Income": 14423000.0,
        "Normalized Income": 9326000.0,
        "Net Income From Continuing And Discontinued Operation": 9326000.0,
        "Total Expenses": 406111000.0,
        "Total Operating Income As Reported": -23308000.0,
        "Diluted Average Shares": 499795000.0,
        "Basic Average Shares": 489712000.0,
        "Diluted EPS": 0.02,
        "Basic EPS": 0.02,
        "Diluted NI Availto Com Stockholders": 9326000.0,
        "Net Income Common Stockholders": 9326000.0,
        "Net Income": 9326000.0,
        "Net Income Including Noncontrolling Interests": 9326000.0,
        "Net Income Continuous Operations": 9326000.0,
        "Tax Provision": -18934000.0,
        "Pretax Income": -9608000.0,
        "Other Income Expense": 13700000.0,
        "Other Non Operating Income Expenses": 13700000.0,
        "Gain On Sale Of Security": -723000.0,
        "Net Non Operating Interest Income Expense": 14423000.0,
        "Total Other Finance Cost": -14423000.0,
        "Operating Income": -23308000.0,
        "Operating Expense": 321244000.0,
        "Research And Development": 93710000.0,
        "Selling General And Administration": 227534000.0,
        "Selling And Marketing Expense": 97222000.0,
        "General And Administrative Expense": 130312000.0,
        "Other Gand A": 130312000.0,
        "Salaries And Wages": NaN,
        "Gross Profit": 297936000.0,
        "Cost Of Revenue": 84867000.0,
        "Total Revenue": 382803000.0,
        "Operating Revenue": 382803000.0
    },
    "2022-12-31": {
        "Tax Effect Of Unusual Items": 0.0,
        "Tax Rate For Calcs": 0.365082,
        "Normalized EBITDA": 100160000.0,
        "Total Unusual Items": 526000.0,
        "Total Unusual Items Excluding Goodwill": 526000.0,
        "Net Income From Continuing Operation Net Minority Interest": 71187000.0,
        "Reconciled Depreciation": 16844000.0,
        "Reconciled Cost Of Revenue": 79619000.0,
        "EBITDA": 100160000.0,
        "EBIT": 100160000.0,
        "Net Interest Income": 11434000.0,
        "Normalized Income": 71187000.0,
        "Net Income From Continuing And Discontinued Operation": 71187000.0,
        "Total Expenses": 390577000.0,
        "Total Operating Income As Reported": 100160000.0,
        "Diluted Average Shares": 500432000.0,
        "Basic Average Shares": 489217000.0,
        "Diluted EPS": 0.14,
        "Basic EPS": 0.15,
        "Diluted NI Availto Com Stockholders": 71187000.0,
        "Net Income Common Stockholders": 71187000.0,
        "Net Income": 71187000.0,
        "Net Income Including Noncontrolling Interests": 71187000.0,
        "Net Income Continuous Operations": 71187000.0,
        "Tax Provision": 40933000.0,
        "Pretax Income": 112120000.0,
        "Other Income Expense": 11960000.0,
        "Other Non Operating Income Expenses": 11960000.0,
        "Gain On Sale Of Security": 526000.0,
        "Net Non Operating Interest Income Expense": 11434000.0,
        "Total Other Finance Cost": -11434000.0,
        "Operating Income": 100160000.0,
        "Operating Expense": 310958000.0,
        "Research And Development": 84479000.0,
        "Selling General And Administration": 226479000.0,
        "Selling And Marketing Expense": 92829000.0,
        "General And Administrative Expense": 133650000.0,
        "Other Gand A": 133650000.0,
        "Salaries And Wages": NaN,
        "Gross Profit": 411118000.0,
        "Cost Of Revenue": 79619000.0,
        "Total Revenue": 490737000.0,
        "Operating Revenue": 490737000.0
    },
    "2022-09-30": {
        "Tax Effect Of Unusual Items": -17200.0,
        "Tax Rate For Calcs": 0.4,
        "Normalized EBITDA": 41804000.0,
        "Total Unusual Items": -43000.0,
        "Total Unusual Items Excluding Goodwill": -43000.0,
        "Net Income From Continuing Operation Net Minority Interest": 15869000.0,
        "Reconciled Depreciation": 12957000.0,
        "Reconciled Cost Of Revenue": 70124000.0,
        "EBITDA": 41761000.0,
        "EBIT": 28804000.0,
        "Net Interest Income": 1741000.0,
        "Normalized Income": 15894800.0,
        "Net Income From Continuing And Discontinued Operation": 15869000.0,
        "Total Expenses": 365969000.0,
        "Total Operating Income As Reported": 28804000.0,
        "Diluted Average Shares": 500300000.0,
        "Basic Average Shares": 487963000.0,
        "Diluted EPS": 0.03,
        "Basic EPS": 0.03,
        "Diluted NI Availto Com Stockholders": 15869000.0,
        "Net Income Common Stockholders": 15869000.0,
        "Net Income": 15869000.0,
        "Net Income Including Noncontrolling Interests": 15869000.0,
        "Net Income Continuous Operations": 15869000.0,
        "Tax Provision": 14633000.0,
        "Pretax Income": 30502000.0,
        "Other Income Expense": -43000.0,
        "Other Non Operating Income Expenses": NaN,
        "Gain On Sale Of Security": -43000.0,
        "Net Non Operating Interest Income Expense": 1741000.0,
        "Total Other Finance Cost": -1741000.0,
        "Operating Income": 28804000.0,
        "Operating Expense": 295845000.0,
        "Research And Development": 79915000.0,
        "Selling General And Administration": 215930000.0,
        "Selling And Marketing Expense": 85038000.0,
        "General And Administrative Expense": 130892000.0,
        "Other Gand A": 130892000.0,
        "Salaries And Wages": NaN,
        "Gross Profit": 324649000.0,
        "Cost Of Revenue": 70124000.0,
        "Total Revenue": 394773000.0,
        "Operating Revenue": 394773000.0
    },
    "2022-06-30": {
        "Tax Effect Of Unusual Items": -126800.0,
        "Tax Rate For Calcs": 0.4,
        "Normalized EBITDA": 14334000.0,
        "Total Unusual Items": -317000.0,
        "Total Unusual Items Excluding Goodwill": -317000.0,
        "Net Income From Continuing Operation Net Minority Interest": -19073000.0,
        "Reconciled Depreciation": 12274000.0,
        "Reconciled Cost Of Revenue": 67490000.0,
        "EBITDA": 14017000.0,
        "EBIT": 1743000.0,
        "Net Interest Income": 656000.0,
        "Normalized Income": -18882800.0,
        "Net Income From Continuing And Discontinued Operation": -19073000.0,
        "Total Expenses": 375219000.0,
        "Total Operating Income As Reported": 1743000.0,
        "Diluted Average Shares": 486310000.0,
        "Basic Average Shares": 486310000.0,
        "Diluted EPS": -0.04,
        "Basic EPS": -0.04,
        "Diluted NI Availto Com Stockholders": -19073000.0,
        "Net Income Common Stockholders": -19073000.0,
        "Net Income": -19073000.0,
        "Net Income Including Noncontrolling Interests": -19073000.0,
        "Net Income Continuous Operations": -19073000.0,
        "Tax Provision": 21155000.0,
        "Pretax Income": 2082000.0,
        "Other Income Expense": -317000.0,
        "Other Non Operating Income Expenses": NaN,
        "Gain On Sale Of Security": -317000.0,
        "Net Non Operating Interest Income Expense": 656000.0,
        "Total Other Finance Cost": -656000.0,
        "Operating Income": 1743000.0,
        "Operating Expense": 307729000.0,
        "Research And Development": 83483000.0,
        "Selling General And Administration": 224246000.0,
        "Selling And Marketing Expense": 89420000.0,
        "General And Administrative Expense": 134826000.0,
        "Other Gand A": 134826000.0,
        "Salaries And Wages": NaN,
        "Gross Profit": 309472000.0,
        "Cost Of Revenue": 67490000.0,
        "Total Revenue": 376962000.0,
        "Operating Revenue": 376962000.0
    },
    "2022-03-31": {
        "Diluted EPS": -0.03,
        "Total Revenue": 315,
        "Gross Profit": 251,
        "Operating Income": -17,
        "EBIT": -5,
        "Net Income": -15
    },
    "2021-12-31": {
        "Diluted EPS": 0.01,
        "Total Revenue": 396,
        "Gross Profit": 329,
        "Operating Income": -25,
        "EBIT": -13,
        "Net Income": 8
    },
    "2021-09-30": {
        "Diluted EPS": 0.12,
        "Total Revenue": 301,
        "Gross Profit": 248,
        "Operating Income": 80,
        "EBIT": 89,
        "Net Income": 59
    },
    "2021-06-30": {
        "Diluted EPS": 0.1,
        "Total Revenue": 280,
        "Gross Profit": 229,
        "Operating Income": 62,
        "EBIT": 73,
        "Net Income": 48
    },
    "2021-03-31": {
        "Diluted EPS": 0.05,
        "Total Revenue": 220,
        "Gross Profit": 169,
        "Operating Income": 8,
        "EBIT": 18,
        "Net Income": 23
    },
    "2020-12-31": {
        "Diluted EPS": 0.31,
        "Total Revenue": 320,
        "Gross Profit": 268,
        "Operating Income": 106,
        "EBIT": 114,
        "Net Income": 152
    },
    "2020-09-30": {
        "Diluted EPS": 0.08,
        "Total Revenue": 216,
        "Gross Profit": 171,
        "Operating Income": 43,
        "EBIT": 50,
        "Net Income": 41
    },
    "2020-06-30": {
        "Diluted EPS": 0.05,
        "Total Revenue": 139,
        "Gross Profit": 97,
        "Operating Income": -16,
        "EBIT": -9,
        "Net Income": 25
    },
    "2020-03-31": {
        "Diluted EPS": 0.05,
        "Total Revenue": 161,
        "Gross Profit": 120,
        "Operating Income": 11,
        "EBIT": 17,
        "Net Income": 24
    },
    "2019-12-31": {
        "Diluted EPS": 0.11,
        "Total Revenue": 216,
        "Gross Profit": 169,
        "Operating Income": 53,
        "EBIT": 59,
        "Net Income": 51
    },
    "2019-09-30": {
        "Diluted EPS": 0.04,
        "Total Revenue": 164,
        "Gross Profit": 124,
        "Operating Income": 22,
        "EBIT": 28,
        "Net Income": 19
    },
    "2019-06-30": {
        "Diluted EPS": 0.06,
        "Total Revenue": 160,
        "Gross Profit": 125,
        "Operating Income": 32,
        "EBIT": 37,
        "Net Income": 28
    },
    "2019-03-31": {
        "Diluted EPS": 0.02,
        "Total Revenue": 121,
        "Gross Profit": 87,
        "Operating Income": 6,
        "EBIT": 10,
        "Net Income": 10
    },
    "2018-12-31": {
        "Diluted EPS": 0.09,
        "Total Revenue": 160,
        "Gross Profit": 125,
        "Operating Income": 49,
        "EBIT": 53,
        "Net Income": 39
    },
    "2018-09-30": {
        "Diluted EPS": 0.04,
        "Total Revenue": 119,
        "Gross Profit": 89,
        "Operating Income": 22,
        "EBIT": 26,
        "Net Income": 20
    },
    "2018-06-30": {
        "Diluted EPS": 0.04,
        "Total Revenue": 112,
        "Gross Profit": 86,
        "Operating Income": 26,
        "EBIT": 29,
        "Net Income": 19
    },
    "2018-03-31": {
        "Diluted EPS": 0.02,
        "Total Revenue": 86,
        "Gross Profit": 63,
        "Operating Income": 10,
        "EBIT": 12,
        "Net Income": 9
    },
    "2017-12-31": {
        "Diluted EPS": 0.04,
        "Total Revenue": 103,
        "Gross Profit": 82,
        "Operating Income": 29,
        "EBIT": 31,
        "Net Income": 17
    },
    "2017-09-30": {
        "Diluted EPS": 0.02,
        "Total Revenue": 79,
        "Gross Profit": 62,
        "Operating Income": 18,
        "EBIT": 20,
        "Net Income": 10
    },
    "2017-06-30": {
        "Diluted EPS": 0.04,
        "Total Revenue": 73,
        "Gross Profit": 58,
        "Operating Income": 20,
        "EBIT": 21,
        "Net Income": 19
    },
    "2017-03-31": {
        "Diluted EPS": 0.01,
        "Total Revenue": 53,
        "Gross Profit": 41,
        "Operating Income": 2,
        "EBIT": 3,
        "Net Income": 5
    },
    "2016-12-31": {
        "Diluted EPS": 0.28,
        "Total Revenue": 72,
        "Gross Profit": 59,
        "Operating Income": 24,
        "EBIT": 25,
        "Net Income": 18
    },
    "2016-09-30": {
        "Diluted EPS": 0.01,
        "Total Revenue": 53,
        "Gross Profit": 43,
        "Operating Income": 15,
        "EBIT": 16,
        "Net Income": 1
    },
    "2016-06-30": {
        "Diluted EPS": 0.02,
        "Total Revenue": 47,
        "Gross Profit": 39,
        "Operating Income": 15,
        "EBIT": 16,
        "Net Income": 2
    },
    "2016-03-31": {
        "Diluted EPS": -0.45,
        "Total Revenue": 30,
        "Gross Profit": 23,
        "Operating Income": 3,
        "EBIT": 4,
        "Net Income": -48
    },
    "2015-12-31": {
        "Diluted EPS": 0.0,
        "Total Revenue": NaN,
        "Gross Profit": NaN,
        "Operating Income": NaN,
        "EBIT": NaN,
        "Net Income": NaN
    },
    "2015-09-30": {
        "Diluted EPS": 0.01,
        "Total Revenue": 29,
        "Gross Profit": 23,
        "Operating Income": 9,
        "EBIT": 9,
        "Net Income": 1
    },
    "2014-12-31": {
        "Diluted EPS": 0.0,
        "Total Revenue": NaN,
        "Gross Profit": NaN,
        "Operating Income": NaN,
        "EBIT": NaN,
        "Net Income": NaN
    },
    "2023-06-30": {
        "Tax Effect Of Unusual Items": 0.0,
        "Tax Rate For Calcs": 0.21,
        "Normalized EBITDA": 61739000.0,
        "Total Unusual Items": 747000.0,
        "Total Unusual Items Excluding Goodwill": 747000.0,
        "Net Income From Continuing Operation Net Minority Interest": 32939000.0,
        "Reconciled Depreciation": 20066000.0,
        "Reconciled Cost Of Revenue": 86654000.0,
        "EBITDA": 61739000.0,
        "EBIT": 41673000.0,
        "Net Interest Income": 17507000.0,
        "Normalized Income": 32939000.0,
        "Net Income From Continuing And Discontinued Operation": 32939000.0,
        "Total Expenses": 422581000.0,
        "Total Operating Income As Reported": 41673000.0,
        "Diluted Average Shares": 499349000.0,
        "Basic Average Shares": 488431000.0,
        "Diluted EPS": 0.07,
        "Basic EPS": 0.07,
        "Diluted NI Availto Com Stockholders": 32939000.0,
        "Net Income Common Stockholders": 32939000.0,
        "Net Income": 32939000.0,
        "Net Income Including Noncontrolling Interests": 32939000.0,
        "Net Income Continuous Operations": 32939000.0,
        "Tax Provision": 26988000.0,
        "Pretax Income": 59927000.0,
        "Other Income Expense": 747000.0,
        "Other Non Operating Income Expenses": NaN,
        "Gain On Sale Of Security": 747000.0,
        "Net Non Operating Interest Income Expense": 17507000.0,
        "Total Other Finance Cost": -17507000.0,
        "Operating Income": 41673000.0,
        "Operating Expense": 335927000.0,
        "Research And Development": 98308000.0,
        "Selling General And Administration": 237619000.0,
        "Selling And Marketing Expense": 111489000.0,
        "General And Administrative Expense": 126130000.0,
        "Other Gand A": 126130000.0,
        "Salaries And Wages": 90394000.0,
        "Gross Profit": 377600000.0,
        "Cost Of Revenue": 86654000.0,
        "Total Revenue": 464254000.0,
        "Operating Revenue": 464254000.0
    },
    "2023-09-30": {
        "Tax Effect Of Unusual Items": 525415.017544,
        "Tax Rate For Calcs": 0.309614,
        "Normalized EBITDA": 56510000.0,
        "Total Unusual Items": 1697000.0,
        "Total Unusual Items Excluding Goodwill": 1697000.0,
        "Net Income From Continuing Operation Net Minority Interest": 39352000.0,
        "Reconciled Depreciation": 20530000.0,
        "Reconciled Cost Of Revenue": 93382000.0,
        "EBITDA": 58207000.0,
        "EBIT": 37677000.0,
        "Net Interest Income": 17626000.0,
        "Normalized Income": 38180415.017544,
        "Net Income From Continuing And Discontinued Operation": 39352000.0,
        "Total Expenses": 455589000.0,
        "Total Operating Income As Reported": 37677000.0,
        "Diluted Average Shares": 501880000.0,
        "Basic Average Shares": 489447000.0,
        "Diluted EPS": 0.08,
        "Basic EPS": 0.08,
        "Diluted NI Availto Com Stockholders": 39352000.0,
        "Net Income Common Stockholders": 39352000.0,
        "Net Income": 39352000.0,
        "Net Income Including Noncontrolling Interests": 39352000.0,
        "Net Income Continuous Operations": 39352000.0,
        "Tax Provision": 17648000.0,
        "Pretax Income": 57000000.0,
        "Other Income Expense": 1697000.0,
        "Other Non Operating Income Expenses": NaN,
        "Gain On Sale Of Security": 1697000.0,
        "Net Non Operating Interest Income Expense": 17626000.0,
        "Total Other Finance Cost": -17626000.0,
        "Operating Income": 37677000.0,
        "Operating Expense": 362207000.0,
        "Research And Development": 117772000.0,
        "Selling General And Administration": 244435000.0,
        "Selling And Marketing Expense": 112466000.0,
        "General And Administrative Expense": 131969000.0,
        "Other Gand A": 131969000.0,
        "Salaries And Wages": NaN,
        "Gross Profit": 399884000.0,
        "Cost Of Revenue": 93382000.0,
        "Total Revenue": 493266000.0,
        "Operating Revenue": 493266000.0
    }
}