{
    "2023-03-31": {
        "Tax Effect Of Unusual Items": -1749000.0,
        "Tax Rate For Calcs": 0.275,
        "Normalized EBITDA": 82958000.0,
        "Total Unusual Items": -6360000.0,
        "Total Unusual Items Excluding Goodwill": -6360000.0,
        "Net Income From Continuing Operation Net Minority Interest": 18647000.0,
        "Reconciled Depreciation": 25827000.0,
        "Reconciled Cost Of Revenue": 482678000.0,
        "EBITDA": 76598000.0,
        "EBIT": 50771000.0,
        "Net Interest Income": -16227000.0,
        "Interest Expense": 17391000.0,
        "Interest Income": 1164000.0,
        "Normalized Income": 23258000.0,
        "Net Income From Continuing And Discontinued Operation": 18647000.0,
        "Total Expenses": 582515000.0,
        "Total Operating Income As Reported": 44411000.0,
        "Diluted Average Shares": 47401000.0,
        "Basic Average Shares": 47234000.0,
        "Diluted EPS": 0.39,
        "Basic EPS": 0.39,
        "Diluted NI Availto Com Stockholders": 18647000.0,
        "Net Income Common Stockholders": 18647000.0,
        "Net Income": 18647000.0,
        "Minority Interests": -2270000.0,
        "Net Income Including Noncontrolling Interests": 20917000.0,
        "Net Income Continuous Operations": 20917000.0,
        "Tax Provision": 7922000.0,
        "Pretax Income": 28839000.0,
        "Other Income Expense": -21932000.0,
        "Other Non Operating Income Expenses": -15572000.0,
        "Special Income Charges": -6360000.0,
        "Impairment Of Capital Assets": 4307000.0,
        "Restructuring And Mergern Acquisition": 2053000.0,
        "Net Non Operating Interest Income Expense": -16227000.0,
        "Interest Expense Non Operating": 17391000.0,
        "Interest Income Non Operating": 1164000.0,
        "Operating Income": 50771000.0,
        "Operating Expense": 99837000.0,
        "Depreciation Amortization Depletion Income Statement": 25827000.0,
        "Depreciation And Amortization In Income Statement": 25827000.0,
        "Selling General And Administration": 74010000.0,
        "Gross Profit": 150608000.0,
        "Cost Of Revenue": 482678000.0,
        "Total Revenue": 633286000.0,
        "Operating Revenue": 633286000.0
    },
    "2022-12-31": {
        "Tax Effect Of Unusual Items": -415226.0,
        "Tax Rate For Calcs": 0.223,
        "Normalized EBITDA": 84199000.0,
        "Total Unusual Items": -1862000.0,
        "Total Unusual Items Excluding Goodwill": -1862000.0,
        "Net Income From Continuing Operation Net Minority Interest": 22353000.0,
        "Reconciled Depreciation": 31730000.0,
        "Reconciled Cost Of Revenue": 495339000.0,
        "EBITDA": 82337000.0,
        "EBIT": 50607000.0,
        "Net Interest Income": -14721000.0,
        "Interest Expense": 15542000.0,
        "Interest Income": 821000.0,
        "Normalized Income": 23799774.0,
        "Net Income From Continuing And Discontinued Operation": 22353000.0,
        "Total Expenses": 607671000.0,
        "Total Operating Income As Reported": 48745000.0,
        "Diluted Average Shares": 47299000.0,
        "Basic Average Shares": 47220000.0,
        "Diluted EPS": 0.47,
        "Basic EPS": 0.47,
        "Diluted NI Availto Com Stockholders": 22353000.0,
        "Net Income Common Stockholders": 22353000.0,
        "Net Income": 22353000.0,
        "Minority Interests": -3197000.0,
        "Net Income Including Noncontrolling Interests": 25550000.0,
        "Net Income Continuous Operations": 25550000.0,
        "Tax Provision": 7318000.0,
        "Pretax Income": 32868000.0,
        "Other Income Expense": -17739000.0,
        "Other Non Operating Income Expenses": -15877000.0,
        "Special Income Charges": -1862000.0,
        "Impairment Of Capital Assets": 450000.0,
        "Restructuring And Mergern Acquisition": 1412000.0,
        "Net Non Operating Interest Income Expense": -14721000.0,
        "Interest Expense Non Operating": 15542000.0,
        "Interest Income Non Operating": 821000.0,
        "Operating Income": 50607000.0,
        "Operating Expense": 112332000.0,
        "Depreciation Amortization Depletion Income Statement": 31730000.0,
        "Depreciation And Amortization In Income Statement": 31730000.0,
        "Selling General And Administration": 80602000.0,
        "Gross Profit": 162939000.0,
        "Cost Of Revenue": 495339000.0,
        "Total Revenue": 658278000.0,
        "Operating Revenue": 658278000.0
    },
    "2022-09-30": {
        "Tax Effect Of Unusual Items": -615904.0,
        "Tax Rate For Calcs": 0.152,
        "Normalized EBITDA": 71238000.0,
        "Total Unusual Items": -4052000.0,
        "Total Unusual Items Excluding Goodwill": -4052000.0,
        "Net Income From Continuing Operation Net Minority Interest": 22249000.0,
        "Reconciled Depreciation": 27117000.0,
        "Reconciled Cost Of Revenue": 450454000.0,
        "EBITDA": 67186000.0,
        "EBIT": 40069000.0,
        "Net Interest Income": -10046000.0,
        "Interest Expense": 10565000.0,
        "Interest Income": 519000.0,
        "Normalized Income": 25685096.0,
        "Net Income From Continuing And Discontinued Operation": 22249000.0,
        "Total Expenses": 552797000.0,
        "Total Operating Income As Reported": 35604000.0,
        "Diluted Average Shares": 47314000.0,
        "Basic Average Shares": 47207000.0,
        "Diluted EPS": 0.47,
        "Basic EPS": 0.47,
        "Diluted NI Availto Com Stockholders": 22249000.0,
        "Net Income Common Stockholders": 22249000.0,
        "Net Income": 22249000.0,
        "Minority Interests": -2766000.0,
        "Net Income Including Noncontrolling Interests": 25015000.0,
        "Net Income Continuous Operations": 25015000.0,
        "Tax Provision": 4489000.0,
        "Pretax Income": 29504000.0,
        "Other Income Expense": -106000.0,
        "Other Non Operating Income Expenses": 3946000.0,
        "Special Income Charges": -4052000.0,
        "Impairment Of Capital Assets": 2939000.0,
        "Restructuring And Mergern Acquisition": 1113000.0,
        "Net Non Operating Interest Income Expense": -10046000.0,
        "Interest Expense Non Operating": 10565000.0,
        "Interest Income Non Operating": 519000.0,
        "Operating Income": 39656000.0,
        "Operating Expense": 102343000.0,
        "Depreciation Amortization Depletion Income Statement": 27117000.0,
        "Depreciation And Amortization In Income Statement": 27117000.0,
        "Selling General And Administration": 75226000.0,
        "Gross Profit": 141999000.0,
        "Cost Of Revenue": 450454000.0,
        "Total Revenue": 592453000.0,
        "Operating Revenue": 592453000.0
    },
    "2022-06-30": {
        "Tax Effect Of Unusual Items": -2378752.0,
        "Tax Rate For Calcs": 0.202,
        "Normalized EBITDA": 85750000.0,
        "Total Unusual Items": -11776000.0,
        "Total Unusual Items Excluding Goodwill": -11776000.0,
        "Net Income From Continuing Operation Net Minority Interest": 25234000.0,
        "Reconciled Depreciation": 26314000.0,
        "Reconciled Cost Of Revenue": 463510000.0,
        "EBITDA": 73974000.0,
        "EBIT": 47660000.0,
        "Net Interest Income": -5923000.0,
        "Interest Expense": 6194000.0,
        "Interest Income": 271000.0,
        "Normalized Income": 34631248.0,
        "Net Income From Continuing And Discontinued Operation": 25234000.0,
        "Total Expenses": 556590000.0,
        "Total Operating Income As Reported": 35884000.0,
        "Diluted Average Shares": 47383000.0,
        "Basic Average Shares": 47047000.0,
        "Diluted EPS": 0.53,
        "Basic EPS": 0.54,
        "Diluted NI Availto Com Stockholders": 25234000.0,
        "Net Income Common Stockholders": 25234000.0,
        "Net Income": 25234000.0,
        "Minority Interests": -3564000.0,
        "Net Income Including Noncontrolling Interests": 28798000.0,
        "Net Income Continuous Operations": 28798000.0,
        "Tax Provision": 7274000.0,
        "Pretax Income": 36072000.0,
        "Other Income Expense": -11588000.0,
        "Other Non Operating Income Expenses": 188000.0,
        "Special Income Charges": -11776000.0,
        "Impairment Of Capital Assets": 9248000.0,
        "Restructuring And Mergern Acquisition": 2528000.0,
        "Net Non Operating Interest Income Expense": -5923000.0,
        "Interest Expense Non Operating": 6194000.0,
        "Interest Income Non Operating": 271000.0,
        "Operating Income": 47660000.0,
        "Operating Expense": 93080000.0,
        "Depreciation Amortization Depletion Income Statement": 26314000.0,
        "Depreciation And Amortization In Income Statement": 26314000.0,
        "Selling General And Administration": 66766000.0,
        "Gross Profit": 140740000.0,
        "Cost Of Revenue": 463510000.0,
        "Total Revenue": 604250000.0,
        "Operating Revenue": 604250000.0
    },
    "2022-03-31": {
        "Diluted EPS": 0.71,
        "Total Revenue": 589,
        "Gross Profit": 142,
        "Operating Income": 48,
        "EBIT": 76,
        "Net Income": 33
    },
    "2021-12-31": {
        "Diluted EPS": 0.61,
        "Total Revenue": 612,
        "Gross Profit": 145,
        "Operating Income": 52,
        "EBIT": 79,
        "Net Income": 29
    },
    "2021-09-30": {
        "Diluted EPS": 0.3,
        "Total Revenue": 567,
        "Gross Profit": 119,
        "Operating Income": 26,
        "EBIT": 52,
        "Net Income": 14
    },
    "2021-06-30": {
        "Diluted EPS": 1.0,
        "Total Revenue": 555,
        "Gross Profit": 154,
        "Operating Income": 66,
        "EBIT": 91,
        "Net Income": 47
    },
    "2021-03-31": {
        "Diluted EPS": 1.06,
        "Total Revenue": 539,
        "Gross Profit": 151,
        "Operating Income": 73,
        "EBIT": 94,
        "Net Income": 50
    },
    "2020-12-31": {
        "Diluted EPS": 0.94,
        "Total Revenue": 571,
        "Gross Profit": 146,
        "Operating Income": 62,
        "EBIT": 84,
        "Net Income": 44
    },
    "2020-09-30": {
        "Diluted EPS": 0.45,
        "Total Revenue": 493,
        "Gross Profit": 125,
        "Operating Income": 53,
        "EBIT": 73,
        "Net Income": 21
    },
    "2020-06-30": {
        "Diluted EPS": 0.67,
        "Total Revenue": 453,
        "Gross Profit": 116,
        "Operating Income": 49,
        "EBIT": 68,
        "Net Income": 31
    },
    "2020-03-31": {
        "Diluted EPS": 0.46,
        "Total Revenue": 432,
        "Gross Profit": 111,
        "Operating Income": 41,
        "EBIT": 60,
        "Net Income": 22
    },
    "2019-12-31": {
        "Diluted EPS": 0.6,
        "Total Revenue": 461,
        "Gross Profit": 116,
        "Operating Income": 43,
        "EBIT": 62,
        "Net Income": 28
    },
    "2019-09-30": {
        "Diluted EPS": 0.39,
        "Total Revenue": 396,
        "Gross Profit": 91,
        "Operating Income": 26,
        "EBIT": 43,
        "Net Income": 18
    },
    "2019-06-30": {
        "Diluted EPS": 0.25,
        "Total Revenue": 393,
        "Gross Profit": 93,
        "Operating Income": 23,
        "EBIT": 40,
        "Net Income": 12
    },
    "2019-03-31": {
        "Diluted EPS": 0.41,
        "Total Revenue": 394,
        "Gross Profit": 101,
        "Operating Income": 32,
        "EBIT": 50,
        "Net Income": 19
    },
    "2018-12-31": {
        "Diluted EPS": 0.43,
        "Total Revenue": 419,
        "Gross Profit": 106,
        "Operating Income": 39,
        "EBIT": 58,
        "Net Income": 20
    },
    "2018-09-30": {
        "Diluted EPS": 0.12,
        "Total Revenue": 365,
        "Gross Profit": 78,
        "Operating Income": 15,
        "EBIT": 33,
        "Net Income": 5
    },
    "2018-06-30": {
        "Diluted EPS": 0.12,
        "Total Revenue": 350,
        "Gross Profit": 76,
        "Operating Income": 14,
        "EBIT": 31,
        "Net Income": 6
    },
    "2018-03-31": {
        "Diluted EPS": 0.1,
        "Total Revenue": 375,
        "Gross Profit": 92,
        "Operating Income": 25,
        "EBIT": 43,
        "Net Income": 5
    },
    "2017-12-31": {
        "Diluted EPS": -0.9,
        "Total Revenue": 427,
        "Gross Profit": 114,
        "Operating Income": 37,
        "EBIT": 54,
        "Net Income": -41
    },
    "2017-09-30": {
        "Diluted EPS": 0.32,
        "Total Revenue": 359,
        "Gross Profit": 83,
        "Operating Income": 16,
        "EBIT": 33,
        "Net Income": 15
    },
    "2017-06-30": {
        "Diluted EPS": 0.32,
        "Total Revenue": 353,
        "Gross Profit": 85,
        "Operating Income": 22,
        "EBIT": 38,
        "Net Income": 15
    },
    "2017-03-31": {
        "Diluted EPS": 0.42,
        "Total Revenue": 338,
        "Gross Profit": 84,
        "Operating Income": 26,
        "EBIT": 42,
        "Net Income": 19
    },
    "2016-12-31": {
        "Diluted EPS": 0.0,
        "Total Revenue": 345,
        "Gross Profit": 95,
        "Operating Income": 6,
        "EBIT": 23,
        "Net Income": -1
    },
    "2016-09-30": {
        "Diluted EPS": 0.24,
        "Total Revenue": 313,
        "Gross Profit": 79,
        "Operating Income": 13,
        "EBIT": 30,
        "Net Income": 11
    },
    "2016-06-30": {
        "Diluted EPS": 0.24,
        "Total Revenue": 305,
        "Gross Profit": 78,
        "Operating Income": 16,
        "EBIT": 34,
        "Net Income": 12
    },
    "2016-03-31": {
        "Diluted EPS": 0.23,
        "Total Revenue": 312,
        "Gross Profit": 81,
        "Operating Income": 18,
        "EBIT": 36,
        "Net Income": 11
    },
    "2015-12-31": {
        "Diluted EPS": 0.35,
        "Total Revenue": 342,
        "Gross Profit": 96,
        "Operating Income": 25,
        "EBIT": 43,
        "Net Income": 17
    },
    "2015-09-30": {
        "Diluted EPS": 0.23,
        "Total Revenue": 309,
        "Gross Profit": 83,
        "Operating Income": 16,
        "EBIT": 32,
        "Net Income": 11
    },
    "2015-06-30": {
        "Diluted EPS": 0.3,
        "Total Revenue": 310,
        "Gross Profit": 87,
        "Operating Income": 23,
        "EBIT": 39,
        "Net Income": 15
    },
    "2015-03-31": {
        "Diluted EPS": 0.38,
        "Total Revenue": 326,
        "Gross Profit": 93,
        "Operating Income": 26,
        "EBIT": 42,
        "Net Income": 19
    },
    "2014-12-31": {
        "Diluted EPS": 0.43,
        "Total Revenue": 338,
        "Gross Profit": 98,
        "Operating Income": 30,
        "EBIT": 46,
        "Net Income": 22
    },
    "2014-09-30": {
        "Diluted EPS": 0.27,
        "Total Revenue": 306,
        "Gross Profit": 86,
        "Operating Income": 21,
        "EBIT": 35,
        "Net Income": 13
    },
    "2014-06-30": {
        "Diluted EPS": 0.34,
        "Total Revenue": 295,
        "Gross Profit": 83,
        "Operating Income": 21,
        "EBIT": 35,
        "Net Income": 17
    },
    "2014-03-31": {
        "Diluted EPS": 0.4,
        "Total Revenue": 302,
        "Gross Profit": 88,
        "Operating Income": 24,
        "EBIT": 38,
        "Net Income": 20
    },
    "2013-12-31": {
        "Diluted EPS": 0.38,
        "Total Revenue": 318,
        "Gross Profit": 97,
        "Operating Income": 33,
        "EBIT": 46,
        "Net Income": 19
    },
    "2013-09-30": {
        "Diluted EPS": 0.34,
        "Total Revenue": 297,
        "Gross Profit": 88,
        "Operating Income": 26,
        "EBIT": 38,
        "Net Income": 18
    },
    "2013-06-30": {
        "Diluted EPS": 0.23,
        "Total Revenue": 290,
        "Gross Profit": 81,
        "Operating Income": 20,
        "EBIT": 31,
        "Net Income": 12
    },
    "2013-03-31": {
        "Diluted EPS": 0.34,
        "Total Revenue": 288,
        "Gross Profit": 80,
        "Operating Income": 23,
        "EBIT": 34,
        "Net Income": 18
    },
    "2012-12-31": {
        "Diluted EPS": 0.36,
        "Total Revenue": 295,
        "Gross Profit": 83,
        "Operating Income": 26,
        "EBIT": 37,
        "Net Income": 20
    },
    "2012-09-30": {
        "Diluted EPS": 0.52,
        "Total Revenue": 286,
        "Gross Profit": 85,
        "Operating Income": 27,
        "EBIT": 38,
        "Net Income": 28
    },
    "2012-06-30": {
        "Diluted EPS": 0.1,
        "Total Revenue": 289,
        "Gross Profit": 80,
        "Operating Income": 6,
        "EBIT": 17,
        "Net Income": 5
    },
    "2012-03-31": {
        "Diluted EPS": 0.28,
        "Total Revenue": 293,
        "Gross Profit": 81,
        "Operating Income": 19,
        "EBIT": 29,
        "Net Income": 16
    },
    "2011-12-31": {
        "Diluted EPS": 0.28,
        "Total Revenue": 301,
        "Gross Profit": 82,
        "Operating Income": 21,
        "EBIT": 31,
        "Net Income": 16
    },
    "2011-09-30": {
        "Diluted EPS": 0.44,
        "Total Revenue": 304,
        "Gross Profit": 83,
        "Operating Income": 27,
        "EBIT": 39,
        "Net Income": 25
    },
    "2011-06-30": {
        "Diluted EPS": 0.38,
        "Total Revenue": 294,
        "Gross Profit": 83,
        "Operating Income": 25,
        "EBIT": 36,
        "Net Income": 22
    },
    "2011-03-31": {
        "Diluted EPS": 0.18,
        "Total Revenue": 281,
        "Gross Profit": 82,
        "Operating Income": 21,
        "EBIT": 34,
        "Net Income": 10
    },
    "2010-12-31": {
        "Diluted EPS": 0.07,
        "Total Revenue": 280,
        "Gross Profit": 78,
        "Operating Income": 15,
        "EBIT": 28,
        "Net Income": 5
    },
    "2010-09-30": {
        "Diluted EPS": 0.31,
        "Total Revenue": 271,
        "Gross Profit": 77,
        "Operating Income": 20,
        "EBIT": 35,
        "Net Income": 19
    },
    "2010-06-30": {
        "Diluted EPS": 0.22,
        "Total Revenue": 272,
        "Gross Profit": 74,
        "Operating Income": 19,
        "EBIT": 34,
        "Net Income": 13
    },
    "2010-03-31": {
        "Diluted EPS": 0.21,
        "Total Revenue": 272,
        "Gross Profit": 77,
        "Operating Income": 19,
        "EBIT": 33,
        "Net Income": 13
    },
    "2009-12-31": {
        "Diluted EPS": 0.32,
        "Total Revenue": 281,
        "Gross Profit": 87,
        "Operating Income": 29,
        "EBIT": 44,
        "Net Income": 20
    },
    "2009-09-30": {
        "Diluted EPS": 0.32,
        "Total Revenue": 282,
        "Gross Profit": 87,
        "Operating Income": 28,
        "EBIT": 45,
        "Net Income": 21
    },
    "2009-06-30": {
        "Diluted EPS": 0.25,
        "Total Revenue": 302,
        "Gross Profit": 88,
        "Operating Income": 23,
        "EBIT": 38,
        "Net Income": 16
    },
    "2009-03-31": {
        "Diluted EPS": 0.23,
        "Total Revenue": 304,
        "Gross Profit": 85,
        "Operating Income": 20,
        "EBIT": 35,
        "Net Income": 15
    },
    "2023-06-30": {
        "Tax Effect Of Unusual Items": -1650400.0,
        "Tax Rate For Calcs": 0.4,
        "Normalized EBITDA": 57922000.0,
        "Total Unusual Items": -4126000.0,
        "Total Unusual Items Excluding Goodwill": -4126000.0,
        "Net Income From Continuing Operation Net Minority Interest": 1211000.0,
        "Reconciled Depreciation": 24946000.0,
        "Reconciled Cost Of Revenue": 464686000.0,
        "EBITDA": 53796000.0,
        "EBIT": 28850000.0,
        "Net Interest Income": -17865000.0,
        "Interest Expense": 18991000.0,
        "Interest Income": 1126000.0,
        "Normalized Income": 3686600.0,
        "Net Income From Continuing And Discontinued Operation": 1211000.0,
        "Total Expenses": 564970000.0,
        "Total Operating Income As Reported": 31298000.0,
        "Diluted Average Shares": 47453000.0,
        "Basic Average Shares": 47264000.0,
        "Diluted EPS": 0.03,
        "Basic EPS": 0.03,
        "Diluted NI Availto Com Stockholders": 1211000.0,
        "Net Income Common Stockholders": 1211000.0,
        "Net Income": 1211000.0,
        "Minority Interests": -2546000.0,
        "Net Income Including Noncontrolling Interests": 3757000.0,
        "Net Income Continuous Operations": 3757000.0,
        "Tax Provision": 6102000.0,
        "Pretax Income": 9859000.0,
        "Other Income Expense": -7700000.0,
        "Other Non Operating Income Expenses": -3574000.0,
        "Special Income Charges": -4126000.0,
        "Impairment Of Capital Assets": 2652000.0,
        "Restructuring And Mergern Acquisition": 1474000.0,
        "Net Non Operating Interest Income Expense": -17865000.0,
        "Interest Expense Non Operating": 18991000.0,
        "Interest Income Non Operating": 1126000.0,
        "Operating Income": 35424000.0,
        "Operating Expense": 100284000.0,
        "Depreciation Amortization Depletion Income Statement": 24946000.0,
        "Depreciation And Amortization In Income Statement": 24946000.0,
        "Selling General And Administration": 75338000.0,
        "Gross Profit": 135708000.0,
        "Cost Of Revenue": 464686000.0,
        "Total Revenue": 600394000.0,
        "Operating Revenue": 600394000.0
    },
    "2023-09-30": {
        "Tax Effect Of Unusual Items": -1153530.0,
        "Tax Rate For Calcs": 0.21,
        "Normalized EBITDA": 58505000.0,
        "Total Unusual Items": -5493000.0,
        "Total Unusual Items Excluding Goodwill": -5493000.0,
        "Net Income From Continuing Operation Net Minority Interest": -1530000.0,
        "Reconciled Depreciation": 25595000.0,
        "Reconciled Cost Of Revenue": 479699000.0,
        "EBITDA": 53012000.0,
        "EBIT": 27417000.0,
        "Net Interest Income": -18985000.0,
        "Interest Expense": 20327000.0,
        "Interest Income": 1342000.0,
        "Normalized Income": 2809470.0,
        "Net Income From Continuing And Discontinued Operation": -1530000.0,
        "Total Expenses": 572075000.0,
        "Total Operating Income As Reported": 25388000.0,
        "Diluted Average Shares": 47488000.0,
        "Basic Average Shares": 47415000.0,
        "Diluted EPS": -0.03,
        "Basic EPS": -0.03,
        "Diluted NI Availto Com Stockholders": -1530000.0,
        "Net Income Common Stockholders": -1530000.0,
        "Net Income": -1530000.0,
        "Minority Interests": -3326000.0,
        "Net Income Including Noncontrolling Interests": 1796000.0,
        "Net Income Continuous Operations": 1796000.0,
        "Tax Provision": 5294000.0,
        "Pretax Income": 7090000.0,
        "Other Income Expense": -4806000.0,
        "Other Non Operating Income Expenses": 687000.0,
        "Special Income Charges": -5493000.0,
        "Impairment Of Capital Assets": 4124000.0,
        "Restructuring And Mergern Acquisition": 1369000.0,
        "Net Non Operating Interest Income Expense": -18985000.0,
        "Interest Expense Non Operating": 20327000.0,
        "Interest Income Non Operating": 1342000.0,
        "Operating Income": 30881000.0,
        "Operating Expense": 92376000.0,
        "Depreciation Amortization Depletion Income Statement": 25595000.0,
        "Depreciation And Amortization In Income Statement": 25595000.0,
        "Selling General And Administration": 66781000.0,
        "Gross Profit": 123257000.0,
        "Cost Of Revenue": 479699000.0,
        "Total Revenue": 602956000.0,
        "Operating Revenue": 602956000.0
    }
}