{
    "2023-03-31": {
        "Tax Effect Of Unusual Items": NaN,
        "Tax Rate For Calcs": NaN,
        "Normalized EBITDA": NaN,
        "Total Unusual Items": NaN,
        "Total Unusual Items Excluding Goodwill": NaN,
        "Net Income From Continuing Operation Net Minority Interest": NaN,
        "Reconciled Depreciation": NaN,
        "Reconciled Cost Of Revenue": NaN,
        "EBITDA": NaN,
        "EBIT": NaN,
        "Net Interest Income": NaN,
        "Interest Income": 2757000.0,
        "Normalized Income": NaN,
        "Net Income From Continuing And Discontinued Operation": NaN,
        "Total Expenses": NaN,
        "Total Operating Income As Reported": NaN,
        "Diluted Average Shares": NaN,
        "Basic Average Shares": NaN,
        "Diluted EPS": NaN,
        "Basic EPS": NaN,
        "Diluted NI Availto Com Stockholders": NaN,
        "Net Income Common Stockholders": NaN,
        "Net Income": NaN,
        "Net Income Including Noncontrolling Interests": NaN,
        "Net Income Continuous Operations": NaN,
        "Tax Provision": NaN,
        "Pretax Income": NaN,
        "Other Income Expense": NaN,
        "Special Income Charges": NaN,
        "Other Special Charges": NaN,
        "Restructuring And Mergern Acquisition": 0.0,
        "Net Non Operating Interest Income Expense": NaN,
        "Total Other Finance Cost": -2757000.0,
        "Interest Income Non Operating": 2757000.0,
        "Operating Income": NaN,
        "Operating Expense": NaN,
        "Depreciation Amortization Depletion Income Statement": NaN,
        "Depreciation And Amortization In Income Statement": NaN,
        "Amortization": NaN,
        "Amortization Of Intangibles Income Statement": NaN,
        "Depreciation Income Statement": NaN,
        "Research And Development": NaN,
        "Selling General And Administration": NaN,
        "Selling And Marketing Expense": NaN,
        "General And Administrative Expense": NaN,
        "Other Gand A": NaN,
        "Salaries And Wages": NaN,
        "Gross Profit": NaN,
        "Cost Of Revenue": NaN,
        "Total Revenue": NaN,
        "Operating Revenue": NaN
    },
    "2022-12-31": {
        "Tax Effect Of Unusual Items": 0.0,
        "Tax Rate For Calcs": 0.348232,
        "Normalized EBITDA": 17834000.0,
        "Total Unusual Items": NaN,
        "Total Unusual Items Excluding Goodwill": NaN,
        "Net Income From Continuing Operation Net Minority Interest": 7189000.0,
        "Reconciled Depreciation": 4883000.0,
        "Reconciled Cost Of Revenue": 18247000.0,
        "EBITDA": 17834000.0,
        "EBIT": 12951000.0,
        "Net Interest Income": 2514000.0,
        "Normalized Income": 7189000.0,
        "Net Income From Continuing And Discontinued Operation": 7189000.0,
        "Total Expenses": 60084000.0,
        "Total Operating Income As Reported": 8516000.0,
        "Diluted Average Shares": 33383000.0,
        "Basic Average Shares": 29437000.0,
        "Diluted EPS": 0.23,
        "Basic EPS": 0.24,
        "Diluted NI Availto Com Stockholders": 5268000.0,
        "Net Income Common Stockholders": 7189000.0,
        "Net Income": 7189000.0,
        "Net Income Including Noncontrolling Interests": 7189000.0,
        "Net Income Continuous Operations": 7189000.0,
        "Tax Provision": 3841000.0,
        "Pretax Income": 11030000.0,
        "Other Income Expense": NaN,
        "Special Income Charges": NaN,
        "Other Special Charges": NaN,
        "Net Non Operating Interest Income Expense": 2514000.0,
        "Total Other Finance Cost": NaN,
        "Operating Income": 12951000.0,
        "Operating Expense": 40408000.0,
        "Depreciation Amortization Depletion Income Statement": 3454000.0,
        "Depreciation And Amortization In Income Statement": 3454000.0,
        "Amortization": 1515000.0,
        "Amortization Of Intangibles Income Statement": 1515000.0,
        "Depreciation Income Statement": 1939000.0,
        "Research And Development": 3358000.0,
        "Selling General And Administration": 33596000.0,
        "Selling And Marketing Expense": 25765000.0,
        "General And Administrative Expense": 7831000.0,
        "Other Gand A": 7831000.0,
        "Salaries And Wages": NaN,
        "Gross Profit": 53359000.0,
        "Cost Of Revenue": 19676000.0,
        "Total Revenue": 73035000.0,
        "Operating Revenue": 73035000.0
    },
    "2022-09-30": {
        "Tax Effect Of Unusual Items": NaN,
        "Tax Rate For Calcs": NaN,
        "Normalized EBITDA": NaN,
        "Total Unusual Items": 0.0,
        "Total Unusual Items Excluding Goodwill": 0.0,
        "Net Income From Continuing Operation Net Minority Interest": NaN,
        "Reconciled Depreciation": NaN,
        "Reconciled Cost Of Revenue": NaN,
        "EBITDA": NaN,
        "EBIT": NaN,
        "Net Interest Income": NaN,
        "Interest Income": NaN,
        "Normalized Income": NaN,
        "Net Income From Continuing And Discontinued Operation": NaN,
        "Total Expenses": NaN,
        "Total Operating Income As Reported": NaN,
        "Diluted Average Shares": NaN,
        "Basic Average Shares": NaN,
        "Diluted EPS": NaN,
        "Basic EPS": NaN,
        "Diluted NI Availto Com Stockholders": NaN,
        "Average Dilution Earnings": 641000.0,
        "Net Income Common Stockholders": NaN,
        "Net Income": NaN,
        "Net Income Including Noncontrolling Interests": NaN,
        "Net Income Continuous Operations": NaN,
        "Tax Provision": NaN,
        "Pretax Income": NaN,
        "Other Income Expense": NaN,
        "Special Income Charges": 0.0,
        "Other Special Charges": NaN,
        "Restructuring And Mergern Acquisition": NaN,
        "Net Non Operating Interest Income Expense": NaN,
        "Total Other Finance Cost": 109000.0,
        "Interest Income Non Operating": NaN,
        "Operating Income": NaN,
        "Operating Expense": NaN,
        "Depreciation Amortization Depletion Income Statement": NaN,
        "Depreciation And Amortization In Income Statement": NaN,
        "Amortization": NaN,
        "Amortization Of Intangibles Income Statement": NaN,
        "Depreciation Income Statement": NaN,
        "Research And Development": NaN,
        "Selling General And Administration": NaN,
        "Selling And Marketing Expense": NaN,
        "General And Administrative Expense": NaN,
        "Other Gand A": NaN,
        "Salaries And Wages": NaN,
        "Gross Profit": NaN,
        "Cost Of Revenue": NaN,
        "Total Revenue": NaN,
        "Operating Revenue": NaN
    },
    "2022-06-30": {
        "Tax Effect Of Unusual Items": 0.0,
        "Tax Rate For Calcs": 0.32,
        "Normalized EBITDA": 24211000.0,
        "Total Unusual Items": NaN,
        "Total Unusual Items Excluding Goodwill": NaN,
        "Net Income From Continuing Operation Net Minority Interest": 12415000.0,
        "Reconciled Depreciation": 5096000.0,
        "Reconciled Cost Of Revenue": 19097000.0,
        "EBITDA": 24211000.0,
        "EBIT": 19115000.0,
        "Net Interest Income": -984000.0,
        "Normalized Income": 12415000.0,
        "Net Income From Continuing And Discontinued Operation": 12415000.0,
        "Total Expenses": 59761000.0,
        "Total Operating Income As Reported": 19115000.0,
        "Diluted Average Shares": 34265000.0,
        "Basic Average Shares": 29574000.0,
        "Diluted EPS": 0.38,
        "Basic EPS": 0.42,
        "Diluted NI Availto Com Stockholders": 12415000.0,
        "Net Income Common Stockholders": 12415000.0,
        "Net Income": 12415000.0,
        "Net Income Including Noncontrolling Interests": 12415000.0,
        "Net Income Continuous Operations": 12415000.0,
        "Tax Provision": 5716000.0,
        "Pretax Income": 18131000.0,
        "Other Income Expense": NaN,
        "Special Income Charges": NaN,
        "Restructuring And Mergern Acquisition": NaN,
        "Net Non Operating Interest Income Expense": -984000.0,
        "Total Other Finance Cost": 984000.0,
        "Operating Income": 19115000.0,
        "Operating Expense": 39312000.0,
        "Depreciation Amortization Depletion Income Statement": 3744000.0,
        "Depreciation And Amortization In Income Statement": 3744000.0,
        "Amortization": 1977000.0,
        "Amortization Of Intangibles Income Statement": 1977000.0,
        "Depreciation Income Statement": 1767000.0,
        "Research And Development": 3081000.0,
        "Selling General And Administration": 32487000.0,
        "Selling And Marketing Expense": 24798000.0,
        "General And Administrative Expense": 7689000.0,
        "Other Gand A": 7689000.0,
        "Salaries And Wages": NaN,
        "Gross Profit": 58427000.0,
        "Cost Of Revenue": 20449000.0,
        "Total Revenue": 78876000.0,
        "Operating Revenue": 78876000.0
    },
    "2022-03-31": {
        "Diluted EPS": 0.23,
        "Total Revenue": 68,
        "Gross Profit": 50,
        "Operating Income": 11,
        "EBIT": 16,
        "Net Income": 7
    },
    "2021-12-31": {
        "Diluted EPS": -0.52,
        "Total Revenue": 77,
        "Gross Profit": 57,
        "Operating Income": 12,
        "EBIT": 20,
        "Net Income": -16
    },
    "2021-09-30": {
        "Diluted EPS": 0.32,
        "Total Revenue": 70,
        "Gross Profit": 52,
        "Operating Income": 7,
        "EBIT": 12,
        "Net Income": 10
    },
    "2021-06-30": {
        "Diluted EPS": 0.17,
        "Total Revenue": 64,
        "Gross Profit": 46,
        "Operating Income": 12,
        "EBIT": 17,
        "Net Income": 5
    },
    "2021-03-31": {
        "Diluted EPS": 0.06,
        "Total Revenue": 53,
        "Gross Profit": 37,
        "Operating Income": 3,
        "EBIT": 8,
        "Net Income": 2
    },
    "2020-12-31": {
        "Diluted EPS": 0.12,
        "Total Revenue": 46,
        "Gross Profit": 35,
        "Operating Income": 6,
        "EBIT": 8,
        "Net Income": 3
    },
    "2020-09-30": {
        "Diluted EPS": 0.24,
        "Total Revenue": 36,
        "Gross Profit": 27,
        "Operating Income": 6,
        "EBIT": 8,
        "Net Income": 7
    },
    "2020-06-30": {
        "Diluted EPS": 0.17,
        "Total Revenue": 35,
        "Gross Profit": 26,
        "Operating Income": 7,
        "EBIT": 9,
        "Net Income": 5
    },
    "2020-03-31": {
        "Diluted EPS": 0.08,
        "Total Revenue": 31,
        "Gross Profit": 23,
        "Operating Income": 4,
        "EBIT": 5,
        "Net Income": 2
    },
    "2019-12-31": {
        "Diluted EPS": 0.14,
        "Total Revenue": 36,
        "Gross Profit": 27,
        "Operating Income": 5,
        "EBIT": 7,
        "Net Income": 4
    },
    "2019-09-30": {
        "Diluted EPS": 0.19,
        "Total Revenue": 34,
        "Gross Profit": 26,
        "Operating Income": 7,
        "EBIT": 8,
        "Net Income": 5
    },
    "2019-06-30": {
        "Diluted EPS": 0.15,
        "Total Revenue": 34,
        "Gross Profit": 26,
        "Operating Income": 6,
        "EBIT": 7,
        "Net Income": 4
    },
    "2019-03-31": {
        "Diluted EPS": 0.12,
        "Total Revenue": 30,
        "Gross Profit": 23,
        "Operating Income": 4,
        "EBIT": 6,
        "Net Income": 3
    },
    "2018-12-31": {
        "Diluted EPS": 0.1,
        "Total Revenue": 32,
        "Gross Profit": 24,
        "Operating Income": 4,
        "EBIT": 6,
        "Net Income": 3
    },
    "2018-09-30": {
        "Diluted EPS": 0.13,
        "Total Revenue": 31,
        "Gross Profit": 23,
        "Operating Income": 3,
        "EBIT": 5,
        "Net Income": 4
    },
    "2018-06-30": {
        "Diluted EPS": 0.15,
        "Total Revenue": 31,
        "Gross Profit": 24,
        "Operating Income": 6,
        "EBIT": 8,
        "Net Income": 4
    },
    "2018-03-31": {
        "Diluted EPS": 0.07,
        "Total Revenue": 27,
        "Gross Profit": 21,
        "Operating Income": 3,
        "EBIT": 4,
        "Net Income": 2
    },
    "2017-12-31": {
        "Diluted EPS": 0.12,
        "Total Revenue": 30,
        "Gross Profit": 23,
        "Operating Income": 5,
        "EBIT": 7,
        "Net Income": 3
    },
    "2017-09-30": {
        "Diluted EPS": 0.07,
        "Total Revenue": 28,
        "Gross Profit": 21,
        "Operating Income": 3,
        "EBIT": 4,
        "Net Income": 2
    },
    "2017-06-30": {
        "Diluted EPS": 0.05,
        "Total Revenue": 27,
        "Gross Profit": 20,
        "Operating Income": 2,
        "EBIT": 4,
        "Net Income": 1
    },
    "2017-03-31": {
        "Diluted EPS": 0.0,
        "Total Revenue": 24,
        "Gross Profit": 17,
        "Operating Income": 0,
        "EBIT": 1,
        "Net Income": 0
    },
    "2016-12-31": {
        "Diluted EPS": 0.01,
        "Total Revenue": 27,
        "Gross Profit": 19,
        "Operating Income": 2,
        "EBIT": 3,
        "Net Income": 0
    },
    "2016-09-30": {
        "Diluted EPS": 0.0,
        "Total Revenue": 26,
        "Gross Profit": 18,
        "Operating Income": 1,
        "EBIT": 2,
        "Net Income": 0
    },
    "2016-06-30": {
        "Diluted EPS": 0.07,
        "Total Revenue": 29,
        "Gross Profit": 22,
        "Operating Income": 4,
        "EBIT": 6,
        "Net Income": 2
    },
    "2016-03-31": {
        "Diluted EPS": 0.0,
        "Total Revenue": 25,
        "Gross Profit": 18,
        "Operating Income": 0,
        "EBIT": 2,
        "Net Income": 0
    },
    "2015-12-31": {
        "Diluted EPS": 0.06,
        "Total Revenue": 29,
        "Gross Profit": 22,
        "Operating Income": 4,
        "EBIT": 6,
        "Net Income": 2
    },
    "2015-09-30": {
        "Diluted EPS": 0.06,
        "Total Revenue": 29,
        "Gross Profit": 21,
        "Operating Income": 3,
        "EBIT": 5,
        "Net Income": 2
    },
    "2015-06-30": {
        "Diluted EPS": 0.08,
        "Total Revenue": 30,
        "Gross Profit": 22,
        "Operating Income": 4,
        "EBIT": 6,
        "Net Income": 3
    },
    "2015-03-31": {
        "Diluted EPS": 0.01,
        "Total Revenue": 24,
        "Gross Profit": 17,
        "Operating Income": 0,
        "EBIT": 2,
        "Net Income": 0
    },
    "2014-12-31": {
        "Diluted EPS": 0.05,
        "Total Revenue": 31,
        "Gross Profit": 23,
        "Operating Income": 4,
        "EBIT": 5,
        "Net Income": 2
    },
    "2014-09-30": {
        "Diluted EPS": 0.03,
        "Total Revenue": 26,
        "Gross Profit": 20,
        "Operating Income": 2,
        "EBIT": 3,
        "Net Income": 1
    },
    "2014-06-30": {
        "Diluted EPS": 0.04,
        "Total Revenue": 26,
        "Gross Profit": 19,
        "Operating Income": 2,
        "EBIT": 3,
        "Net Income": 1
    },
    "2014-03-31": {
        "Diluted EPS": 0.0,
        "Total Revenue": 23,
        "Gross Profit": 16,
        "Operating Income": 0,
        "EBIT": 2,
        "Net Income": 0
    },
    "2013-12-31": {
        "Diluted EPS": 0.0,
        "Total Revenue": 24,
        "Gross Profit": 17,
        "Operating Income": 1,
        "EBIT": 2,
        "Net Income": 0
    },
    "2013-09-30": {
        "Diluted EPS": 0.01,
        "Total Revenue": 22,
        "Gross Profit": 15,
        "Operating Income": 0,
        "EBIT": 1,
        "Net Income": 1
    },
    "2013-06-30": {
        "Diluted EPS": -0.02,
        "Total Revenue": 23,
        "Gross Profit": 16,
        "Operating Income": 0,
        "EBIT": 2,
        "Net Income": -1
    },
    "2013-03-31": {
        "Diluted EPS": -0.04,
        "Total Revenue": 20,
        "Gross Profit": 13,
        "Operating Income": -3,
        "EBIT": -1,
        "Net Income": -2
    },
    "2012-12-31": {
        "Diluted EPS": 0.02,
        "Total Revenue": 25,
        "Gross Profit": 19,
        "Operating Income": 3,
        "EBIT": 5,
        "Net Income": 1
    },
    "2012-09-30": {
        "Diluted EPS": 0.02,
        "Total Revenue": 25,
        "Gross Profit": 17,
        "Operating Income": 1,
        "EBIT": 3,
        "Net Income": 1
    },
    "2012-06-30": {
        "Diluted EPS": 0.05,
        "Total Revenue": 26,
        "Gross Profit": 19,
        "Operating Income": 3,
        "EBIT": 5,
        "Net Income": 2
    },
    "2012-03-31": {
        "Diluted EPS": 0.01,
        "Total Revenue": 24,
        "Gross Profit": 17,
        "Operating Income": 1,
        "EBIT": 3,
        "Net Income": 0
    },
    "2011-12-31": {
        "Diluted EPS": 0.06,
        "Total Revenue": 29,
        "Gross Profit": 22,
        "Operating Income": 5,
        "EBIT": 7,
        "Net Income": 2
    },
    "2011-09-30": {
        "Diluted EPS": 0.02,
        "Total Revenue": 26,
        "Gross Profit": 19,
        "Operating Income": 2,
        "EBIT": 4,
        "Net Income": 1
    },
    "2011-06-30": {
        "Diluted EPS": 0.04,
        "Total Revenue": 28,
        "Gross Profit": 21,
        "Operating Income": 4,
        "EBIT": 5,
        "Net Income": 2
    },
    "2011-03-31": {
        "Diluted EPS": 0.0,
        "Total Revenue": 23,
        "Gross Profit": 16,
        "Operating Income": 0,
        "EBIT": 2,
        "Net Income": 0
    },
    "2010-12-31": {
        "Diluted EPS": 0.03,
        "Total Revenue": 27,
        "Gross Profit": 21,
        "Operating Income": 4,
        "EBIT": 6,
        "Net Income": 1
    },
    "2010-09-30": {
        "Diluted EPS": -0.01,
        "Total Revenue": 22,
        "Gross Profit": 16,
        "Operating Income": 0,
        "EBIT": 2,
        "Net Income": -1
    },
    "2010-06-30": {
        "Diluted EPS": 0.01,
        "Total Revenue": 25,
        "Gross Profit": 19,
        "Operating Income": 1,
        "EBIT": 4,
        "Net Income": 0
    },
    "2010-03-31": {
        "Diluted EPS": -0.06,
        "Total Revenue": 21,
        "Gross Profit": 15,
        "Operating Income": -3,
        "EBIT": -1,
        "Net Income": -2
    },
    "2009-12-31": {
        "Diluted EPS": -0.02,
        "Total Revenue": 23,
        "Gross Profit": 15,
        "Operating Income": -1,
        "EBIT": 1,
        "Net Income": -1
    },
    "2009-09-30": {
        "Diluted EPS": -0.03,
        "Total Revenue": 23,
        "Gross Profit": 17,
        "Operating Income": -2,
        "EBIT": 0,
        "Net Income": -1
    },
    "2009-06-30": {
        "Diluted EPS": -0.01,
        "Total Revenue": 22,
        "Gross Profit": 16,
        "Operating Income": 0,
        "EBIT": 2,
        "Net Income": -1
    },
    "2009-03-31": {
        "Diluted EPS": -0.06,
        "Total Revenue": 18,
        "Gross Profit": 13,
        "Operating Income": -3,
        "EBIT": 0,
        "Net Income": -2
    },
    "2023-06-30": {
        "Tax Effect Of Unusual Items": 0.0,
        "Tax Rate For Calcs": 0.25,
        "Normalized EBITDA": 5864000.0,
        "Total Unusual Items": 0.0,
        "Total Unusual Items Excluding Goodwill": 0.0,
        "Net Income From Continuing Operation Net Minority Interest": 2675000.0,
        "Reconciled Depreciation": 5214000.0,
        "Reconciled Cost Of Revenue": 17487000.0,
        "EBITDA": 5864000.0,
        "EBIT": 650000.0,
        "Net Interest Income": 2915000.0,
        "Interest Income": 2915000.0,
        "Normalized Income": 2675000.0,
        "Net Income From Continuing And Discontinued Operation": 2675000.0,
        "Total Expenses": 57779000.0,
        "Total Operating Income As Reported": 650000.0,
        "Diluted Average Shares": 32162000.0,
        "Basic Average Shares": 28055000.0,
        "Diluted EPS": 0.1,
        "Basic EPS": 0.1,
        "Diluted NI Availto Com Stockholders": 2675000.0,
        "Net Income Common Stockholders": 2675000.0,
        "Net Income": 2675000.0,
        "Net Income Including Noncontrolling Interests": 2675000.0,
        "Net Income Continuous Operations": 2675000.0,
        "Tax Provision": 890000.0,
        "Pretax Income": 3565000.0,
        "Other Income Expense": NaN,
        "Special Income Charges": 0.0,
        "Other Special Charges": NaN,
        "Restructuring And Mergern Acquisition": 0.0,
        "Net Non Operating Interest Income Expense": 2915000.0,
        "Total Other Finance Cost": -2915000.0,
        "Interest Income Non Operating": 2915000.0,
        "Operating Income": 650000.0,
        "Operating Expense": 38679000.0,
        "Depreciation Amortization Depletion Income Statement": 3601000.0,
        "Depreciation And Amortization In Income Statement": 3601000.0,
        "Amortization": 1506000.0,
        "Amortization Of Intangibles Income Statement": 1506000.0,
        "Depreciation Income Statement": 2095000.0,
        "Research And Development": 2457000.0,
        "Selling General And Administration": 32621000.0,
        "Selling And Marketing Expense": 24915000.0,
        "General And Administrative Expense": 7706000.0,
        "Other Gand A": 7706000.0,
        "Salaries And Wages": 11424000.0,
        "Gross Profit": 39329000.0,
        "Cost Of Revenue": 19100000.0,
        "Total Revenue": 58429000.0,
        "Operating Revenue": 58429000.0
    },
    "2023-09-30": {
        "Tax Effect Of Unusual Items": 1056930.0,
        "Tax Rate For Calcs": 0.21,
        "Normalized EBITDA": 814000.0,
        "Total Unusual Items": 5033000.0,
        "Total Unusual Items Excluding Goodwill": 5033000.0,
        "Net Income From Continuing Operation Net Minority Interest": 1742000.0,
        "Reconciled Depreciation": 5378000.0,
        "Reconciled Cost Of Revenue": 17254000.0,
        "EBITDA": 5847000.0,
        "EBIT": 469000.0,
        "Net Interest Income": 2791000.0,
        "Interest Income": NaN,
        "Normalized Income": -2234070.0,
        "Net Income From Continuing And Discontinued Operation": 1742000.0,
        "Total Expenses": 56659000.0,
        "Total Operating Income As Reported": 469000.0,
        "Diluted Average Shares": 28206336.0,
        "Basic Average Shares": 28073459.0,
        "Diluted EPS": 0.06,
        "Basic EPS": 0.06,
        "Diluted NI Availto Com Stockholders": 1742000.0,
        "Net Income Common Stockholders": 1742000.0,
        "Net Income": 1742000.0,
        "Net Income Including Noncontrolling Interests": 1742000.0,
        "Net Income Continuous Operations": 1742000.0,
        "Tax Provision": 6551000.0,
        "Pretax Income": 8293000.0,
        "Other Income Expense": 5033000.0,
        "Special Income Charges": 5033000.0,
        "Other Special Charges": -5033000.0,
        "Restructuring And Mergern Acquisition": NaN,
        "Net Non Operating Interest Income Expense": 2791000.0,
        "Total Other Finance Cost": -2791000.0,
        "Interest Income Non Operating": NaN,
        "Operating Income": 469000.0,
        "Operating Expense": 37709000.0,
        "Depreciation Amortization Depletion Income Statement": 3682000.0,
        "Depreciation And Amortization In Income Statement": 3682000.0,
        "Amortization": 1502000.0,
        "Amortization Of Intangibles Income Statement": 1502000.0,
        "Depreciation Income Statement": 2180000.0,
        "Research And Development": 2700000.0,
        "Selling General And Administration": 31327000.0,
        "Selling And Marketing Expense": 23944000.0,
        "General And Administrative Expense": 7383000.0,
        "Other Gand A": 7383000.0,
        "Salaries And Wages": NaN,
        "Gross Profit": 38178000.0,
        "Cost Of Revenue": 18950000.0,
        "Total Revenue": 57128000.0,
        "Operating Revenue": 57128000.0
    },
    "2023-12-31": {
        "Tax Effect Of Unusual Items": 0.0,
        "Tax Rate For Calcs": 0.21,
        "Normalized EBITDA": 1827000.0,
        "Total Unusual Items": 0.0,
        "Total Unusual Items Excluding Goodwill": 0.0,
        "Net Income From Continuing Operation Net Minority Interest": -1601000.0,
        "Reconciled Depreciation": 5530000.0,
        "Reconciled Cost Of Revenue": 17684000.0,
        "EBITDA": 1827000.0,
        "EBIT": -3703000.0,
        "Net Interest Income": 3192000.0,
        "Interest Income": NaN,
        "Normalized Income": -1601000.0,
        "Net Income From Continuing And Discontinued Operation": -1601000.0,
        "Total Expenses": 60995000.0,
        "Total Operating Income As Reported": -3703000.0,
        "Diluted Average Shares": 28424000.0,
        "Basic Average Shares": 28424000.0,
        "Diluted EPS": -0.06,
        "Basic EPS": -0.06,
        "Diluted NI Availto Com Stockholders": -1601000.0,
        "Net Income Common Stockholders": -1601000.0,
        "Net Income": -1601000.0,
        "Net Income Including Noncontrolling Interests": -1601000.0,
        "Net Income Continuous Operations": -1601000.0,
        "Tax Provision": 1090000.0,
        "Pretax Income": -511000.0,
        "Other Income Expense": 0.0,
        "Special Income Charges": 0.0,
        "Other Special Charges": 0.0,
        "Restructuring And Mergern Acquisition": NaN,
        "Net Non Operating Interest Income Expense": 3192000.0,
        "Total Other Finance Cost": NaN,
        "Interest Income Non Operating": NaN,
        "Operating Income": -3703000.0,
        "Operating Expense": 41531000.0,
        "Depreciation Amortization Depletion Income Statement": 3750000.0,
        "Depreciation And Amortization In Income Statement": 3750000.0,
        "Amortization": 1498000.0,
        "Amortization Of Intangibles Income Statement": 1498000.0,
        "Depreciation Income Statement": 2252000.0,
        "Research And Development": 3145000.0,
        "Selling General And Administration": 34636000.0,
        "Selling And Marketing Expense": 23546000.0,
        "General And Administrative Expense": 11090000.0,
        "Other Gand A": 11090000.0,
        "Salaries And Wages": NaN,
        "Gross Profit": 37828000.0,
        "Cost Of Revenue": 19464000.0,
        "Total Revenue": 57292000.0,
        "Operating Revenue": 57292000.0
    },
    "2024-03-31": {
        "Tax Effect Of Unusual Items": -2610400.0,
        "Tax Rate For Calcs": 0.4,
        "Normalized EBITDA": 7768000.0,
        "Total Unusual Items": -6526000.0,
        "Total Unusual Items Excluding Goodwill": -6526000.0,
        "Net Income From Continuing Operation Net Minority Interest": -10088000.0,
        "Reconciled Depreciation": 5686000.0,
        "Reconciled Cost Of Revenue": 17983000.0,
        "EBITDA": 1242000.0,
        "EBIT": -4444000.0,
        "Net Interest Income": 3072000.0,
        "Interest Income": 3072000.0,
        "Normalized Income": -6172400.0,
        "Net Income From Continuing And Discontinued Operation": -10088000.0,
        "Total Expenses": 56080000.0,
        "Total Operating Income As Reported": -10970000.0,
        "Diluted Average Shares": 28510000.0,
        "Basic Average Shares": 28510000.0,
        "Diluted EPS": -0.35,
        "Basic EPS": -0.35,
        "Diluted NI Availto Com Stockholders": -10088000.0,
        "Net Income Common Stockholders": -10088000.0,
        "Net Income": -10088000.0,
        "Net Income Including Noncontrolling Interests": -10088000.0,
        "Net Income Continuous Operations": -10088000.0,
        "Tax Provision": 2190000.0,
        "Pretax Income": -7898000.0,
        "Other Income Expense": -6526000.0,
        "Special Income Charges": -6526000.0,
        "Other Special Charges": NaN,
        "Restructuring And Mergern Acquisition": 6526000.0,
        "Net Non Operating Interest Income Expense": 3072000.0,
        "Total Other Finance Cost": NaN,
        "Interest Income Non Operating": 3072000.0,
        "Operating Income": -4444000.0,
        "Operating Expense": 36220000.0,
        "Depreciation Amortization Depletion Income Statement": 3809000.0,
        "Depreciation And Amortization In Income Statement": 3809000.0,
        "Amortization": 1498000.0,
        "Amortization Of Intangibles Income Statement": 1498000.0,
        "Depreciation Income Statement": 2311000.0,
        "Research And Development": 2753000.0,
        "Selling General And Administration": 29658000.0,
        "Selling And Marketing Expense": 22963000.0,
        "General And Administrative Expense": 6695000.0,
        "Other Gand A": 6695000.0,
        "Salaries And Wages": NaN,
        "Gross Profit": 31776000.0,
        "Cost Of Revenue": 19860000.0,
        "Total Revenue": 51636000.0,
        "Operating Revenue": 51636000.0
    },
    "2024-06-30": {
        "Tax Effect Of Unusual Items": -434490.0,
        "Tax Rate For Calcs": 0.21,
        "Normalized EBITDA": 7390000.0,
        "Total Unusual Items": -2069000.0,
        "Total Unusual Items Excluding Goodwill": -2069000.0,
        "Net Income From Continuing Operation Net Minority Interest": 1312000.0,
        "Reconciled Depreciation": 5780000.0,
        "Reconciled Cost Of Revenue": 20137000.0,
        "EBITDA": 5321000.0,
        "EBIT": -459000.0,
        "Net Interest Income": 3277000.0,
        "Interest Income": 3277000.0,
        "Normalized Income": 2946510.0,
        "Net Income From Continuing And Discontinued Operation": 1312000.0,
        "Total Expenses": 59373000.0,
        "Total Operating Income As Reported": -2528000.0,
        "Diluted Average Shares": 28828000.0,
        "Basic Average Shares": 28561000.0,
        "Diluted EPS": 0.05,
        "Basic EPS": 0.05,
        "Diluted NI Availto Com Stockholders": 1312000.0,
        "Net Income Common Stockholders": 1312000.0,
        "Net Income": 1312000.0,
        "Net Income Including Noncontrolling Interests": 1312000.0,
        "Net Income Continuous Operations": 1312000.0,
        "Tax Provision": -563000.0,
        "Pretax Income": 749000.0,
        "Other Income Expense": -2069000.0,
        "Special Income Charges": -2069000.0,
        "Other Special Charges": NaN,
        "Restructuring And Mergern Acquisition": 2069000.0,
        "Net Non Operating Interest Income Expense": 3277000.0,
        "Total Other Finance Cost": NaN,
        "Interest Income Non Operating": 3277000.0,
        "Operating Income": -459000.0,
        "Operating Expense": 37256000.0,
        "Depreciation Amortization Depletion Income Statement": 3800000.0,
        "Depreciation And Amortization In Income Statement": 3800000.0,
        "Amortization": 1498000.0,
        "Amortization Of Intangibles Income Statement": 1498000.0,
        "Depreciation Income Statement": 2302000.0,
        "Research And Development": 2644000.0,
        "Selling General And Administration": 30812000.0,
        "Selling And Marketing Expense": 23187000.0,
        "General And Administrative Expense": 7625000.0,
        "Other Gand A": 7625000.0,
        "Salaries And Wages": NaN,
        "Gross Profit": 36797000.0,
        "Cost Of Revenue": 22117000.0,
        "Total Revenue": 58914000.0,
        "Operating Revenue": 58914000.0
    }
}