{
    "2023-06-30": {
        "Tax Effect Of Unusual Items": 0.0,
        "Tax Rate For Calcs": 0.136,
        "Normalized EBITDA": 35481000.0,
        "Net Income From Continuing Operation Net Minority Interest": 18223000.0,
        "Reconciled Depreciation": 8457000.0,
        "Reconciled Cost Of Revenue": 126308000.0,
        "EBITDA": 35481000.0,
        "EBIT": 27024000.0,
        "Net Interest Income": -5944000.0,
        "Interest Expense": 5944000.0,
        "Normalized Income": 18223000.0,
        "Net Income From Continuing And Discontinued Operation": 18215000.0,
        "Total Expenses": 154874000.0,
        "Diluted NI Availto Com Stockholders": 18215000.0,
        "Net Income Common Stockholders": 18215000.0,
        "Net Income": 18215000.0,
        "Minority Interests": 18000.0,
        "Net Income Including Noncontrolling Interests": 18197000.0,
        "Net Income Discontinuous Operations": -8000.0,
        "Net Income Continuous Operations": 18205000.0,
        "Tax Provision": 2875000.0,
        "Pretax Income": 21080000.0,
        "Other Income Expense": 6435000.0,
        "Other Non Operating Income Expenses": 6435000.0,
        "Net Non Operating Interest Income Expense": -5944000.0,
        "Interest Expense Non Operating": 5944000.0,
        "Operating Income": 20589000.0,
        "Operating Expense": 28566000.0,
        "Other Operating Expenses": 2341000.0,
        "Selling General And Administration": 26225000.0,
        "General And Administrative Expense": 26225000.0,
        "Other Gand A": 26225000.0,
        "Gross Profit": 49155000.0,
        "Cost Of Revenue": 126308000.0,
        "Total Revenue": 175463000.0,
        "Operating Revenue": 175463000.0
    },
    "2023-03-31": {
        "Tax Effect Of Unusual Items": 0.0,
        "Tax Rate For Calcs": 0.198,
        "Normalized EBITDA": 21296000.0,
        "Net Income From Continuing Operation Net Minority Interest": 6052000.0,
        "Reconciled Depreciation": 8670000.0,
        "Reconciled Cost Of Revenue": 109886000.0,
        "EBITDA": 21296000.0,
        "EBIT": 12626000.0,
        "Net Interest Income": -5092000.0,
        "Interest Expense": 5092000.0,
        "Normalized Income": 6052000.0,
        "Net Income From Continuing And Discontinued Operation": 6040000.0,
        "Total Expenses": 133797000.0,
        "Diluted NI Availto Com Stockholders": 6040000.0,
        "Net Income Common Stockholders": 6040000.0,
        "Net Income": 6040000.0,
        "Minority Interests": 7000.0,
        "Net Income Including Noncontrolling Interests": 6033000.0,
        "Net Income Discontinuous Operations": -12000.0,
        "Net Income Continuous Operations": 6045000.0,
        "Tax Provision": 1489000.0,
        "Pretax Income": 7534000.0,
        "Other Income Expense": 214000.0,
        "Other Non Operating Income Expenses": 214000.0,
        "Net Non Operating Interest Income Expense": -5092000.0,
        "Interest Expense Non Operating": 5092000.0,
        "Operating Income": 12412000.0,
        "Operating Expense": 23911000.0,
        "Other Operating Expenses": 720000.0,
        "Selling General And Administration": 23191000.0,
        "General And Administrative Expense": 23191000.0,
        "Other Gand A": 23191000.0,
        "Gross Profit": 36323000.0,
        "Cost Of Revenue": 109886000.0,
        "Total Revenue": 146209000.0,
        "Operating Revenue": 146209000.0
    },
    "2022-12-31": {
        "Tax Effect Of Unusual Items": 0.0,
        "Tax Rate For Calcs": 0.21,
        "Normalized EBITDA": 12495000.0,
        "Net Income From Continuing Operation Net Minority Interest": -1829000.0,
        "Reconciled Depreciation": 8758000.0,
        "Reconciled Cost Of Revenue": 116337000.0,
        "EBITDA": 12495000.0,
        "EBIT": 3737000.0,
        "Net Interest Income": -4900000.0,
        "Interest Expense": 4900000.0,
        "Normalized Income": -1829000.0,
        "Net Income From Continuing And Discontinued Operation": -1904000.0,
        "Total Expenses": 143318000.0,
        "Diluted NI Availto Com Stockholders": -1904000.0,
        "Net Income Common Stockholders": -1904000.0,
        "Net Income": -1904000.0,
        "Minority Interests": 0.0,
        "Net Income Including Noncontrolling Interests": -1904000.0,
        "Net Income Discontinuous Operations": -75000.0,
        "Net Income Continuous Operations": -1829000.0,
        "Tax Provision": 666000.0,
        "Pretax Income": -1163000.0,
        "Other Income Expense": -393000.0,
        "Other Non Operating Income Expenses": -393000.0,
        "Net Non Operating Interest Income Expense": -4900000.0,
        "Interest Expense Non Operating": 4900000.0,
        "Operating Income": 4130000.0,
        "Operating Expense": 26981000.0,
        "Other Operating Expenses": 3135000.0,
        "Selling General And Administration": 23846000.0,
        "General And Administrative Expense": 23846000.0,
        "Other Gand A": 23846000.0,
        "Gross Profit": 31111000.0,
        "Cost Of Revenue": 116337000.0,
        "Total Revenue": 147448000.0,
        "Operating Revenue": 147448000.0
    },
    "2022-09-30": {
        "Tax Effect Of Unusual Items": 0.0,
        "Tax Rate For Calcs": 0.4,
        "Normalized EBITDA": 14748000.0,
        "Net Income From Continuing Operation Net Minority Interest": -41000.0,
        "Reconciled Depreciation": 8634000.0,
        "Reconciled Cost Of Revenue": 105539000.0,
        "EBITDA": 14748000.0,
        "EBIT": 6114000.0,
        "Net Interest Income": -3999000.0,
        "Interest Expense": 3999000.0,
        "Normalized Income": -41000.0,
        "Net Income From Continuing And Discontinued Operation": 278000.0,
        "Total Expenses": 130308000.0,
        "Diluted Average Shares": 128407000.0,
        "Basic Average Shares": 128407000.0,
        "Diluted EPS": 0.002165,
        "Basic EPS": 0.002165,
        "Diluted NI Availto Com Stockholders": 278000.0,
        "Net Income Common Stockholders": 278000.0,
        "Net Income": 278000.0,
        "Minority Interests": 22000.0,
        "Net Income Including Noncontrolling Interests": 256000.0,
        "Net Income Discontinuous Operations": 319000.0,
        "Net Income Continuous Operations": -63000.0,
        "Tax Provision": 2178000.0,
        "Pretax Income": 2115000.0,
        "Other Income Expense": 1410000.0,
        "Other Non Operating Income Expenses": 1410000.0,
        "Net Non Operating Interest Income Expense": -3999000.0,
        "Interest Expense Non Operating": 3999000.0,
        "Operating Income": 4704000.0,
        "Operating Expense": 24769000.0,
        "Other Operating Expenses": 936000.0,
        "Selling General And Administration": 23833000.0,
        "General And Administrative Expense": 23833000.0,
        "Other Gand A": 23833000.0,
        "Gross Profit": 29473000.0,
        "Cost Of Revenue": 105539000.0,
        "Total Revenue": 135012000.0,
        "Operating Revenue": 135012000.0
    },
    "2022-06-30": {
        "Tax Effect Of Unusual Items": 0.0,
        "Tax Rate For Calcs": 0.4,
        "Normalized EBITDA": 12638000.0,
        "Net Income From Continuing Operation Net Minority Interest": 1779000.0,
        "Reconciled Depreciation": 7748000.0,
        "Reconciled Cost Of Revenue": 112609000.0,
        "EBITDA": 12638000.0,
        "EBIT": 4890000.0,
        "Net Interest Income": -3610000.0,
        "Interest Expense": 3610000.0,
        "Normalized Income": 1779000.0,
        "Net Income From Continuing And Discontinued Operation": 1745000.0,
        "Total Expenses": 136863000.0,
        "Diluted Average Shares": 130099000.0,
        "Basic Average Shares": 127992000.0,
        "Diluted EPS": 0.01,
        "Basic EPS": 0.01,
        "Diluted NI Availto Com Stockholders": 1745000.0,
        "Net Income Common Stockholders": 1745000.0,
        "Net Income": 1745000.0,
        "Minority Interests": 20000.0,
        "Net Income Including Noncontrolling Interests": 1725000.0,
        "Net Income Discontinuous Operations": -34000.0,
        "Net Income Continuous Operations": 1759000.0,
        "Tax Provision": -479000.0,
        "Pretax Income": 1280000.0,
        "Other Income Expense": 1037000.0,
        "Other Non Operating Income Expenses": 1037000.0,
        "Net Non Operating Interest Income Expense": -3610000.0,
        "Interest Expense Non Operating": 3610000.0,
        "Operating Income": 3853000.0,
        "Operating Expense": 24254000.0,
        "Other Operating Expenses": 634000.0,
        "Selling General And Administration": 23620000.0,
        "General And Administrative Expense": 23620000.0,
        "Other Gand A": 23620000.0,
        "Gross Profit": 28107000.0,
        "Cost Of Revenue": 112609000.0,
        "Total Revenue": 140716000.0,
        "Operating Revenue": 140716000.0
    },
    "2022-03-31": {
        "Diluted EPS": 0.06,
        "Total Revenue": 130,
        "Gross Profit": 32,
        "Operating Income": 10,
        "EBIT": 18,
        "Net Income": 8
    },
    "2021-12-31": {
        "Diluted EPS": -0.01,
        "Total Revenue": 113,
        "Gross Profit": 19,
        "Operating Income": 0,
        "EBIT": 9,
        "Net Income": -1
    },
    "2021-09-30": {
        "Diluted EPS": 0.02,
        "Total Revenue": 95,
        "Gross Profit": 16,
        "Operating Income": -3,
        "EBIT": 6,
        "Net Income": 3
    },
    "2021-06-30": {
        "Diluted EPS": -0.05,
        "Total Revenue": 102,
        "Gross Profit": 16,
        "Operating Income": -1,
        "EBIT": 8,
        "Net Income": -7
    },
    "2021-03-31": {
        "Diluted EPS": 0.86,
        "Total Revenue": 77,
        "Gross Profit": 8,
        "Operating Income": -12,
        "EBIT": -2,
        "Net Income": 109
    },
    "2020-12-31": {
        "Diluted EPS": -0.12,
        "Total Revenue": 75,
        "Gross Profit": 12,
        "Operating Income": -4,
        "EBIT": 28,
        "Net Income": -15
    },
    "2020-09-30": {
        "Diluted EPS": -0.1,
        "Total Revenue": 73,
        "Gross Profit": 10,
        "Operating Income": -6,
        "EBIT": 25,
        "Net Income": -13
    },
    "2020-06-30": {
        "Diluted EPS": -0.17,
        "Total Revenue": 96,
        "Gross Profit": 16,
        "Operating Income": -8,
        "EBIT": 24,
        "Net Income": -21
    },
    "2020-03-31": {
        "Diluted EPS": -0.01,
        "Total Revenue": 133,
        "Gross Profit": 29,
        "Operating Income": 9,
        "EBIT": 39,
        "Net Income": -2
    },
    "2019-12-31": {
        "Diluted EPS": -0.91,
        "Total Revenue": 136,
        "Gross Profit": -59,
        "Operating Income": -109,
        "EBIT": -52,
        "Net Income": -114
    },
    "2019-09-30": {
        "Diluted EPS": -0.13,
        "Total Revenue": 246,
        "Gross Profit": 45,
        "Operating Income": 10,
        "EBIT": 43,
        "Net Income": -16
    },
    "2019-06-30": {
        "Diluted EPS": -0.06,
        "Total Revenue": 289,
        "Gross Profit": 48,
        "Operating Income": 12,
        "EBIT": 45,
        "Net Income": -7
    },
    "2019-03-31": {
        "Diluted EPS": -0.09,
        "Total Revenue": 244,
        "Gross Profit": 36,
        "Operating Income": 2,
        "EBIT": 34,
        "Net Income": -11
    },
    "2018-12-31": {
        "Diluted EPS": 0.04,
        "Total Revenue": 282,
        "Gross Profit": 45,
        "Operating Income": 12,
        "EBIT": 47,
        "Net Income": 5
    },
    "2018-09-30": {
        "Diluted EPS": -0.06,
        "Total Revenue": 257,
        "Gross Profit": 41,
        "Operating Income": 7,
        "EBIT": 37,
        "Net Income": -7
    },
    "2018-06-30": {
        "Diluted EPS": -0.05,
        "Total Revenue": 260,
        "Gross Profit": 48,
        "Operating Income": 14,
        "EBIT": 44,
        "Net Income": -6
    },
    "2018-03-31": {
        "Diluted EPS": -0.46,
        "Total Revenue": 199,
        "Gross Profit": 28,
        "Operating Income": -3,
        "EBIT": 27,
        "Net Income": -54
    },
    "2017-12-31": {
        "Diluted EPS": -0.25,
        "Total Revenue": 200,
        "Gross Profit": 17,
        "Operating Income": -13,
        "EBIT": 17,
        "Net Income": -29
    },
    "2017-09-30": {
        "Diluted EPS": 0.03,
        "Total Revenue": 184,
        "Gross Profit": 43,
        "Operating Income": 13,
        "EBIT": 43,
        "Net Income": 3
    },
    "2017-06-30": {
        "Diluted EPS": -0.1,
        "Total Revenue": 180,
        "Gross Profit": 30,
        "Operating Income": 0,
        "EBIT": 30,
        "Net Income": -11
    },
    "2017-03-31": {
        "Diluted EPS": -0.02,
        "Total Revenue": 159,
        "Gross Profit": 20,
        "Operating Income": -7,
        "EBIT": 23,
        "Net Income": -2
    },
    "2016-12-31": {
        "Diluted EPS": -0.26,
        "Total Revenue": 96,
        "Gross Profit": 11,
        "Operating Income": -8,
        "EBIT": 24,
        "Net Income": -32
    },
    "2016-09-30": {
        "Diluted EPS": -0.16,
        "Total Revenue": 177,
        "Gross Profit": 29,
        "Operating Income": 0,
        "EBIT": 32,
        "Net Income": -15
    },
    "2016-06-30": {
        "Diluted EPS": -0.32,
        "Total Revenue": 176,
        "Gross Profit": 16,
        "Operating Income": -11,
        "EBIT": 24,
        "Net Income": -27
    },
    "2016-03-31": {
        "Diluted EPS": -1.11,
        "Total Revenue": 169,
        "Gross Profit": 5,
        "Operating Income": -135,
        "EBIT": 6,
        "Net Income": -88
    },
    "2015-12-31": {
        "Diluted EPS": -1.84,
        "Total Revenue": 258,
        "Gross Profit": 3,
        "Operating Income": -218,
        "EBIT": -2,
        "Net Income": -146
    },
    "2015-09-30": {
        "Diluted EPS": 0.12,
        "Total Revenue": 305,
        "Gross Profit": 71,
        "Operating Income": 30,
        "EBIT": 70,
        "Net Income": 10
    },
    "2015-06-30": {
        "Diluted EPS": 0.19,
        "Total Revenue": 316,
        "Gross Profit": 70,
        "Operating Income": 32,
        "EBIT": 72,
        "Net Income": 15
    },
    "2015-03-31": {
        "Diluted EPS": -0.06,
        "Total Revenue": 251,
        "Gross Profit": 46,
        "Operating Income": 11,
        "EBIT": 50,
        "Net Income": -4
    },
    "2014-12-31": {
        "Diluted EPS": -1.91,
        "Total Revenue": 316,
        "Gross Profit": 0,
        "Operating Income": -104,
        "EBIT": 0,
        "Net Income": -150
    },
    "2014-09-30": {
        "Diluted EPS": -0.13,
        "Total Revenue": 306,
        "Gross Profit": 35,
        "Operating Income": -2,
        "EBIT": 33,
        "Net Income": -11
    },
    "2014-06-30": {
        "Diluted EPS": -0.03,
        "Total Revenue": 242,
        "Gross Profit": 35,
        "Operating Income": 3,
        "EBIT": 25,
        "Net Income": -2
    },
    "2014-03-31": {
        "Diluted EPS": -0.09,
        "Total Revenue": 213,
        "Gross Profit": 25,
        "Operating Income": -9,
        "EBIT": 14,
        "Net Income": -7
    },
    "2013-12-31": {
        "Diluted EPS": -0.13,
        "Total Revenue": 225,
        "Gross Profit": 19,
        "Operating Income": -14,
        "EBIT": 7,
        "Net Income": -10
    },
    "2013-09-30": {
        "Diluted EPS": 0.15,
        "Total Revenue": 254,
        "Gross Profit": 47,
        "Operating Income": 16,
        "EBIT": 36,
        "Net Income": 12
    },
    "2013-06-30": {
        "Diluted EPS": -0.04,
        "Total Revenue": 221,
        "Gross Profit": 31,
        "Operating Income": -3,
        "EBIT": 17,
        "Net Income": -3
    },
    "2013-03-31": {
        "Diluted EPS": 0.02,
        "Total Revenue": 209,
        "Gross Profit": 38,
        "Operating Income": 5,
        "EBIT": 25,
        "Net Income": 1
    },
    "2012-12-31": {
        "Diluted EPS": -0.05,
        "Total Revenue": 231,
        "Gross Profit": 32,
        "Operating Income": -4,
        "EBIT": 15,
        "Net Income": -4
    },
    "2012-09-30": {
        "Diluted EPS": 0.1,
        "Total Revenue": 234,
        "Gross Profit": 50,
        "Operating Income": 17,
        "EBIT": 37,
        "Net Income": 8
    },
    "2012-06-30": {
        "Diluted EPS": 0.15,
        "Total Revenue": 235,
        "Gross Profit": 53,
        "Operating Income": 22,
        "EBIT": 41,
        "Net Income": 12
    },
    "2012-03-31": {
        "Diluted EPS": 0.01,
        "Total Revenue": 181,
        "Gross Profit": 32,
        "Operating Income": 2,
        "EBIT": 19,
        "Net Income": 1
    },
    "2011-12-31": {
        "Diluted EPS": -0.33,
        "Total Revenue": 186,
        "Gross Profit": -7,
        "Operating Income": -36,
        "EBIT": -20,
        "Net Income": -25
    },
    "2011-09-30": {
        "Diluted EPS": 0.02,
        "Total Revenue": 201,
        "Gross Profit": 36,
        "Operating Income": 8,
        "EBIT": 24,
        "Net Income": 1
    },
    "2011-06-30": {
        "Diluted EPS": 0.39,
        "Total Revenue": 235,
        "Gross Profit": 36,
        "Operating Income": 7,
        "EBIT": 35,
        "Net Income": 30
    },
    "2011-03-31": {
        "Diluted EPS": -0.03,
        "Total Revenue": 223,
        "Gross Profit": 26,
        "Operating Income": -1,
        "EBIT": 33,
        "Net Income": -3
    },
    "2010-12-31": {
        "Diluted EPS": -0.83,
        "Total Revenue": 213,
        "Gross Profit": -68,
        "Operating Income": -96,
        "EBIT": -59,
        "Net Income": -63
    },
    "2010-09-30": {
        "Diluted EPS": 0.0,
        "Total Revenue": 212,
        "Gross Profit": 29,
        "Operating Income": 4,
        "EBIT": 42,
        "Net Income": 0
    },
    "2010-06-30": {
        "Diluted EPS": 0.18,
        "Total Revenue": 242,
        "Gross Profit": 48,
        "Operating Income": 23,
        "EBIT": 59,
        "Net Income": 14
    },
    "2010-03-31": {
        "Diluted EPS": 0.07,
        "Total Revenue": 206,
        "Gross Profit": 35,
        "Operating Income": 12,
        "EBIT": 49,
        "Net Income": 5
    },
    "2009-12-31": {
        "Diluted EPS": 0.34,
        "Total Revenue": 212,
        "Gross Profit": 67,
        "Operating Income": 37,
        "EBIT": 75,
        "Net Income": 26
    },
    "2009-09-30": {
        "Diluted EPS": 0.3,
        "Total Revenue": 254,
        "Gross Profit": 100,
        "Operating Income": 39,
        "EBIT": 75,
        "Net Income": 23
    },
    "2009-06-30": {
        "Diluted EPS": 0.12,
        "Total Revenue": 218,
        "Gross Profit": 81,
        "Operating Income": 18,
        "EBIT": 57,
        "Net Income": 9
    },
    "2009-03-31": {
        "Diluted EPS": 0.15,
        "Total Revenue": 195,
        "Gross Profit": 80,
        "Operating Income": 19,
        "EBIT": 55,
        "Net Income": 11
    },
    "2023-09-30": {
        "Tax Effect Of Unusual Items": 0.0,
        "Tax Rate For Calcs": 0.186,
        "Normalized EBITDA": 20930000.0,
        "Net Income From Continuing Operation Net Minority Interest": 5468000.0,
        "Reconciled Depreciation": 8578000.0,
        "Reconciled Cost Of Revenue": 113540000.0,
        "EBITDA": 20930000.0,
        "EBIT": 12352000.0,
        "Net Interest Income": -5636000.0,
        "Interest Expense": 5636000.0,
        "Normalized Income": 5468000.0,
        "Net Income From Continuing And Discontinued Operation": 5420000.0,
        "Total Expenses": 141153000.0,
        "Diluted NI Availto Com Stockholders": 5420000.0,
        "Net Income Common Stockholders": 5420000.0,
        "Net Income": 5420000.0,
        "Minority Interests": 0.0,
        "Net Income Including Noncontrolling Interests": 5420000.0,
        "Net Income Discontinuous Operations": -48000.0,
        "Net Income Continuous Operations": 5468000.0,
        "Tax Provision": 1248000.0,
        "Pretax Income": 6716000.0,
        "Other Income Expense": 2041000.0,
        "Other Non Operating Income Expenses": 2041000.0,
        "Net Non Operating Interest Income Expense": -5636000.0,
        "Interest Expense Non Operating": 5636000.0,
        "Operating Income": 10311000.0,
        "Operating Expense": 27613000.0,
        "Other Operating Expenses": 3775000.0,
        "Selling General And Administration": 23838000.0,
        "General And Administrative Expense": 23838000.0,
        "Other Gand A": 23838000.0,
        "Gross Profit": 37924000.0,
        "Cost Of Revenue": 113540000.0,
        "Total Revenue": 151464000.0,
        "Operating Revenue": 151464000.0
    }
}