{
    "2023-03-31": {
        "Tax Effect Of Unusual Items": NaN,
        "Tax Rate For Calcs": NaN,
        "Normalized EBITDA": NaN,
        "Total Unusual Items": NaN,
        "Total Unusual Items Excluding Goodwill": NaN,
        "Net Income From Continuing Operation Net Minority Interest": NaN,
        "Reconciled Depreciation": NaN,
        "Reconciled Cost Of Revenue": NaN,
        "EBITDA": NaN,
        "EBIT": NaN,
        "Net Interest Income": NaN,
        "Interest Expense": NaN,
        "Normalized Income": NaN,
        "Net Income From Continuing And Discontinued Operation": NaN,
        "Total Expenses": NaN,
        "Total Operating Income As Reported": NaN,
        "Diluted Average Shares": 102381000.0,
        "Basic Average Shares": 102381000.0,
        "Diluted EPS": -0.06,
        "Basic EPS": -0.06,
        "Diluted NI Availto Com Stockholders": NaN,
        "Net Income Common Stockholders": NaN,
        "Net Income": NaN,
        "Net Income Including Noncontrolling Interests": NaN,
        "Net Income Continuous Operations": NaN,
        "Tax Provision": NaN,
        "Pretax Income": NaN,
        "Other Income Expense": NaN,
        "Other Non Operating Income Expenses": NaN,
        "Special Income Charges": NaN,
        "Gain On Sale Of Business": NaN,
        "Other Special Charges": NaN,
        "Impairment Of Capital Assets": NaN,
        "Restructuring And Mergern Acquisition": NaN,
        "Net Non Operating Interest Income Expense": NaN,
        "Interest Expense Non Operating": NaN,
        "Operating Income": NaN,
        "Operating Expense": NaN,
        "Depreciation Amortization Depletion Income Statement": NaN,
        "Depreciation And Amortization In Income Statement": NaN,
        "Amortization": NaN,
        "Amortization Of Intangibles Income Statement": NaN,
        "Research And Development": NaN,
        "Selling General And Administration": NaN,
        "Selling And Marketing Expense": NaN,
        "General And Administrative Expense": NaN,
        "Other Gand A": NaN,
        "Gross Profit": NaN,
        "Cost Of Revenue": NaN,
        "Total Revenue": NaN,
        "Operating Revenue": NaN
    },
    "2022-12-31": {
        "Tax Effect Of Unusual Items": NaN,
        "Tax Rate For Calcs": NaN,
        "Normalized EBITDA": NaN,
        "Total Unusual Items": NaN,
        "Total Unusual Items Excluding Goodwill": NaN,
        "Net Income From Continuing Operation Net Minority Interest": NaN,
        "Reconciled Depreciation": NaN,
        "Reconciled Cost Of Revenue": NaN,
        "EBITDA": NaN,
        "EBIT": NaN,
        "Net Interest Income": NaN,
        "Interest Expense": NaN,
        "Normalized Income": NaN,
        "Net Income From Continuing And Discontinued Operation": NaN,
        "Total Expenses": NaN,
        "Total Operating Income As Reported": NaN,
        "Diluted Average Shares": 104220000.0,
        "Basic Average Shares": 102217000.0,
        "Diluted EPS": 0.06,
        "Basic EPS": 0.06,
        "Diluted NI Availto Com Stockholders": NaN,
        "Net Income Common Stockholders": NaN,
        "Net Income": NaN,
        "Net Income Including Noncontrolling Interests": NaN,
        "Net Income Continuous Operations": NaN,
        "Tax Provision": NaN,
        "Pretax Income": NaN,
        "Other Income Expense": NaN,
        "Other Non Operating Income Expenses": NaN,
        "Special Income Charges": NaN,
        "Gain On Sale Of Business": NaN,
        "Other Special Charges": NaN,
        "Impairment Of Capital Assets": NaN,
        "Restructuring And Mergern Acquisition": NaN,
        "Net Non Operating Interest Income Expense": NaN,
        "Interest Expense Non Operating": NaN,
        "Operating Income": NaN,
        "Operating Expense": NaN,
        "Depreciation Amortization Depletion Income Statement": NaN,
        "Depreciation And Amortization In Income Statement": NaN,
        "Amortization": NaN,
        "Amortization Of Intangibles Income Statement": NaN,
        "Research And Development": NaN,
        "Selling General And Administration": NaN,
        "Selling And Marketing Expense": NaN,
        "General And Administrative Expense": NaN,
        "Other Gand A": NaN,
        "Gross Profit": NaN,
        "Cost Of Revenue": NaN,
        "Total Revenue": NaN,
        "Operating Revenue": NaN
    },
    "2022-09-30": {
        "Tax Effect Of Unusual Items": NaN,
        "Tax Rate For Calcs": NaN,
        "Normalized EBITDA": NaN,
        "Total Unusual Items": NaN,
        "Total Unusual Items Excluding Goodwill": NaN,
        "Net Income From Continuing Operation Net Minority Interest": NaN,
        "Reconciled Depreciation": NaN,
        "Reconciled Cost Of Revenue": NaN,
        "EBITDA": NaN,
        "EBIT": NaN,
        "Net Interest Income": NaN,
        "Interest Expense": NaN,
        "Normalized Income": NaN,
        "Net Income From Continuing And Discontinued Operation": NaN,
        "Total Expenses": NaN,
        "Total Operating Income As Reported": NaN,
        "Diluted Average Shares": NaN,
        "Basic Average Shares": NaN,
        "Diluted EPS": NaN,
        "Basic EPS": NaN,
        "Diluted NI Availto Com Stockholders": NaN,
        "Net Income Common Stockholders": NaN,
        "Net Income": NaN,
        "Net Income Including Noncontrolling Interests": NaN,
        "Net Income Continuous Operations": NaN,
        "Tax Provision": NaN,
        "Pretax Income": NaN,
        "Other Income Expense": NaN,
        "Other Non Operating Income Expenses": NaN,
        "Special Income Charges": NaN,
        "Gain On Sale Of Business": NaN,
        "Other Special Charges": NaN,
        "Impairment Of Capital Assets": 0.0,
        "Restructuring And Mergern Acquisition": NaN,
        "Net Non Operating Interest Income Expense": NaN,
        "Interest Expense Non Operating": NaN,
        "Operating Income": NaN,
        "Operating Expense": NaN,
        "Depreciation Amortization Depletion Income Statement": NaN,
        "Depreciation And Amortization In Income Statement": NaN,
        "Amortization": NaN,
        "Amortization Of Intangibles Income Statement": NaN,
        "Research And Development": NaN,
        "Selling General And Administration": NaN,
        "Selling And Marketing Expense": NaN,
        "General And Administrative Expense": NaN,
        "Other Gand A": NaN,
        "Gross Profit": NaN,
        "Cost Of Revenue": NaN,
        "Total Revenue": NaN,
        "Operating Revenue": NaN
    },
    "2022-06-30": {
        "Tax Effect Of Unusual Items": -84669.108383,
        "Tax Rate For Calcs": 0.185678,
        "Normalized EBITDA": 53571000.0,
        "Total Unusual Items": -456000.0,
        "Total Unusual Items Excluding Goodwill": -456000.0,
        "Net Income From Continuing Operation Net Minority Interest": 27792000.0,
        "Reconciled Depreciation": 8275000.0,
        "Reconciled Cost Of Revenue": 508477000.0,
        "EBITDA": 53115000.0,
        "EBIT": 44840000.0,
        "Net Interest Income": -10711000.0,
        "Interest Expense": 10711000.0,
        "Normalized Income": 28163330.891617,
        "Net Income From Continuing And Discontinued Operation": 27792000.0,
        "Total Expenses": 587892000.0,
        "Total Operating Income As Reported": 37202000.0,
        "Diluted Average Shares": 103221000.0,
        "Basic Average Shares": 101270000.0,
        "Diluted EPS": 0.27,
        "Basic EPS": 0.27,
        "Diluted NI Availto Com Stockholders": 27792000.0,
        "Net Income Common Stockholders": 27792000.0,
        "Net Income": 27792000.0,
        "Net Income Including Noncontrolling Interests": 27792000.0,
        "Net Income Continuous Operations": 27792000.0,
        "Tax Provision": 6337000.0,
        "Pretax Income": 34129000.0,
        "Other Income Expense": 7182000.0,
        "Other Non Operating Income Expenses": 7638000.0,
        "Special Income Charges": -456000.0,
        "Gain On Sale Of Ppe": NaN,
        "Gain On Sale Of Business": NaN,
        "Other Special Charges": NaN,
        "Restructuring And Mergern Acquisition": 456000.0,
        "Net Non Operating Interest Income Expense": -10711000.0,
        "Interest Expense Non Operating": 10711000.0,
        "Operating Income": 37658000.0,
        "Operating Expense": 79415000.0,
        "Depreciation Amortization Depletion Income Statement": 8275000.0,
        "Depreciation And Amortization In Income Statement": 8275000.0,
        "Amortization": 8275000.0,
        "Amortization Of Intangibles Income Statement": 8275000.0,
        "Research And Development": 5233000.0,
        "Selling General And Administration": 65907000.0,
        "Selling And Marketing Expense": 17557000.0,
        "General And Administrative Expense": 48350000.0,
        "Other Gand A": 48350000.0,
        "Gross Profit": 117073000.0,
        "Cost Of Revenue": 508477000.0,
        "Total Revenue": 625550000.0,
        "Operating Revenue": 625550000.0
    },
    "2023-06-30": {
        "Tax Effect Of Unusual Items": NaN,
        "Tax Rate For Calcs": NaN,
        "Normalized EBITDA": NaN,
        "Total Unusual Items": NaN,
        "Total Unusual Items Excluding Goodwill": NaN,
        "Net Income From Continuing Operation Net Minority Interest": NaN,
        "Reconciled Depreciation": NaN,
        "Reconciled Cost Of Revenue": NaN,
        "EBITDA": NaN,
        "EBIT": NaN,
        "Net Interest Income": NaN,
        "Interest Expense": NaN,
        "Normalized Income": NaN,
        "Net Income From Continuing And Discontinued Operation": NaN,
        "Total Expenses": NaN,
        "Total Operating Income As Reported": NaN,
        "Diluted Average Shares": 104820000.0,
        "Basic Average Shares": 102759000.0,
        "Diluted EPS": 0.07,
        "Basic EPS": 0.07,
        "Diluted NI Availto Com Stockholders": NaN,
        "Net Income Common Stockholders": NaN,
        "Net Income": NaN,
        "Net Income Including Noncontrolling Interests": NaN,
        "Net Income Continuous Operations": NaN,
        "Tax Provision": NaN,
        "Pretax Income": NaN,
        "Other Income Expense": NaN,
        "Other Non Operating Income Expenses": NaN,
        "Special Income Charges": NaN,
        "Gain On Sale Of Business": NaN,
        "Other Special Charges": 1154000.0,
        "Impairment Of Capital Assets": NaN,
        "Restructuring And Mergern Acquisition": NaN,
        "Net Non Operating Interest Income Expense": NaN,
        "Interest Expense Non Operating": NaN,
        "Operating Income": NaN,
        "Operating Expense": NaN,
        "Depreciation Amortization Depletion Income Statement": NaN,
        "Depreciation And Amortization In Income Statement": NaN,
        "Amortization": NaN,
        "Amortization Of Intangibles Income Statement": NaN,
        "Research And Development": NaN,
        "Selling General And Administration": NaN,
        "Selling And Marketing Expense": NaN,
        "General And Administrative Expense": NaN,
        "Other Gand A": NaN,
        "Gross Profit": NaN,
        "Cost Of Revenue": NaN,
        "Total Revenue": NaN,
        "Operating Revenue": NaN
    },
    "2022-03-31": {
        "Diluted EPS": 0.17,
        "Total Revenue": 581,
        "Gross Profit": 91,
        "Operating Income": 26,
        "EBIT": 58,
        "Net Income": 17
    },
    "2021-12-31": {
        "Diluted EPS": 0.08,
        "Total Revenue": 598,
        "Gross Profit": 97,
        "Operating Income": 33,
        "EBIT": 66,
        "Net Income": 8
    },
    "2021-09-30": {
        "Diluted EPS": 0.19,
        "Total Revenue": 557,
        "Gross Profit": 93,
        "Operating Income": 32,
        "EBIT": 63,
        "Net Income": 21
    },
    "2021-06-30": {
        "Diluted EPS": 0.26,
        "Total Revenue": 567,
        "Gross Profit": 100,
        "Operating Income": 41,
        "EBIT": 73,
        "Net Income": 28
    },
    "2021-03-31": {
        "Diluted EPS": -0.03,
        "Total Revenue": 526,
        "Gross Profit": 82,
        "Operating Income": 20,
        "EBIT": 53,
        "Net Income": -3
    },
    "2020-12-31": {
        "Diluted EPS": 0.38,
        "Total Revenue": 524,
        "Gross Profit": 88,
        "Operating Income": 29,
        "EBIT": 67,
        "Net Income": 38
    },
    "2020-09-30": {
        "Diluted EPS": -0.39,
        "Total Revenue": 514,
        "Gross Profit": 89,
        "Operating Income": -40,
        "EBIT": 73,
        "Net Income": -41
    },
    "2020-06-30": {
        "Diluted EPS": 1.69,
        "Total Revenue": 570,
        "Gross Profit": 100,
        "Operating Income": 23,
        "EBIT": 67,
        "Net Income": 182
    },
    "2020-03-31": {
        "Diluted EPS": -0.01,
        "Total Revenue": 498,
        "Gross Profit": 81,
        "Operating Income": 16,
        "EBIT": 74,
        "Net Income": -1
    },
    "2019-12-31": {
        "Diluted EPS": 0.24,
        "Total Revenue": 536,
        "Gross Profit": 100,
        "Operating Income": 29,
        "EBIT": 86,
        "Net Income": 25
    },
    "2019-09-30": {
        "Diluted EPS": 0.15,
        "Total Revenue": 534,
        "Gross Profit": 85,
        "Operating Income": 21,
        "EBIT": 78,
        "Net Income": 16
    },
    "2019-06-30": {
        "Diluted EPS": 0.03,
        "Total Revenue": 527,
        "Gross Profit": 93,
        "Operating Income": 29,
        "EBIT": 86,
        "Net Income": 3
    },
    "2019-03-31": {
        "Diluted EPS": -0.03,
        "Total Revenue": 536,
        "Gross Profit": 99,
        "Operating Income": 30,
        "EBIT": 94,
        "Net Income": -3
    },
    "2018-12-31": {
        "Diluted EPS": 0.42,
        "Total Revenue": 101,
        "Gross Profit": 68,
        "Operating Income": 3,
        "EBIT": 67,
        "Net Income": 52
    },
    "2018-09-30": {
        "Diluted EPS": 0.22,
        "Total Revenue": 756,
        "Gross Profit": 130,
        "Operating Income": 55,
        "EBIT": 118,
        "Net Income": 27
    },
    "2018-06-30": {
        "Diluted EPS": 0.65,
        "Total Revenue": 717,
        "Gross Profit": 116,
        "Operating Income": 32,
        "EBIT": 95,
        "Net Income": 84
    },
    "2018-03-31": {
        "Diluted EPS": 0.09,
        "Total Revenue": 664,
        "Gross Profit": 89,
        "Operating Income": 30,
        "EBIT": 79,
        "Net Income": 10
    },
    "2017-12-31": {
        "Diluted EPS": 0.39,
        "Total Revenue": 739,
        "Gross Profit": 132,
        "Operating Income": 71,
        "EBIT": 121,
        "Net Income": 49
    },
    "2017-09-30": {
        "Diluted EPS": 0.19,
        "Total Revenue": 667,
        "Gross Profit": 97,
        "Operating Income": 44,
        "EBIT": 90,
        "Net Income": 21
    },
    "2017-06-30": {
        "Diluted EPS": 0.18,
        "Total Revenue": 627,
        "Gross Profit": 96,
        "Operating Income": 45,
        "EBIT": 90,
        "Net Income": 21
    },
    "2017-03-31": {
        "Diluted EPS": 0.28,
        "Total Revenue": 625,
        "Gross Profit": 105,
        "Operating Income": 53,
        "EBIT": 97,
        "Net Income": 33
    },
    "2016-12-31": {
        "Diluted EPS": 0.01,
        "Total Revenue": 707,
        "Gross Profit": 133,
        "Operating Income": 70,
        "EBIT": 117,
        "Net Income": -2
    },
    "2016-09-30": {
        "Diluted EPS": 0.23,
        "Total Revenue": 642,
        "Gross Profit": 110,
        "Operating Income": 50,
        "EBIT": 98,
        "Net Income": 26
    },
    "2016-06-30": {
        "Diluted EPS": 0.17,
        "Total Revenue": 602,
        "Gross Profit": 98,
        "Operating Income": 35,
        "EBIT": 87,
        "Net Income": 19
    },
    "2016-03-31": {
        "Diluted EPS": -0.07,
        "Total Revenue": 583,
        "Gross Profit": 84,
        "Operating Income": 19,
        "EBIT": 71,
        "Net Income": -7
    },
    "2015-12-31": {
        "Diluted EPS": 0.11,
        "Total Revenue": 669,
        "Gross Profit": 108,
        "Operating Income": 37,
        "EBIT": 87,
        "Net Income": 10
    },
    "2015-09-30": {
        "Diluted EPS": -0.02,
        "Total Revenue": 652,
        "Gross Profit": 89,
        "Operating Income": 24,
        "EBIT": 75,
        "Net Income": -2
    },
    "2015-06-30": {
        "Diluted EPS": -0.41,
        "Total Revenue": 445,
        "Gross Profit": 61,
        "Operating Income": -7,
        "EBIT": 30,
        "Net Income": -37
    },
    "2015-03-31": {
        "Diluted EPS": 0.04,
        "Total Revenue": 329,
        "Gross Profit": 52,
        "Operating Income": 8,
        "EBIT": 37,
        "Net Income": 3
    },
    "2014-12-31": {
        "Diluted EPS": 0.18,
        "Total Revenue": 391,
        "Gross Profit": 68,
        "Operating Income": 27,
        "EBIT": 55,
        "Net Income": 14
    },
    "2014-09-30": {
        "Diluted EPS": 0.09,
        "Total Revenue": 345,
        "Gross Profit": 49,
        "Operating Income": 12,
        "EBIT": 41,
        "Net Income": 8
    },
    "2014-06-30": {
        "Diluted EPS": -0.04,
        "Total Revenue": 298,
        "Gross Profit": 39,
        "Operating Income": 3,
        "EBIT": 31,
        "Net Income": -3
    },
    "2014-03-31": {
        "Diluted EPS": -0.05,
        "Total Revenue": 292,
        "Gross Profit": 39,
        "Operating Income": 4,
        "EBIT": 33,
        "Net Income": -4
    },
    "2013-12-31": {
        "Diluted EPS": 0.13,
        "Total Revenue": 366,
        "Gross Profit": 70,
        "Operating Income": 29,
        "EBIT": 57,
        "Net Income": 11
    },
    "2013-09-30": {
        "Diluted EPS": -0.09,
        "Total Revenue": 339,
        "Gross Profit": 48,
        "Operating Income": -1,
        "EBIT": 26,
        "Net Income": -8
    },
    "2013-06-30": {
        "Diluted EPS": 0.16,
        "Total Revenue": 338,
        "Gross Profit": 48,
        "Operating Income": 28,
        "EBIT": 56,
        "Net Income": 13
    },
    "2013-03-31": {
        "Diluted EPS": 0.06,
        "Total Revenue": 325,
        "Gross Profit": 51,
        "Operating Income": 13,
        "EBIT": 40,
        "Net Income": 5
    },
    "2012-12-31": {
        "Diluted EPS": 0.17,
        "Total Revenue": 382,
        "Gross Profit": 62,
        "Operating Income": 21,
        "EBIT": 49,
        "Net Income": 14
    },
    "2012-09-30": {
        "Diluted EPS": -2.54,
        "Total Revenue": 339,
        "Gross Profit": 52,
        "Operating Income": -203,
        "EBIT": 25,
        "Net Income": -208
    },
    "2012-06-30": {
        "Diluted EPS": 0.09,
        "Total Revenue": 327,
        "Gross Profit": 55,
        "Operating Income": 18,
        "EBIT": 45,
        "Net Income": 7
    },
    "2012-03-31": {
        "Diluted EPS": 0.15,
        "Total Revenue": 300,
        "Gross Profit": 56,
        "Operating Income": 22,
        "EBIT": 47,
        "Net Income": 13
    },
    "2011-12-31": {
        "Diluted EPS": 0.14,
        "Total Revenue": 361,
        "Gross Profit": 71,
        "Operating Income": 18,
        "EBIT": 59,
        "Net Income": 11
    },
    "2011-09-30": {
        "Diluted EPS": 0.3,
        "Total Revenue": 358,
        "Gross Profit": 71,
        "Operating Income": 36,
        "EBIT": 60,
        "Net Income": 24
    },
    "2011-06-30": {
        "Diluted EPS": -0.26,
        "Total Revenue": 366,
        "Gross Profit": 77,
        "Operating Income": -9,
        "EBIT": 15,
        "Net Income": -21
    },
    "2011-03-31": {
        "Diluted EPS": 0.33,
        "Total Revenue": 343,
        "Gross Profit": 82,
        "Operating Income": 46,
        "EBIT": 67,
        "Net Income": 27
    },
    "2010-12-31": {
        "Diluted EPS": 0.49,
        "Total Revenue": 373,
        "Gross Profit": 90,
        "Operating Income": 53,
        "EBIT": 76,
        "Net Income": 33
    },
    "2010-09-30": {
        "Diluted EPS": 0.36,
        "Total Revenue": 358,
        "Gross Profit": 80,
        "Operating Income": 46,
        "EBIT": 66,
        "Net Income": 29
    },
    "2010-06-30": {
        "Diluted EPS": 0.06,
        "Total Revenue": 310,
        "Gross Profit": 57,
        "Operating Income": 17,
        "EBIT": 37,
        "Net Income": 5
    },
    "2010-03-31": {
        "Diluted EPS": 0.1,
        "Total Revenue": 138,
        "Gross Profit": 27,
        "Operating Income": 10,
        "EBIT": 16,
        "Net Income": 4
    },
    "2009-12-31": {
        "Diluted EPS": 0.05,
        "Total Revenue": 150,
        "Gross Profit": 28,
        "Operating Income": 7,
        "EBIT": 14,
        "Net Income": 2
    },
    "2009-09-30": {
        "Diluted EPS": -0.11,
        "Total Revenue": 139,
        "Gross Profit": 24,
        "Operating Income": -5,
        "EBIT": 2,
        "Net Income": -5
    },
    "2009-06-30": {
        "Diluted EPS": 0.14,
        "Total Revenue": 144,
        "Gross Profit": 27,
        "Operating Income": 12,
        "EBIT": 19,
        "Net Income": 6
    },
    "2009-03-31": {
        "Diluted EPS": 0.03,
        "Total Revenue": 149,
        "Gross Profit": 24,
        "Operating Income": 5,
        "EBIT": 12,
        "Net Income": 1
    },
    "2023-09-30": {
        "Tax Effect Of Unusual Items": -10120110.0,
        "Tax Rate For Calcs": 0.21,
        "Normalized EBITDA": 78667000.0,
        "Total Unusual Items": -48191000.0,
        "Total Unusual Items Excluding Goodwill": -48191000.0,
        "Net Income From Continuing Operation Net Minority Interest": -37066000.0,
        "Reconciled Depreciation": 37634000.0,
        "Reconciled Cost Of Revenue": 433107000.0,
        "EBITDA": 30476000.0,
        "EBIT": -7158000.0,
        "Net Interest Income": -10101000.0,
        "Interest Expense": 10101000.0,
        "Normalized Income": 1004890.0,
        "Net Income From Continuing And Discontinued Operation": -37066000.0,
        "Total Expenses": 534593000.0,
        "Total Operating Income As Reported": -10202000.0,
        "Diluted Average Shares": 103510000.0,
        "Basic Average Shares": 103510000.0,
        "Diluted EPS": -0.36,
        "Basic EPS": -0.36,
        "Diluted NI Availto Com Stockholders": -37066000.0,
        "Net Income Common Stockholders": -37066000.0,
        "Net Income": -37066000.0,
        "Net Income Including Noncontrolling Interests": -37066000.0,
        "Net Income Continuous Operations": -37066000.0,
        "Tax Provision": 19807000.0,
        "Pretax Income": -17259000.0,
        "Other Income Expense": -45147000.0,
        "Other Non Operating Income Expenses": 3044000.0,
        "Special Income Charges": -48191000.0,
        "Gain On Sale Of Business": 0.0,
        "Other Special Charges": NaN,
        "Impairment Of Capital Assets": 44100000.0,
        "Restructuring And Mergern Acquisition": 4091000.0,
        "Net Non Operating Interest Income Expense": -10101000.0,
        "Interest Expense Non Operating": 10101000.0,
        "Operating Income": 37989000.0,
        "Operating Expense": 75281000.0,
        "Depreciation Amortization Depletion Income Statement": 11429000.0,
        "Depreciation And Amortization In Income Statement": 11429000.0,
        "Amortization": 11429000.0,
        "Amortization Of Intangibles Income Statement": 11429000.0,
        "Research And Development": 6173000.0,
        "Selling General And Administration": 57679000.0,
        "Selling And Marketing Expense": 18763000.0,
        "General And Administrative Expense": 38916000.0,
        "Other Gand A": 38916000.0,
        "Gross Profit": 113270000.0,
        "Cost Of Revenue": 459312000.0,
        "Total Revenue": 572582000.0,
        "Operating Revenue": 572582000.0
    },
    "2023-12-31": {
        "Tax Effect Of Unusual Items": -161534.66786,
        "Tax Rate For Calcs": 0.03053,
        "Normalized EBITDA": 75408000.0,
        "Total Unusual Items": -5291000.0,
        "Total Unusual Items Excluding Goodwill": -5291000.0,
        "Net Income From Continuing Operation Net Minority Interest": 17338000.0,
        "Reconciled Depreciation": 38860000.0,
        "Reconciled Cost Of Revenue": 426241000.0,
        "EBITDA": 70117000.0,
        "EBIT": 31257000.0,
        "Net Interest Income": -13373000.0,
        "Interest Expense": 13373000.0,
        "Normalized Income": 22467465.33214,
        "Net Income From Continuing And Discontinued Operation": 17338000.0,
        "Total Expenses": 529170000.0,
        "Total Operating Income As Reported": 34578000.0,
        "Diluted Average Shares": NaN,
        "Basic Average Shares": NaN,
        "Diluted EPS": NaN,
        "Basic EPS": NaN,
        "Diluted NI Availto Com Stockholders": 17338000.0,
        "Net Income Common Stockholders": 17338000.0,
        "Net Income": 17338000.0,
        "Net Income Including Noncontrolling Interests": 17338000.0,
        "Net Income Continuous Operations": 17338000.0,
        "Tax Provision": 546000.0,
        "Pretax Income": 17884000.0,
        "Other Income Expense": -8612000.0,
        "Other Non Operating Income Expenses": -3321000.0,
        "Special Income Charges": -5291000.0,
        "Gain On Sale Of Business": 0.0,
        "Other Special Charges": 0.0,
        "Impairment Of Capital Assets": 0.0,
        "Restructuring And Mergern Acquisition": 5291000.0,
        "Net Non Operating Interest Income Expense": -13373000.0,
        "Interest Expense Non Operating": 13373000.0,
        "Operating Income": 39869000.0,
        "Operating Expense": 75499000.0,
        "Depreciation Amortization Depletion Income Statement": 11430000.0,
        "Depreciation And Amortization In Income Statement": 11430000.0,
        "Amortization": 11430000.0,
        "Amortization Of Intangibles Income Statement": 11430000.0,
        "Research And Development": 7590000.0,
        "Selling General And Administration": 56479000.0,
        "Selling And Marketing Expense": 18677000.0,
        "General And Administrative Expense": 37802000.0,
        "Other Gand A": 37802000.0,
        "Gross Profit": 115368000.0,
        "Cost Of Revenue": 453671000.0,
        "Total Revenue": 569039000.0,
        "Operating Revenue": 569039000.0
    },
    "2024-03-31": {
        "Tax Effect Of Unusual Items": -1008501.954652,
        "Tax Rate For Calcs": 0.256095,
        "Normalized EBITDA": 68792000.0,
        "Total Unusual Items": -3938000.0,
        "Total Unusual Items Excluding Goodwill": -3938000.0,
        "Net Income From Continuing Operation Net Minority Interest": 10466000.0,
        "Reconciled Depreciation": 38461000.0,
        "Reconciled Cost Of Revenue": 439362000.0,
        "EBITDA": 64854000.0,
        "EBIT": 26393000.0,
        "Net Interest Income": -12324000.0,
        "Interest Expense": 12324000.0,
        "Normalized Income": 13395498.045348,
        "Net Income From Continuing And Discontinued Operation": 10466000.0,
        "Total Expenses": 549108000.0,
        "Total Operating Income As Reported": 17067000.0,
        "Diluted Average Shares": 104098000.0,
        "Basic Average Shares": 101952000.0,
        "Diluted EPS": 0.1,
        "Basic EPS": 0.1,
        "Diluted NI Availto Com Stockholders": 10466000.0,
        "Net Income Common Stockholders": 10466000.0,
        "Net Income": 10466000.0,
        "Net Income Including Noncontrolling Interests": 10466000.0,
        "Net Income Continuous Operations": 10466000.0,
        "Tax Provision": 3603000.0,
        "Pretax Income": 14069000.0,
        "Other Income Expense": 5388000.0,
        "Other Non Operating Income Expenses": 9326000.0,
        "Special Income Charges": -3938000.0,
        "Gain On Sale Of Business": 0.0,
        "Other Special Charges": NaN,
        "Impairment Of Capital Assets": NaN,
        "Restructuring And Mergern Acquisition": 3938000.0,
        "Net Non Operating Interest Income Expense": -12324000.0,
        "Interest Expense Non Operating": 12324000.0,
        "Operating Income": 21005000.0,
        "Operating Expense": 82714000.0,
        "Depreciation Amortization Depletion Income Statement": 11429000.0,
        "Depreciation And Amortization In Income Statement": 11429000.0,
        "Amortization": 11429000.0,
        "Amortization Of Intangibles Income Statement": 11429000.0,
        "Research And Development": 7321000.0,
        "Selling General And Administration": 63964000.0,
        "Selling And Marketing Expense": 20294000.0,
        "General And Administrative Expense": 43670000.0,
        "Other Gand A": 43670000.0,
        "Gross Profit": 103719000.0,
        "Cost Of Revenue": 466394000.0,
        "Total Revenue": 570113000.0,
        "Operating Revenue": 570113000.0
    },
    "2024-06-30": {
        "Tax Effect Of Unusual Items": -141834.141229,
        "Tax Rate For Calcs": 0.136906,
        "Normalized EBITDA": 82561000.0,
        "Total Unusual Items": -1036000.0,
        "Total Unusual Items Excluding Goodwill": -1036000.0,
        "Net Income From Continuing Operation Net Minority Interest": 26352000.0,
        "Reconciled Depreciation": 38774000.0,
        "Reconciled Cost Of Revenue": 459392000.0,
        "EBITDA": 81525000.0,
        "EBIT": 42751000.0,
        "Net Interest Income": -12219000.0,
        "Interest Expense": 12219000.0,
        "Normalized Income": 27246165.858771,
        "Net Income From Continuing And Discontinued Operation": 26352000.0,
        "Total Expenses": 565115000.0,
        "Total Operating Income As Reported": 38986000.0,
        "Diluted Average Shares": 103889000.0,
        "Basic Average Shares": 101234000.0,
        "Diluted EPS": 0.25,
        "Basic EPS": 0.26,
        "Diluted NI Availto Com Stockholders": 26352000.0,
        "Net Income Common Stockholders": 26352000.0,
        "Net Income": 26352000.0,
        "Net Income Including Noncontrolling Interests": 26352000.0,
        "Net Income Continuous Operations": 26352000.0,
        "Tax Provision": 4180000.0,
        "Pretax Income": 30532000.0,
        "Other Income Expense": 2729000.0,
        "Other Non Operating Income Expenses": 3765000.0,
        "Special Income Charges": -1036000.0,
        "Gain On Sale Of Business": 0.0,
        "Other Special Charges": NaN,
        "Impairment Of Capital Assets": NaN,
        "Restructuring And Mergern Acquisition": 1036000.0,
        "Net Non Operating Interest Income Expense": -12219000.0,
        "Interest Expense Non Operating": 12219000.0,
        "Operating Income": 40022000.0,
        "Operating Expense": 77205000.0,
        "Depreciation Amortization Depletion Income Statement": 10256000.0,
        "Depreciation And Amortization In Income Statement": 10256000.0,
        "Amortization": 10256000.0,
        "Amortization Of Intangibles Income Statement": 10256000.0,
        "Research And Development": 8547000.0,
        "Selling General And Administration": 58402000.0,
        "Selling And Marketing Expense": 19798000.0,
        "General And Administrative Expense": 38604000.0,
        "Other Gand A": 38604000.0,
        "Gross Profit": 117227000.0,
        "Cost Of Revenue": 487910000.0,
        "Total Revenue": 605137000.0,
        "Operating Revenue": 605137000.0
    },
    "2024-09-30": {
        "Tax Effect Of Unusual Items": -292530.0,
        "Tax Rate For Calcs": 0.21,
        "Normalized EBITDA": 75294000.0,
        "Total Unusual Items": -1393000.0,
        "Total Unusual Items Excluding Goodwill": -1393000.0,
        "Net Income From Continuing Operation Net Minority Interest": 14311000.0,
        "Reconciled Depreciation": 37116000.0,
        "Reconciled Cost Of Revenue": 456485000.0,
        "EBITDA": 73901000.0,
        "EBIT": 36785000.0,
        "Net Interest Income": -11768000.0,
        "Interest Expense": 11768000.0,
        "Normalized Income": 15411470.0,
        "Net Income From Continuing And Discontinued Operation": 14311000.0,
        "Total Expenses": 564183000.0,
        "Total Operating Income As Reported": 50962000.0,
        "Diluted Average Shares": 103828000.0,
        "Basic Average Shares": 101958000.0,
        "Diluted EPS": 0.14,
        "Basic EPS": 0.14,
        "Diluted NI Availto Com Stockholders": 14311000.0,
        "Net Income Common Stockholders": 14311000.0,
        "Net Income": 14311000.0,
        "Net Income Including Noncontrolling Interests": 14311000.0,
        "Net Income Continuous Operations": 14311000.0,
        "Tax Provision": 10706000.0,
        "Pretax Income": 25017000.0,
        "Other Income Expense": -15570000.0,
        "Other Non Operating Income Expenses": -14177000.0,
        "Special Income Charges": -1393000.0,
        "Gain On Sale Of Business": 0.0,
        "Other Special Charges": NaN,
        "Impairment Of Capital Assets": 0.0,
        "Restructuring And Mergern Acquisition": 1393000.0,
        "Net Non Operating Interest Income Expense": -11768000.0,
        "Interest Expense Non Operating": 11768000.0,
        "Operating Income": 52355000.0,
        "Operating Expense": 77533000.0,
        "Depreciation Amortization Depletion Income Statement": 6951000.0,
        "Depreciation And Amortization In Income Statement": 6951000.0,
        "Amortization": 6951000.0,
        "Amortization Of Intangibles Income Statement": 6951000.0,
        "Research And Development": 8054000.0,
        "Selling General And Administration": 62528000.0,
        "Selling And Marketing Expense": 19961000.0,
        "General And Administrative Expense": 42567000.0,
        "Other Gand A": 42567000.0,
        "Gross Profit": 129888000.0,
        "Cost Of Revenue": 486650000.0,
        "Total Revenue": 616538000.0,
        "Operating Revenue": 616538000.0
    }
}