{
    "2023-03-31": {
        "Tax Effect Of Unusual Items": 0.0,
        "Tax Rate For Calcs": 0.245,
        "Normalized EBITDA": 9908000.0,
        "Net Income From Continuing Operation Net Minority Interest": 2512000.0,
        "Reconciled Depreciation": 5783000.0,
        "Reconciled Cost Of Revenue": 36481000.0,
        "EBITDA": 9908000.0,
        "EBIT": 4125000.0,
        "Net Interest Income": -798000.0,
        "Interest Expense": 798000.0,
        "Normalized Income": 2512000.0,
        "Net Income From Continuing And Discontinued Operation": 2512000.0,
        "Total Expenses": 97894000.0,
        "Total Operating Income As Reported": 4125000.0,
        "Diluted Average Shares": 43509993.0,
        "Basic Average Shares": 43237856.0,
        "Diluted EPS": 0.06,
        "Basic EPS": 0.06,
        "Diluted NI Availto Com Stockholders": 2512000.0,
        "Net Income Common Stockholders": 2512000.0,
        "Net Income": 2512000.0,
        "Net Income Including Noncontrolling Interests": 2512000.0,
        "Net Income Continuous Operations": 2512000.0,
        "Tax Provision": 815000.0,
        "Pretax Income": 3327000.0,
        "Net Non Operating Interest Income Expense": -798000.0,
        "Interest Expense Non Operating": 798000.0,
        "Operating Income": 4125000.0,
        "Operating Expense": 61413000.0,
        "Selling General And Administration": 61413000.0,
        "Gross Profit": 65538000.0,
        "Cost Of Revenue": 36481000.0,
        "Total Revenue": 102019000.0,
        "Operating Revenue": 102019000.0
    },
    "2022-12-31": {
        "Tax Effect Of Unusual Items": NaN,
        "Tax Rate For Calcs": NaN,
        "Normalized EBITDA": NaN,
        "Net Income From Continuing Operation Net Minority Interest": NaN,
        "Reconciled Depreciation": NaN,
        "Reconciled Cost Of Revenue": NaN,
        "EBITDA": NaN,
        "EBIT": NaN,
        "Net Interest Income": NaN,
        "Interest Expense": NaN,
        "Normalized Income": NaN,
        "Net Income From Continuing And Discontinued Operation": NaN,
        "Total Expenses": NaN,
        "Total Operating Income As Reported": NaN,
        "Diluted Average Shares": 43832426.0,
        "Basic Average Shares": 43457515.0,
        "Diluted EPS": 0.03,
        "Basic EPS": 0.03,
        "Diluted NI Availto Com Stockholders": NaN,
        "Net Income Common Stockholders": NaN,
        "Net Income": NaN,
        "Net Income Including Noncontrolling Interests": NaN,
        "Net Income Continuous Operations": NaN,
        "Tax Provision": NaN,
        "Pretax Income": NaN,
        "Net Non Operating Interest Income Expense": NaN,
        "Interest Expense Non Operating": NaN,
        "Operating Income": NaN,
        "Operating Expense": NaN,
        "Selling General And Administration": NaN,
        "Gross Profit": NaN,
        "Cost Of Revenue": NaN,
        "Total Revenue": NaN,
        "Operating Revenue": NaN
    },
    "2022-09-30": {
        "Tax Effect Of Unusual Items": 0.0,
        "Tax Rate For Calcs": 0.263,
        "Normalized EBITDA": 11660000.0,
        "Net Income From Continuing Operation Net Minority Interest": 3823000.0,
        "Reconciled Depreciation": 6157000.0,
        "Reconciled Cost Of Revenue": 32542000.0,
        "EBITDA": 11660000.0,
        "EBIT": 5503000.0,
        "Net Interest Income": -319000.0,
        "Interest Expense": 319000.0,
        "Normalized Income": 3823000.0,
        "Net Income From Continuing And Discontinued Operation": 3823000.0,
        "Total Expenses": 91651000.0,
        "Total Operating Income As Reported": 5503000.0,
        "Diluted Average Shares": 50717426.0,
        "Basic Average Shares": 50423923.0,
        "Diluted EPS": 0.08,
        "Basic EPS": 0.08,
        "Diluted NI Availto Com Stockholders": 3823000.0,
        "Net Income Common Stockholders": 3823000.0,
        "Net Income": 3823000.0,
        "Net Income Including Noncontrolling Interests": 3823000.0,
        "Net Income Continuous Operations": 3823000.0,
        "Tax Provision": 1361000.0,
        "Pretax Income": 5184000.0,
        "Net Non Operating Interest Income Expense": -319000.0,
        "Interest Expense Non Operating": 319000.0,
        "Operating Income": 5503000.0,
        "Operating Expense": 59109000.0,
        "Selling General And Administration": 59109000.0,
        "Gross Profit": 64612000.0,
        "Cost Of Revenue": 32542000.0,
        "Total Revenue": 97154000.0,
        "Operating Revenue": 97154000.0
    },
    "2022-06-30": {
        "Tax Effect Of Unusual Items": 0.0,
        "Tax Rate For Calcs": 0.278,
        "Normalized EBITDA": 16193000.0,
        "Net Income From Continuing Operation Net Minority Interest": 6914000.0,
        "Reconciled Depreciation": 6415000.0,
        "Reconciled Cost Of Revenue": 36586000.0,
        "EBITDA": 16193000.0,
        "EBIT": 9778000.0,
        "Net Interest Income": -201000.0,
        "Interest Expense": 201000.0,
        "Normalized Income": 6914000.0,
        "Net Income From Continuing And Discontinued Operation": 6914000.0,
        "Total Expenses": 97826000.0,
        "Total Operating Income As Reported": 9778000.0,
        "Diluted Average Shares": 51253543.0,
        "Basic Average Shares": 50890063.0,
        "Diluted EPS": 0.13,
        "Basic EPS": 0.14,
        "Diluted NI Availto Com Stockholders": 6914000.0,
        "Net Income Common Stockholders": 6914000.0,
        "Net Income": 6914000.0,
        "Net Income Including Noncontrolling Interests": 6914000.0,
        "Net Income Continuous Operations": 6914000.0,
        "Tax Provision": 2663000.0,
        "Pretax Income": 9577000.0,
        "Net Non Operating Interest Income Expense": -201000.0,
        "Interest Expense Non Operating": 201000.0,
        "Operating Income": 9778000.0,
        "Operating Expense": 61240000.0,
        "Selling General And Administration": 61240000.0,
        "Gross Profit": 71018000.0,
        "Cost Of Revenue": 36586000.0,
        "Total Revenue": 107604000.0,
        "Operating Revenue": 107604000.0
    },
    "2022-03-31": {
        "Diluted EPS": 0.07,
        "Total Revenue": 102,
        "Gross Profit": 67,
        "Operating Income": 5,
        "EBIT": 11,
        "Net Income": 4
    },
    "2021-12-31": {
        "Diluted EPS": 0.03,
        "Total Revenue": 90,
        "Gross Profit": 60,
        "Operating Income": 3,
        "EBIT": 9,
        "Net Income": 2
    },
    "2021-09-30": {
        "Diluted EPS": 0.04,
        "Total Revenue": 92,
        "Gross Profit": 63,
        "Operating Income": 3,
        "EBIT": 10,
        "Net Income": 2
    },
    "2021-06-30": {
        "Diluted EPS": 0.11,
        "Total Revenue": 96,
        "Gross Profit": 66,
        "Operating Income": 8,
        "EBIT": 15,
        "Net Income": 5
    },
    "2021-03-31": {
        "Diluted EPS": 0.11,
        "Total Revenue": 92,
        "Gross Profit": 64,
        "Operating Income": 7,
        "EBIT": 14,
        "Net Income": 5
    },
    "2020-12-31": {
        "Diluted EPS": 0.03,
        "Total Revenue": 82,
        "Gross Profit": 56,
        "Operating Income": 3,
        "EBIT": 10,
        "Net Income": 1
    },
    "2020-09-30": {
        "Diluted EPS": 0.04,
        "Total Revenue": 81,
        "Gross Profit": 55,
        "Operating Income": 3,
        "EBIT": 11,
        "Net Income": 2
    },
    "2020-06-30": {
        "Diluted EPS": -0.02,
        "Total Revenue": 68,
        "Gross Profit": 45,
        "Operating Income": -2,
        "EBIT": 6,
        "Net Income": -1
    },
    "2020-03-31": {
        "Diluted EPS": 0.07,
        "Total Revenue": 94,
        "Gross Profit": 65,
        "Operating Income": 3,
        "EBIT": 11,
        "Net Income": 4
    },
    "2019-12-31": {
        "Diluted EPS": -0.09,
        "Total Revenue": 79,
        "Gross Profit": 54,
        "Operating Income": -4,
        "EBIT": 5,
        "Net Income": -4
    },
    "2019-09-30": {
        "Diluted EPS": -0.03,
        "Total Revenue": 86,
        "Gross Profit": 59,
        "Operating Income": -1,
        "EBIT": 8,
        "Net Income": -1
    },
    "2019-06-30": {
        "Diluted EPS": 0.0,
        "Total Revenue": 89,
        "Gross Profit": 61,
        "Operating Income": 1,
        "EBIT": 9,
        "Net Income": 0
    },
    "2019-03-31": {
        "Diluted EPS": 0.03,
        "Total Revenue": 87,
        "Gross Profit": 62,
        "Operating Income": 3,
        "EBIT": 11,
        "Net Income": 1
    },
    "2018-12-31": {
        "Diluted EPS": -0.03,
        "Total Revenue": 84,
        "Gross Profit": 59,
        "Operating Income": 1,
        "EBIT": 8,
        "Net Income": -1
    },
    "2018-09-30": {
        "Diluted EPS": 0.05,
        "Total Revenue": 89,
        "Gross Profit": 63,
        "Operating Income": 4,
        "EBIT": 11,
        "Net Income": 3
    },
    "2018-06-30": {
        "Diluted EPS": 0.1,
        "Total Revenue": 93,
        "Gross Profit": 65,
        "Operating Income": 7,
        "EBIT": 15,
        "Net Income": 5
    },
    "2018-03-31": {
        "Diluted EPS": 0.08,
        "Total Revenue": 91,
        "Gross Profit": 64,
        "Operating Income": 6,
        "EBIT": 13,
        "Net Income": 4
    },
    "2017-12-31": {
        "Diluted EPS": -0.14,
        "Total Revenue": 79,
        "Gross Profit": 52,
        "Operating Income": -4,
        "EBIT": 3,
        "Net Income": -7
    },
    "2017-09-30": {
        "Diluted EPS": 0.05,
        "Total Revenue": 84,
        "Gross Profit": 57,
        "Operating Income": 4,
        "EBIT": 11,
        "Net Income": 2
    },
    "2017-06-30": {
        "Diluted EPS": 0.15,
        "Total Revenue": 89,
        "Gross Profit": 62,
        "Operating Income": 12,
        "EBIT": 18,
        "Net Income": 8
    },
    "2017-03-31": {
        "Diluted EPS": 0.15,
        "Total Revenue": 92,
        "Gross Profit": 65,
        "Operating Income": 14,
        "EBIT": 20,
        "Net Income": 8
    },
    "2016-12-31": {
        "Diluted EPS": 0.01,
        "Total Revenue": 77,
        "Gross Profit": 53,
        "Operating Income": 2,
        "EBIT": 8,
        "Net Income": 0
    },
    "2016-09-30": {
        "Diluted EPS": 0.09,
        "Total Revenue": 79,
        "Gross Profit": 55,
        "Operating Income": 8,
        "EBIT": 14,
        "Net Income": 5
    },
    "2016-06-30": {
        "Diluted EPS": 0.13,
        "Total Revenue": 84,
        "Gross Profit": 59,
        "Operating Income": 12,
        "EBIT": 17,
        "Net Income": 7
    },
    "2016-03-31": {
        "Diluted EPS": 0.13,
        "Total Revenue": 85,
        "Gross Profit": 60,
        "Operating Income": 12,
        "EBIT": 17,
        "Net Income": 7
    },
    "2015-12-31": {
        "Diluted EPS": 0.08,
        "Total Revenue": 72,
        "Gross Profit": 51,
        "Operating Income": 7,
        "EBIT": 13,
        "Net Income": 4
    },
    "2015-09-30": {
        "Diluted EPS": 0.07,
        "Total Revenue": 72,
        "Gross Profit": 51,
        "Operating Income": 7,
        "EBIT": 12,
        "Net Income": 4
    },
    "2015-06-30": {
        "Diluted EPS": 0.09,
        "Total Revenue": 76,
        "Gross Profit": 51,
        "Operating Income": 8,
        "EBIT": 14,
        "Net Income": 4
    },
    "2015-03-31": {
        "Diluted EPS": 0.07,
        "Total Revenue": 73,
        "Gross Profit": 51,
        "Operating Income": 7,
        "EBIT": 13,
        "Net Income": 4
    },
    "2014-12-31": {
        "Diluted EPS": 0.04,
        "Total Revenue": 63,
        "Gross Profit": 44,
        "Operating Income": 4,
        "EBIT": 9,
        "Net Income": 2
    },
    "2014-09-30": {
        "Diluted EPS": 0.03,
        "Total Revenue": 63,
        "Gross Profit": 43,
        "Operating Income": 4,
        "EBIT": 9,
        "Net Income": 2
    },
    "2014-06-30": {
        "Diluted EPS": 0.07,
        "Total Revenue": 67,
        "Gross Profit": 47,
        "Operating Income": 7,
        "EBIT": 12,
        "Net Income": 4
    },
    "2014-03-31": {
        "Diluted EPS": 0.07,
        "Total Revenue": 64,
        "Gross Profit": 45,
        "Operating Income": 7,
        "EBIT": 11,
        "Net Income": 4
    },
    "2013-12-31": {
        "Diluted EPS": 0.13,
        "Total Revenue": 58,
        "Gross Profit": 40,
        "Operating Income": 3,
        "EBIT": 7,
        "Net Income": 1
    },
    "2013-09-30": {
        "Diluted EPS": 0.08,
        "Total Revenue": 57,
        "Gross Profit": 40,
        "Operating Income": 8,
        "EBIT": 11,
        "Net Income": 4
    },
    "2013-06-30": {
        "Diluted EPS": 0.07,
        "Total Revenue": 58,
        "Gross Profit": 41,
        "Operating Income": 10,
        "EBIT": 14,
        "Net Income": 4
    },
    "2013-03-31": {
        "Diluted EPS": -1.0,
        "Total Revenue": 57,
        "Gross Profit": 40,
        "Operating Income": 12,
        "EBIT": 15,
        "Net Income": -45
    },
    "2012-12-31": {
        "Diluted EPS": -1.09,
        "Total Revenue": 46,
        "Gross Profit": 34,
        "Operating Income": 7,
        "EBIT": 10,
        "Net Income": -36
    },
    "2012-09-30": {
        "Diluted EPS": -0.87,
        "Total Revenue": 44,
        "Gross Profit": 32,
        "Operating Income": 6,
        "EBIT": 8,
        "Net Income": -32
    },
    "2012-06-30": {
        "Diluted EPS": 0.33,
        "Total Revenue": 46,
        "Gross Profit": 34,
        "Operating Income": 11,
        "EBIT": 13,
        "Net Income": 11
    },
    "2012-03-31": {
        "Diluted EPS": 0.32,
        "Total Revenue": 46,
        "Gross Profit": 34,
        "Operating Income": 10,
        "EBIT": 13,
        "Net Income": 10
    },
    "2011-12-31": {
        "Diluted EPS": 0.0,
        "Total Revenue": NaN,
        "Gross Profit": NaN,
        "Operating Income": NaN,
        "EBIT": NaN,
        "Net Income": NaN
    },
    "2011-09-30": {
        "Diluted EPS": 0.21,
        "Total Revenue": 37,
        "Gross Profit": 27,
        "Operating Income": 7,
        "EBIT": 7,
        "Net Income": 7
    },
    "2010-12-31": {
        "Diluted EPS": 0.0,
        "Total Revenue": NaN,
        "Gross Profit": NaN,
        "Operating Income": NaN,
        "EBIT": NaN,
        "Net Income": NaN
    },
    "2023-06-30": {
        "Tax Effect Of Unusual Items": 0.0,
        "Tax Rate For Calcs": 0.281,
        "Normalized EBITDA": 13283000.0,
        "Net Income From Continuing Operation Net Minority Interest": 5079000.0,
        "Reconciled Depreciation": 5549000.0,
        "Reconciled Cost Of Revenue": 35255000.0,
        "EBITDA": 13283000.0,
        "EBIT": 7734000.0,
        "Net Interest Income": -668000.0,
        "Interest Expense": 668000.0,
        "Normalized Income": 5079000.0,
        "Net Income From Continuing And Discontinued Operation": 5079000.0,
        "Total Expenses": 90823000.0,
        "Total Operating Income As Reported": 7734000.0,
        "Diluted Average Shares": 43508221.0,
        "Basic Average Shares": 43363374.0,
        "Diluted EPS": 0.12,
        "Basic EPS": 0.12,
        "Diluted NI Availto Com Stockholders": 5079000.0,
        "Net Income Common Stockholders": 5079000.0,
        "Net Income": 5079000.0,
        "Net Income Including Noncontrolling Interests": 5079000.0,
        "Net Income Continuous Operations": 5079000.0,
        "Tax Provision": 1987000.0,
        "Pretax Income": 7066000.0,
        "Net Non Operating Interest Income Expense": -668000.0,
        "Interest Expense Non Operating": 668000.0,
        "Operating Income": 7734000.0,
        "Operating Expense": 55568000.0,
        "Selling General And Administration": 55568000.0,
        "Gross Profit": 63302000.0,
        "Cost Of Revenue": 35255000.0,
        "Total Revenue": 98557000.0,
        "Operating Revenue": 98557000.0
    },
    "2023-09-30": {
        "Tax Effect Of Unusual Items": 0.0,
        "Tax Rate For Calcs": 0.224,
        "Normalized EBITDA": 7891000.0,
        "Net Income From Continuing Operation Net Minority Interest": 1844000.0,
        "Reconciled Depreciation": 5062000.0,
        "Reconciled Cost Of Revenue": 32549000.0,
        "EBITDA": 7891000.0,
        "EBIT": 2829000.0,
        "Net Interest Income": -453000.0,
        "Interest Expense": 453000.0,
        "Normalized Income": 1844000.0,
        "Net Income From Continuing And Discontinued Operation": 1844000.0,
        "Total Expenses": 89283000.0,
        "Total Operating Income As Reported": 2829000.0,
        "Diluted Average Shares": 43733706.0,
        "Basic Average Shares": 43522768.0,
        "Diluted EPS": 0.04,
        "Basic EPS": 0.04,
        "Diluted NI Availto Com Stockholders": 1844000.0,
        "Net Income Common Stockholders": 1844000.0,
        "Net Income": 1844000.0,
        "Net Income Including Noncontrolling Interests": 1844000.0,
        "Net Income Continuous Operations": 1844000.0,
        "Tax Provision": 532000.0,
        "Pretax Income": 2376000.0,
        "Net Non Operating Interest Income Expense": -453000.0,
        "Interest Expense Non Operating": 453000.0,
        "Operating Income": 2829000.0,
        "Operating Expense": 56734000.0,
        "Selling General And Administration": 56734000.0,
        "Gross Profit": 59563000.0,
        "Cost Of Revenue": 32549000.0,
        "Total Revenue": 92112000.0,
        "Operating Revenue": 92112000.0
    },
    "2023-12-31": {
        "Tax Effect Of Unusual Items": 0.0,
        "Tax Rate For Calcs": 0.21,
        "Normalized EBITDA": 6305000.0,
        "Net Income From Continuing Operation Net Minority Interest": 636000.0,
        "Reconciled Depreciation": 4835000.0,
        "Reconciled Cost Of Revenue": 29800000.0,
        "EBITDA": 6305000.0,
        "EBIT": 1470000.0,
        "Net Interest Income": -244000.0,
        "Interest Expense": 244000.0,
        "Normalized Income": 636000.0,
        "Net Income From Continuing And Discontinued Operation": 636000.0,
        "Total Expenses": 82988000.0,
        "Total Operating Income As Reported": 1470000.0,
        "Diluted Average Shares": NaN,
        "Basic Average Shares": NaN,
        "Diluted EPS": NaN,
        "Basic EPS": NaN,
        "Diluted NI Availto Com Stockholders": 636000.0,
        "Net Income Common Stockholders": 636000.0,
        "Net Income": 636000.0,
        "Net Income Including Noncontrolling Interests": 636000.0,
        "Net Income Continuous Operations": 636000.0,
        "Tax Provision": 590000.0,
        "Pretax Income": 1226000.0,
        "Net Non Operating Interest Income Expense": -244000.0,
        "Interest Expense Non Operating": 244000.0,
        "Operating Income": 1470000.0,
        "Operating Expense": 53188000.0,
        "Selling General And Administration": 53188000.0,
        "Gross Profit": 54658000.0,
        "Cost Of Revenue": 29800000.0,
        "Total Revenue": 84458000.0,
        "Operating Revenue": 84458000.0
    },
    "2024-03-31": {
        "Tax Effect Of Unusual Items": 0.0,
        "Tax Rate For Calcs": 0.202,
        "Normalized EBITDA": 7025000.0,
        "Net Income From Continuing Operation Net Minority Interest": 1689000.0,
        "Reconciled Depreciation": 4742000.0,
        "Reconciled Cost Of Revenue": 31409000.0,
        "EBITDA": 7025000.0,
        "EBIT": 2283000.0,
        "Net Interest Income": -166000.0,
        "Interest Expense": 166000.0,
        "Normalized Income": 1689000.0,
        "Net Income From Continuing And Discontinued Operation": 1689000.0,
        "Total Expenses": 89445000.0,
        "Total Operating Income As Reported": 2283000.0,
        "Diluted Average Shares": 43717347.0,
        "Basic Average Shares": 43570745.0,
        "Diluted EPS": 0.04,
        "Basic EPS": 0.04,
        "Diluted NI Availto Com Stockholders": 1689000.0,
        "Net Income Common Stockholders": 1689000.0,
        "Net Income": 1689000.0,
        "Net Income Including Noncontrolling Interests": 1689000.0,
        "Net Income Continuous Operations": 1689000.0,
        "Tax Provision": 428000.0,
        "Pretax Income": 2117000.0,
        "Net Non Operating Interest Income Expense": -166000.0,
        "Interest Expense Non Operating": 166000.0,
        "Operating Income": 2283000.0,
        "Operating Expense": 58036000.0,
        "Selling General And Administration": 58036000.0,
        "Gross Profit": 60319000.0,
        "Cost Of Revenue": 31409000.0,
        "Total Revenue": 91728000.0,
        "Operating Revenue": 91728000.0
    }
}