{
    "2023-03-31": {
        "Tax Effect Of Unusual Items": NaN,
        "Tax Rate For Calcs": NaN,
        "Normalized EBITDA": NaN,
        "Total Unusual Items": NaN,
        "Total Unusual Items Excluding Goodwill": NaN,
        "Net Income From Continuing Operation Net Minority Interest": NaN,
        "Reconciled Depreciation": NaN,
        "Reconciled Cost Of Revenue": NaN,
        "EBITDA": NaN,
        "EBIT": NaN,
        "Net Interest Income": NaN,
        "Interest Expense": NaN,
        "Normalized Income": NaN,
        "Net Income From Continuing And Discontinued Operation": NaN,
        "Total Expenses": NaN,
        "Total Operating Income As Reported": NaN,
        "Diluted Average Shares": 168700000.0,
        "Basic Average Shares": 168700000.0,
        "Diluted EPS": -3.62,
        "Basic EPS": -3.62,
        "Diluted NI Availto Com Stockholders": NaN,
        "Net Income Common Stockholders": NaN,
        "Net Income": NaN,
        "Net Income Including Noncontrolling Interests": NaN,
        "Net Income Continuous Operations": NaN,
        "Tax Provision": NaN,
        "Pretax Income": NaN,
        "Other Income Expense": NaN,
        "Special Income Charges": NaN,
        "Impairment Of Capital Assets": NaN,
        "Restructuring And Mergern Acquisition": NaN,
        "Gain On Sale Of Security": NaN,
        "Net Non Operating Interest Income Expense": NaN,
        "Total Other Finance Cost": NaN,
        "Interest Expense Non Operating": NaN,
        "Operating Income": NaN,
        "Operating Expense": NaN,
        "Depreciation Amortization Depletion Income Statement": NaN,
        "Depreciation And Amortization In Income Statement": NaN,
        "Research And Development": NaN,
        "Selling General And Administration": NaN,
        "Selling And Marketing Expense": NaN,
        "General And Administrative Expense": NaN,
        "Other Gand A": NaN,
        "Gross Profit": NaN,
        "Cost Of Revenue": NaN,
        "Total Revenue": NaN,
        "Operating Revenue": NaN
    },
    "2022-12-31": {
        "Tax Effect Of Unusual Items": NaN,
        "Tax Rate For Calcs": NaN,
        "Normalized EBITDA": NaN,
        "Total Unusual Items": NaN,
        "Total Unusual Items Excluding Goodwill": NaN,
        "Net Income From Continuing Operation Net Minority Interest": NaN,
        "Reconciled Depreciation": NaN,
        "Reconciled Cost Of Revenue": NaN,
        "EBITDA": NaN,
        "EBIT": NaN,
        "Net Interest Income": NaN,
        "Interest Expense": NaN,
        "Normalized Income": NaN,
        "Net Income From Continuing And Discontinued Operation": NaN,
        "Total Expenses": NaN,
        "Total Operating Income As Reported": NaN,
        "Diluted Average Shares": NaN,
        "Basic Average Shares": NaN,
        "Diluted EPS": NaN,
        "Basic EPS": NaN,
        "Diluted NI Availto Com Stockholders": NaN,
        "Net Income Common Stockholders": NaN,
        "Net Income": NaN,
        "Net Income Including Noncontrolling Interests": NaN,
        "Net Income Continuous Operations": NaN,
        "Tax Provision": NaN,
        "Pretax Income": NaN,
        "Other Income Expense": NaN,
        "Special Income Charges": NaN,
        "Impairment Of Capital Assets": 0.0,
        "Restructuring And Mergern Acquisition": NaN,
        "Gain On Sale Of Security": NaN,
        "Net Non Operating Interest Income Expense": NaN,
        "Total Other Finance Cost": 28300000.0,
        "Interest Expense Non Operating": NaN,
        "Operating Income": NaN,
        "Operating Expense": NaN,
        "Depreciation Amortization Depletion Income Statement": NaN,
        "Depreciation And Amortization In Income Statement": NaN,
        "Research And Development": NaN,
        "Selling General And Administration": NaN,
        "Selling And Marketing Expense": NaN,
        "General And Administrative Expense": NaN,
        "Other Gand A": NaN,
        "Gross Profit": NaN,
        "Cost Of Revenue": NaN,
        "Total Revenue": NaN,
        "Operating Revenue": NaN
    },
    "2022-09-30": {
        "Tax Effect Of Unusual Items": NaN,
        "Tax Rate For Calcs": NaN,
        "Normalized EBITDA": NaN,
        "Total Unusual Items": NaN,
        "Total Unusual Items Excluding Goodwill": NaN,
        "Net Income From Continuing Operation Net Minority Interest": NaN,
        "Reconciled Depreciation": NaN,
        "Reconciled Cost Of Revenue": NaN,
        "EBITDA": NaN,
        "EBIT": NaN,
        "Net Interest Income": NaN,
        "Interest Expense": 50500000.0,
        "Normalized Income": NaN,
        "Net Income From Continuing And Discontinued Operation": NaN,
        "Total Expenses": NaN,
        "Total Operating Income As Reported": NaN,
        "Diluted Average Shares": NaN,
        "Basic Average Shares": NaN,
        "Diluted EPS": NaN,
        "Basic EPS": NaN,
        "Diluted NI Availto Com Stockholders": NaN,
        "Net Income Common Stockholders": NaN,
        "Net Income": NaN,
        "Net Income Including Noncontrolling Interests": NaN,
        "Net Income Continuous Operations": NaN,
        "Tax Provision": NaN,
        "Pretax Income": NaN,
        "Other Income Expense": NaN,
        "Special Income Charges": 0.0,
        "Impairment Of Capital Assets": 0.0,
        "Gain On Sale Of Security": NaN,
        "Net Non Operating Interest Income Expense": NaN,
        "Total Other Finance Cost": 50500000.0,
        "Interest Expense Non Operating": 50500000.0,
        "Operating Income": NaN,
        "Operating Expense": NaN,
        "Depreciation Amortization Depletion Income Statement": NaN,
        "Depreciation And Amortization In Income Statement": NaN,
        "Research And Development": NaN,
        "Selling General And Administration": NaN,
        "Selling And Marketing Expense": NaN,
        "General And Administrative Expense": NaN,
        "Other Gand A": NaN,
        "Gross Profit": NaN,
        "Cost Of Revenue": NaN,
        "Total Revenue": NaN,
        "Operating Revenue": NaN
    },
    "2022-06-30": {
        "Tax Effect Of Unusual Items": -856820.319849,
        "Tax Rate For Calcs": 0.021637,
        "Normalized EBITDA": 184800000.0,
        "Total Unusual Items": -39600000.0,
        "Total Unusual Items Excluding Goodwill": -39600000.0,
        "Net Income From Continuing Operation Net Minority Interest": -104000000.0,
        "Reconciled Depreciation": 182600000.0,
        "Reconciled Cost Of Revenue": 275400000.0,
        "EBITDA": 145200000.0,
        "EBIT": -37400000.0,
        "Net Interest Income": -29300000.0,
        "Normalized Income": -65256820.319849,
        "Net Income From Continuing And Discontinued Operation": -104000000.0,
        "Total Expenses": 1139800000.0,
        "Total Operating Income As Reported": -37400000.0,
        "Diluted Average Shares": 138500000.0,
        "Basic Average Shares": 136500000.0,
        "Diluted EPS": -0.76,
        "Basic EPS": -0.76,
        "Diluted NI Availto Com Stockholders": -104000000.0,
        "Net Income Common Stockholders": -104000000.0,
        "Net Income": -104000000.0,
        "Net Income Including Noncontrolling Interests": -104000000.0,
        "Net Income Continuous Operations": -104000000.0,
        "Tax Provision": -2300000.0,
        "Pretax Income": -106300000.0,
        "Other Income Expense": -39600000.0,
        "Gain On Sale Of Security": -39600000.0,
        "Net Non Operating Interest Income Expense": -29300000.0,
        "Total Other Finance Cost": 29300000.0,
        "Operating Income": -37400000.0,
        "Operating Expense": 704100000.0,
        "Depreciation Amortization Depletion Income Statement": 22300000.0,
        "Depreciation And Amortization In Income Statement": 22300000.0,
        "Research And Development": 172600000.0,
        "Selling General And Administration": 509200000.0,
        "Selling And Marketing Expense": 272100000.0,
        "General And Administrative Expense": 237100000.0,
        "Other Gand A": 237100000.0,
        "Gross Profit": 666700000.0,
        "Cost Of Revenue": 435700000.0,
        "Total Revenue": 1102400000.0,
        "Operating Revenue": 1102400000.0
    },
    "2022-03-31": {
        "Diluted EPS": 0.95,
        "Total Revenue": 930,
        "Gross Profit": 531,
        "Operating Income": 129,
        "EBIT": 143,
        "Net Income": 111
    },
    "2021-12-31": {
        "Diluted EPS": 1.24,
        "Total Revenue": 903,
        "Gross Profit": 553,
        "Operating Income": 154,
        "EBIT": 269,
        "Net Income": 145
    },
    "2021-09-30": {
        "Diluted EPS": 0.09,
        "Total Revenue": 858,
        "Gross Profit": 402,
        "Operating Income": 20,
        "EBIT": 125,
        "Net Income": 10
    },
    "2021-06-30": {
        "Diluted EPS": 1.3,
        "Total Revenue": 813,
        "Gross Profit": 484,
        "Operating Income": 171,
        "EBIT": 223,
        "Net Income": 152
    },
    "2021-03-31": {
        "Diluted EPS": 1.89,
        "Total Revenue": 839,
        "Gross Profit": 560,
        "Operating Income": 256,
        "EBIT": 312,
        "Net Income": 219
    },
    "2020-12-31": {
        "Diluted EPS": 1.57,
        "Total Revenue": 861,
        "Gross Profit": 515,
        "Operating Income": 176,
        "EBIT": 242,
        "Net Income": 182
    },
    "2020-09-30": {
        "Diluted EPS": 0.86,
        "Total Revenue": 841,
        "Gross Profit": 409,
        "Operating Income": 115,
        "EBIT": 151,
        "Net Income": 99
    },
    "2020-06-30": {
        "Diluted EPS": 0.77,
        "Total Revenue": 831,
        "Gross Profit": 355,
        "Operating Income": 82,
        "EBIT": 157,
        "Net Income": 89
    },
    "2020-03-31": {
        "Diluted EPS": 1.07,
        "Total Revenue": 761,
        "Gross Profit": 365,
        "Operating Income": 122,
        "EBIT": 207,
        "Net Income": 123
    },
    "2019-12-31": {
        "Diluted EPS": 1.43,
        "Total Revenue": 930,
        "Gross Profit": 493,
        "Operating Income": 177,
        "EBIT": 222,
        "Net Income": 164
    },
    "2019-09-30": {
        "Diluted EPS": 0.63,
        "Total Revenue": 858,
        "Gross Profit": 390,
        "Operating Income": 75,
        "EBIT": 134,
        "Net Income": 72
    },
    "2019-06-30": {
        "Diluted EPS": 0.41,
        "Total Revenue": 540,
        "Gross Profit": 299,
        "Operating Income": 52,
        "EBIT": 99,
        "Net Income": 46
    },
    "2019-03-31": {
        "Diluted EPS": 0.49,
        "Total Revenue": 539,
        "Gross Profit": 280,
        "Operating Income": 58,
        "EBIT": 134,
        "Net Income": 57
    },
    "2018-12-31": {
        "Diluted EPS": 1.57,
        "Total Revenue": NaN,
        "Gross Profit": 350,
        "Operating Income": 52,
        "EBIT": 189,
        "Net Income": 180
    },
    "2018-09-30": {
        "Diluted EPS": 0.22,
        "Total Revenue": 493,
        "Gross Profit": 258,
        "Operating Income": 26,
        "EBIT": 54,
        "Net Income": 25
    },
    "2018-06-30": {
        "Diluted EPS": 0.62,
        "Total Revenue": 388,
        "Gross Profit": 257,
        "Operating Income": 71,
        "EBIT": 94,
        "Net Income": 72
    },
    "2018-03-31": {
        "Diluted EPS": 0.8,
        "Total Revenue": 450,
        "Gross Profit": 261,
        "Operating Income": 88,
        "EBIT": 120,
        "Net Income": 91
    },
    "2017-12-31": {
        "Diluted EPS": 0.21,
        "Total Revenue": 481,
        "Gross Profit": 213,
        "Operating Income": 9,
        "EBIT": 51,
        "Net Income": 25
    },
    "2017-09-30": {
        "Diluted EPS": -0.03,
        "Total Revenue": 444,
        "Gross Profit": 197,
        "Operating Income": -11,
        "EBIT": 35,
        "Net Income": -3
    },
    "2017-06-30": {
        "Diluted EPS": 0.56,
        "Total Revenue": 418,
        "Gross Profit": 224,
        "Operating Income": 50,
        "EBIT": 90,
        "Net Income": 60
    },
    "2017-03-31": {
        "Diluted EPS": 1.12,
        "Total Revenue": 572,
        "Gross Profit": 257,
        "Operating Income": 112,
        "EBIT": 221,
        "Net Income": 100
    },
    "2016-12-31": {
        "Diluted EPS": -0.33,
        "Total Revenue": 476,
        "Gross Profit": 165,
        "Operating Income": -28,
        "EBIT": 52,
        "Net Income": -30
    },
    "2016-09-30": {
        "Diluted EPS": 0.39,
        "Total Revenue": 420,
        "Gross Profit": 215,
        "Operating Income": 47,
        "EBIT": 84,
        "Net Income": 36
    },
    "2016-06-30": {
        "Diluted EPS": -0.46,
        "Total Revenue": 312,
        "Gross Profit": 120,
        "Operating Income": -39,
        "EBIT": 16,
        "Net Income": -39
    },
    "2016-03-31": {
        "Diluted EPS": 0.48,
        "Total Revenue": 377,
        "Gross Profit": 168,
        "Operating Income": 45,
        "EBIT": 110,
        "Net Income": 46
    },
    "2015-12-31": {
        "Diluted EPS": -0.51,
        "Total Revenue": 414,
        "Gross Profit": 156,
        "Operating Income": -59,
        "EBIT": -3,
        "Net Income": -42
    },
    "2015-09-30": {
        "Diluted EPS": 0.55,
        "Total Revenue": 347,
        "Gross Profit": 203,
        "Operating Income": 66,
        "EBIT": 97,
        "Net Income": 55
    },
    "2015-06-30": {
        "Diluted EPS": -0.81,
        "Total Revenue": 275,
        "Gross Profit": 73,
        "Operating Income": -63,
        "EBIT": -26,
        "Net Income": -67
    },
    "2015-03-31": {
        "Diluted EPS": -2.94,
        "Total Revenue": 300,
        "Gross Profit": -111,
        "Operating Income": -242,
        "EBIT": -187,
        "Net Income": -240
    },
    "2014-12-31": {
        "Diluted EPS": 0.42,
        "Total Revenue": 531,
        "Gross Profit": 253,
        "Operating Income": 66,
        "EBIT": 157,
        "Net Income": 37
    },
    "2014-09-30": {
        "Diluted EPS": -0.51,
        "Total Revenue": 126,
        "Gross Profit": 74,
        "Operating Income": -49,
        "EBIT": -34,
        "Net Income": -41
    },
    "2014-06-30": {
        "Diluted EPS": -0.45,
        "Total Revenue": 125,
        "Gross Profit": 71,
        "Operating Income": -33,
        "EBIT": -16,
        "Net Income": -35
    },
    "2014-03-31": {
        "Diluted EPS": 0.62,
        "Total Revenue": 195,
        "Gross Profit": 87,
        "Operating Income": -24,
        "EBIT": -1,
        "Net Income": 6
    },
    "2013-12-31": {
        "Diluted EPS": 4.69,
        "Total Revenue": NaN,
        "Gross Profit": 744,
        "Operating Income": 606,
        "EBIT": 784,
        "Net Income": 501
    },
    "2013-09-30": {
        "Diluted EPS": -1.4,
        "Total Revenue": 149,
        "Gross Profit": 56,
        "Operating Income": -118,
        "EBIT": -63,
        "Net Income": -124
    },
    "2013-06-30": {
        "Diluted EPS": -0.71,
        "Total Revenue": 143,
        "Gross Profit": 49,
        "Operating Income": -50,
        "EBIT": 3,
        "Net Income": -62
    },
    "2013-03-31": {
        "Diluted EPS": 0.45,
        "Total Revenue": 299,
        "Gross Profit": 145,
        "Operating Income": 29,
        "EBIT": 79,
        "Net Income": 28
    },
    "2012-12-31": {
        "Diluted EPS": 0.66,
        "Total Revenue": 416,
        "Gross Profit": 199,
        "Operating Income": 81,
        "EBIT": 138,
        "Net Income": 66
    },
    "2012-09-30": {
        "Diluted EPS": -0.15,
        "Total Revenue": 273,
        "Gross Profit": 115,
        "Operating Income": -4,
        "EBIT": 51,
        "Net Income": -12
    },
    "2012-06-30": {
        "Diluted EPS": -1.3,
        "Total Revenue": 226,
        "Gross Profit": 39,
        "Operating Income": -101,
        "EBIT": 7,
        "Net Income": -111
    },
    "2012-03-31": {
        "Diluted EPS": -0.79,
        "Total Revenue": 148,
        "Gross Profit": 32,
        "Operating Income": -61,
        "EBIT": -20,
        "Net Income": -66
    },
    "2011-12-31": {
        "Diluted EPS": 0.16,
        "Total Revenue": 236,
        "Gross Profit": 110,
        "Operating Income": 20,
        "EBIT": 60,
        "Net Income": 13
    },
    "2011-09-30": {
        "Diluted EPS": -0.57,
        "Total Revenue": 107,
        "Gross Profit": 32,
        "Operating Income": -42,
        "EBIT": -24,
        "Net Income": -47
    },
    "2011-06-30": {
        "Diluted EPS": -0.11,
        "Total Revenue": 334,
        "Gross Profit": 123,
        "Operating Income": -2,
        "EBIT": 76,
        "Net Income": -9
    },
    "2011-03-31": {
        "Diluted EPS": -0.16,
        "Total Revenue": 181,
        "Gross Profit": 77,
        "Operating Income": 80,
        "EBIT": 107,
        "Net Income": -18
    },
    "2010-12-31": {
        "Diluted EPS": 0.45,
        "Total Revenue": 334,
        "Gross Profit": 146,
        "Operating Income": 49,
        "EBIT": 68,
        "Net Income": 41
    },
    "2010-09-30": {
        "Diluted EPS": 0.04,
        "Total Revenue": 245,
        "Gross Profit": 108,
        "Operating Income": 13,
        "EBIT": 78,
        "Net Income": 3
    },
    "2010-07-31": {
        "Diluted EPS": 0.07,
        "Total Revenue": 354,
        "Gross Profit": 114,
        "Operating Income": 21,
        "EBIT": 86,
        "Net Income": 6
    },
    "2010-06-30": {
        "Diluted EPS": 0.3,
        "Total Revenue": 375,
        "Gross Profit": 131,
        "Operating Income": 35,
        "EBIT": 95,
        "Net Income": 26
    },
    "2010-04-30": {
        "Diluted EPS": 0.2,
        "Total Revenue": 268,
        "Gross Profit": 111,
        "Operating Income": 27,
        "EBIT": 86,
        "Net Income": 17
    },
    "2010-03-31": {
        "Diluted EPS": -0.85,
        "Total Revenue": 144,
        "Gross Profit": 31,
        "Operating Income": -41,
        "EBIT": 9,
        "Net Income": -71
    },
    "2010-01-31": {
        "Diluted EPS": -0.43,
        "Total Revenue": 163,
        "Gross Profit": 63,
        "Operating Income": -27,
        "EBIT": -1,
        "Net Income": -34
    },
    "2009-12-31": {
        "Diluted EPS": 0.43,
        "Total Revenue": 360,
        "Gross Profit": 157,
        "Operating Income": 44,
        "EBIT": 53,
        "Net Income": 38
    },
    "2009-10-31": {
        "Diluted EPS": 0.0,
        "Total Revenue": NaN,
        "Gross Profit": NaN,
        "Operating Income": NaN,
        "EBIT": NaN,
        "Net Income": NaN
    },
    "2009-07-31": {
        "Diluted EPS": -0.73,
        "Total Revenue": 95,
        "Gross Profit": 18,
        "Operating Income": -53,
        "EBIT": -1,
        "Net Income": -56
    },
    "2009-04-30": {
        "Diluted EPS": -0.13,
        "Total Revenue": 174,
        "Gross Profit": 64,
        "Operating Income": -14,
        "EBIT": 11,
        "Net Income": -10
    },
    "2009-01-31": {
        "Diluted EPS": -0.66,
        "Total Revenue": 149,
        "Gross Profit": 47,
        "Operating Income": -56,
        "EBIT": -31,
        "Net Income": -50
    },
    "2023-06-30": {
        "Tax Effect Of Unusual Items": NaN,
        "Tax Rate For Calcs": NaN,
        "Normalized EBITDA": NaN,
        "Total Unusual Items": NaN,
        "Total Unusual Items Excluding Goodwill": NaN,
        "Net Income From Continuing Operation Net Minority Interest": NaN,
        "Reconciled Depreciation": NaN,
        "Reconciled Cost Of Revenue": NaN,
        "EBITDA": NaN,
        "EBIT": NaN,
        "Net Interest Income": NaN,
        "Interest Expense": 25400000.0,
        "Normalized Income": NaN,
        "Net Income From Continuing And Discontinued Operation": NaN,
        "Total Expenses": NaN,
        "Total Operating Income As Reported": NaN,
        "Diluted Average Shares": 169400000.0,
        "Basic Average Shares": 169400000.0,
        "Diluted EPS": -1.22,
        "Basic EPS": -1.22,
        "Diluted NI Availto Com Stockholders": NaN,
        "Net Income Common Stockholders": NaN,
        "Net Income": NaN,
        "Net Income Including Noncontrolling Interests": NaN,
        "Net Income Continuous Operations": NaN,
        "Tax Provision": NaN,
        "Pretax Income": NaN,
        "Other Income Expense": NaN,
        "Special Income Charges": NaN,
        "Impairment Of Capital Assets": NaN,
        "Restructuring And Mergern Acquisition": 7200000.0,
        "Gain On Sale Of Security": NaN,
        "Net Non Operating Interest Income Expense": NaN,
        "Total Other Finance Cost": 25400000.0,
        "Interest Expense Non Operating": 25400000.0,
        "Operating Income": NaN,
        "Operating Expense": NaN,
        "Depreciation Amortization Depletion Income Statement": NaN,
        "Depreciation And Amortization In Income Statement": NaN,
        "Research And Development": NaN,
        "Selling General And Administration": NaN,
        "Selling And Marketing Expense": NaN,
        "General And Administrative Expense": NaN,
        "Other Gand A": NaN,
        "Gross Profit": NaN,
        "Cost Of Revenue": NaN,
        "Total Revenue": NaN,
        "Operating Revenue": NaN
    },
    "2023-09-30": {
        "Tax Effect Of Unusual Items": -9918000.0,
        "Tax Rate For Calcs": 0.058,
        "Normalized EBITDA": 127800000.0,
        "Total Unusual Items": -171000000.0,
        "Total Unusual Items Excluding Goodwill": -171000000.0,
        "Net Income From Continuing Operation Net Minority Interest": -543600000.0,
        "Reconciled Depreciation": 502700000.0,
        "Reconciled Cost Of Revenue": 426400000.0,
        "EBITDA": -43200000.0,
        "EBIT": -545900000.0,
        "Net Interest Income": -31100000.0,
        "Interest Expense": 31100000.0,
        "Normalized Income": -382518000.0,
        "Net Income From Continuing And Discontinued Operation": -543600000.0,
        "Total Expenses": 1674100000.0,
        "Total Operating Income As Reported": -543700000.0,
        "Diluted Average Shares": 169900000.0,
        "Basic Average Shares": 169900000.0,
        "Diluted EPS": -3.2,
        "Basic EPS": -3.2,
        "Diluted NI Availto Com Stockholders": -543600000.0,
        "Net Income Common Stockholders": -543600000.0,
        "Net Income": -543600000.0,
        "Net Income Including Noncontrolling Interests": -543600000.0,
        "Net Income Continuous Operations": -543600000.0,
        "Tax Provision": -33400000.0,
        "Pretax Income": -577000000.0,
        "Other Income Expense": -171000000.0,
        "Special Income Charges": -168800000.0,
        "Impairment Of Capital Assets": 165400000.0,
        "Restructuring And Mergern Acquisition": 3400000.0,
        "Gain On Sale Of Security": -2200000.0,
        "Net Non Operating Interest Income Expense": -31100000.0,
        "Total Other Finance Cost": NaN,
        "Interest Expense Non Operating": 31100000.0,
        "Operating Income": -374900000.0,
        "Operating Expense": 790300000.0,
        "Depreciation Amortization Depletion Income Statement": 45300000.0,
        "Depreciation And Amortization In Income Statement": 45300000.0,
        "Research And Development": 232100000.0,
        "Selling General And Administration": 512900000.0,
        "Selling And Marketing Expense": 334600000.0,
        "General And Administrative Expense": 178300000.0,
        "Other Gand A": 178300000.0,
        "Gross Profit": 415400000.0,
        "Cost Of Revenue": 883800000.0,
        "Total Revenue": 1299200000.0,
        "Operating Revenue": 1299200000.0
    },
    "2023-12-31": {
        "Tax Effect Of Unusual Items": -119700.0,
        "Tax Rate For Calcs": 0.399,
        "Normalized EBITDA": 196600000.0,
        "Total Unusual Items": -300000.0,
        "Total Unusual Items Excluding Goodwill": -300000.0,
        "Net Income From Continuing Operation Net Minority Interest": -91600000.0,
        "Reconciled Depreciation": 325800000.0,
        "Reconciled Cost Of Revenue": 405000000.0,
        "EBITDA": 196300000.0,
        "EBIT": -129500000.0,
        "Net Interest Income": -22500000.0,
        "Interest Expense": NaN,
        "Normalized Income": -91419700.0,
        "Net Income From Continuing And Discontinued Operation": -91600000.0,
        "Total Expenses": 1495800000.0,
        "Total Operating Income As Reported": -129500000.0,
        "Diluted Average Shares": 170300000.0,
        "Basic Average Shares": 170300000.0,
        "Diluted EPS": -0.54,
        "Basic EPS": -0.54,
        "Diluted NI Availto Com Stockholders": -91600000.0,
        "Net Income Common Stockholders": -91600000.0,
        "Net Income": -91600000.0,
        "Net Income Including Noncontrolling Interests": -91600000.0,
        "Net Income Continuous Operations": -91600000.0,
        "Tax Provision": -60700000.0,
        "Pretax Income": -152300000.0,
        "Other Income Expense": -300000.0,
        "Special Income Charges": 0.0,
        "Impairment Of Capital Assets": 0.0,
        "Restructuring And Mergern Acquisition": NaN,
        "Gain On Sale Of Security": -300000.0,
        "Net Non Operating Interest Income Expense": -22500000.0,
        "Total Other Finance Cost": 22500000.0,
        "Interest Expense Non Operating": NaN,
        "Operating Income": -129500000.0,
        "Operating Expense": 807600000.0,
        "Depreciation Amortization Depletion Income Statement": 42600000.0,
        "Depreciation And Amortization In Income Statement": 42600000.0,
        "Research And Development": 232400000.0,
        "Selling General And Administration": 532600000.0,
        "Selling And Marketing Expense": 367600000.0,
        "General And Administrative Expense": 165000000.0,
        "Other Gand A": 165000000.0,
        "Gross Profit": 678100000.0,
        "Cost Of Revenue": 688200000.0,
        "Total Revenue": 1366300000.0,
        "Operating Revenue": 1366300000.0
    },
    "2024-03-31": {
        "Tax Effect Of Unusual Items": -486528000.0,
        "Tax Rate For Calcs": 0.21,
        "Normalized EBITDA": 49700000.0,
        "Total Unusual Items": -2316800000.0,
        "Total Unusual Items Excluding Goodwill": -2316800000.0,
        "Net Income From Continuing Operation Net Minority Interest": -2903000000.0,
        "Reconciled Depreciation": 583000000.0,
        "Reconciled Cost Of Revenue": 390200000.0,
        "EBITDA": -2267100000.0,
        "EBIT": -2850100000.0,
        "Net Interest Income": 4000000.0,
        "Interest Expense": NaN,
        "Normalized Income": -1072728000.0,
        "Net Income From Continuing And Discontinued Operation": -2903000000.0,
        "Total Expenses": 1831200000.0,
        "Total Operating Income As Reported": -2713100000.0,
        "Diluted Average Shares": NaN,
        "Basic Average Shares": NaN,
        "Diluted EPS": NaN,
        "Basic EPS": NaN,
        "Diluted NI Availto Com Stockholders": -2903000000.0,
        "Net Income Common Stockholders": -2903000000.0,
        "Net Income": -2903000000.0,
        "Net Income Including Noncontrolling Interests": -2903000000.0,
        "Net Income Continuous Operations": -2903000000.0,
        "Tax Provision": 158400000.0,
        "Pretax Income": -2744600000.0,
        "Other Income Expense": -2316800000.0,
        "Special Income Charges": -2281300000.0,
        "Impairment Of Capital Assets": 2176700000.0,
        "Restructuring And Mergern Acquisition": NaN,
        "Gain On Sale Of Security": -35500000.0,
        "Net Non Operating Interest Income Expense": 4000000.0,
        "Total Other Finance Cost": NaN,
        "Interest Expense Non Operating": NaN,
        "Operating Income": -431800000.0,
        "Operating Expense": 900900000.0,
        "Depreciation Amortization Depletion Income Statement": 42900000.0,
        "Depreciation And Amortization In Income Statement": 42900000.0,
        "Research And Development": 237500000.0,
        "Selling General And Administration": 620500000.0,
        "Selling And Marketing Expense": 447100000.0,
        "General And Administrative Expense": 173400000.0,
        "Other Gand A": 173400000.0,
        "Gross Profit": 469100000.0,
        "Cost Of Revenue": 930300000.0,
        "Total Revenue": 1399400000.0,
        "Operating Revenue": 1399400000.0
    },
    "2024-06-30": {
        "Tax Effect Of Unusual Items": -11046000.0,
        "Tax Rate For Calcs": 0.21,
        "Normalized EBITDA": 168400000.0,
        "Total Unusual Items": -52600000.0,
        "Total Unusual Items Excluding Goodwill": -52600000.0,
        "Net Income From Continuing Operation Net Minority Interest": -262000000.0,
        "Reconciled Depreciation": 303800000.0,
        "Reconciled Cost Of Revenue": 308100000.0,
        "EBITDA": 115800000.0,
        "EBIT": -188000000.0,
        "Net Interest Income": -24200000.0,
        "Interest Expense": 24200000.0,
        "Normalized Income": -220446000.0,
        "Net Income From Continuing And Discontinued Operation": -262000000.0,
        "Total Expenses": 1473600000.0,
        "Total Operating Income As Reported": -184900000.0,
        "Diluted Average Shares": 172300000.0,
        "Basic Average Shares": 172300000.0,
        "Diluted EPS": -1.52,
        "Basic EPS": -1.52,
        "Diluted NI Availto Com Stockholders": -262000000.0,
        "Net Income Common Stockholders": -262000000.0,
        "Net Income": -262000000.0,
        "Net Income Including Noncontrolling Interests": -262000000.0,
        "Net Income Continuous Operations": -262000000.0,
        "Tax Provision": 49800000.0,
        "Pretax Income": -212200000.0,
        "Other Income Expense": -52600000.0,
        "Special Income Charges": -49500000.0,
        "Impairment Of Capital Assets": NaN,
        "Restructuring And Mergern Acquisition": 49500000.0,
        "Gain On Sale Of Security": -3100000.0,
        "Net Non Operating Interest Income Expense": -24200000.0,
        "Total Other Finance Cost": NaN,
        "Interest Expense Non Operating": 24200000.0,
        "Operating Income": -135400000.0,
        "Operating Expense": 906500000.0,
        "Depreciation Amortization Depletion Income Statement": 44800000.0,
        "Depreciation And Amortization In Income Statement": 44800000.0,
        "Research And Development": 219800000.0,
        "Selling General And Administration": 641900000.0,
        "Selling And Marketing Expense": 431400000.0,
        "General And Administrative Expense": 210500000.0,
        "Other Gand A": 210500000.0,
        "Gross Profit": 771100000.0,
        "Cost Of Revenue": 567100000.0,
        "Total Revenue": 1338200000.0,
        "Operating Revenue": 1338200000.0
    },
    "2024-09-30": {
        "Tax Effect Of Unusual Items": -3780000.0,
        "Tax Rate For Calcs": 0.21,
        "Normalized EBITDA": 3500000.0,
        "Total Unusual Items": -18000000.0,
        "Total Unusual Items Excluding Goodwill": -18000000.0,
        "Net Income From Continuing Operation Net Minority Interest": -365500000.0,
        "Reconciled Depreciation": 283900000.0,
        "Reconciled Cost Of Revenue": 388600000.0,
        "EBITDA": -14500000.0,
        "EBIT": -298400000.0,
        "Net Interest Income": -25900000.0,
        "Interest Expense": 25900000.0,
        "Normalized Income": -351280000.0,
        "Net Income From Continuing And Discontinued Operation": -365500000.0,
        "Total Expenses": 1633500000.0,
        "Total Operating Income As Reported": -297200000.0,
        "Diluted Average Shares": 175400000.0,
        "Basic Average Shares": 175400000.0,
        "Diluted EPS": -2.08,
        "Basic EPS": -2.08,
        "Diluted NI Availto Com Stockholders": -365500000.0,
        "Net Income Common Stockholders": -365500000.0,
        "Net Income": -365500000.0,
        "Net Income Including Noncontrolling Interests": -365500000.0,
        "Net Income Continuous Operations": -365500000.0,
        "Tax Provision": 41200000.0,
        "Pretax Income": -324300000.0,
        "Other Income Expense": -18000000.0,
        "Special Income Charges": -16800000.0,
        "Impairment Of Capital Assets": 600000.0,
        "Restructuring And Mergern Acquisition": 16200000.0,
        "Gain On Sale Of Security": -1200000.0,
        "Net Non Operating Interest Income Expense": -25900000.0,
        "Total Other Finance Cost": NaN,
        "Interest Expense Non Operating": 25900000.0,
        "Operating Income": -280400000.0,
        "Operating Expense": 1008300000.0,
        "Depreciation Amortization Depletion Income Statement": 47300000.0,
        "Depreciation And Amortization In Income Statement": 47300000.0,
        "Research And Development": 246700000.0,
        "Selling General And Administration": 714300000.0,
        "Selling And Marketing Expense": 461300000.0,
        "General And Administrative Expense": 253000000.0,
        "Other Gand A": 253000000.0,
        "Gross Profit": 727900000.0,
        "Cost Of Revenue": 625200000.0,
        "Total Revenue": 1353100000.0,
        "Operating Revenue": 1353100000.0
    }
}