{
    "2022-12-31": {
        "Tax Effect Of Unusual Items": -12642000.0,
        "Tax Rate For Calcs": 0.21,
        "Normalized EBITDA": 53900000.0,
        "Total Unusual Items": -60200000.0,
        "Total Unusual Items Excluding Goodwill": -60200000.0,
        "Net Income From Continuing Operation Net Minority Interest": -250100000.0,
        "Reconciled Depreciation": 8400000.0,
        "Reconciled Cost Of Revenue": 117900000.0,
        "EBITDA": -6300000.0,
        "EBIT": -14700000.0,
        "Net Interest Income": -19300000.0,
        "Interest Expense": 21800000.0,
        "Interest Income": 2500000.0,
        "Normalized Income": -202542000.0,
        "Net Income From Continuing And Discontinued Operation": -250400000.0,
        "Total Expenses": 287000000.0,
        "Total Operating Income As Reported": -34500000.0,
        "Diluted Average Shares": 44500000.0,
        "Basic Average Shares": 44500000.0,
        "Diluted EPS": -0.8,
        "Basic EPS": -0.8,
        "Diluted NI Availto Com Stockholders": -250400000.0,
        "Net Income Common Stockholders": -250400000.0,
        "Net Income": -250400000.0,
        "Net Income Including Noncontrolling Interests": -250400000.0,
        "Net Income Discontinuous Operations": -300000.0,
        "Net Income Continuous Operations": -250100000.0,
        "Tax Provision": 213600000.0,
        "Pretax Income": -36500000.0,
        "Other Income Expense": -42900000.0,
        "Other Non Operating Income Expenses": 17300000.0,
        "Special Income Charges": -60200000.0,
        "Gain On Sale Of Ppe": -7000000.0,
        "Restructuring And Mergern Acquisition": 16400000.0,
        "Net Non Operating Interest Income Expense": -19300000.0,
        "Interest Expense Non Operating": 21800000.0,
        "Interest Income Non Operating": 2500000.0,
        "Operating Income": 25700000.0,
        "Operating Expense": 169100000.0,
        "Selling General And Administration": 169100000.0,
        "Gross Profit": 194800000.0,
        "Cost Of Revenue": 117900000.0,
        "Total Revenue": 312700000.0,
        "Operating Revenue": 312700000.0
    },
    "2022-09-30": {
        "Tax Effect Of Unusual Items": -1092000.0,
        "Tax Rate For Calcs": 0.21,
        "Normalized EBITDA": 20700000.0,
        "Total Unusual Items": -5200000.0,
        "Total Unusual Items Excluding Goodwill": -5200000.0,
        "Net Income From Continuing Operation Net Minority Interest": -3800000.0,
        "Reconciled Depreciation": 9200000.0,
        "Reconciled Cost Of Revenue": 106200000.0,
        "EBITDA": 15500000.0,
        "EBIT": 15500000.0,
        "Net Interest Income": -7000000.0,
        "Interest Expense": 8300000.0,
        "Interest Income": 1300000.0,
        "Normalized Income": 308000.0,
        "Net Income From Continuing And Discontinued Operation": 16800000.0,
        "Total Expenses": 281800000.0,
        "Total Operating Income As Reported": 15800000.0,
        "Diluted Average Shares": 44500000.0,
        "Basic Average Shares": 44500000.0,
        "Diluted EPS": 0.38,
        "Basic EPS": 0.38,
        "Diluted NI Availto Com Stockholders": 16800000.0,
        "Net Income Common Stockholders": 16800000.0,
        "Net Income": 16800000.0,
        "Net Income Including Noncontrolling Interests": 16800000.0,
        "Net Income Discontinuous Operations": 20600000.0,
        "Net Income Continuous Operations": -3800000.0,
        "Tax Provision": 11000000.0,
        "Pretax Income": 7200000.0,
        "Other Income Expense": -6800000.0,
        "Other Non Operating Income Expenses": -1600000.0,
        "Special Income Charges": -5200000.0,
        "Gain On Sale Of Ppe": -700000.0,
        "Impairment Of Capital Assets": NaN,
        "Restructuring And Mergern Acquisition": 4500000.0,
        "Net Non Operating Interest Income Expense": -7000000.0,
        "Interest Expense Non Operating": 8300000.0,
        "Interest Income Non Operating": 1300000.0,
        "Operating Income": 21000000.0,
        "Operating Expense": 175600000.0,
        "Selling General And Administration": 175600000.0,
        "Gross Profit": 196600000.0,
        "Cost Of Revenue": 106200000.0,
        "Total Revenue": 302800000.0,
        "Operating Revenue": 302800000.0
    },
    "2022-06-30": {
        "Tax Effect Of Unusual Items": -3600000.0,
        "Tax Rate For Calcs": 0.4,
        "Normalized EBITDA": 34300000.0,
        "Total Unusual Items": -9000000.0,
        "Total Unusual Items Excluding Goodwill": -9000000.0,
        "Net Income From Continuing Operation Net Minority Interest": 4500000.0,
        "Reconciled Depreciation": 9000000.0,
        "Reconciled Cost Of Revenue": 119700000.0,
        "EBITDA": 25300000.0,
        "EBIT": 25300000.0,
        "Net Interest Income": -4800000.0,
        "Interest Expense": 6000000.0,
        "Interest Income": 1200000.0,
        "Normalized Income": 9900000.0,
        "Net Income From Continuing And Discontinued Operation": 1200000.0,
        "Total Expenses": 306600000.0,
        "Total Operating Income As Reported": 24800000.0,
        "Diluted Average Shares": 48300000.0,
        "Basic Average Shares": 45500000.0,
        "Diluted EPS": 0.02,
        "Basic EPS": 0.03,
        "Diluted NI Availto Com Stockholders": 1200000.0,
        "Net Income Common Stockholders": 1200000.0,
        "Net Income": 1200000.0,
        "Net Income Including Noncontrolling Interests": 1200000.0,
        "Net Income Discontinuous Operations": -3300000.0,
        "Net Income Continuous Operations": 4500000.0,
        "Tax Provision": 14800000.0,
        "Pretax Income": 19300000.0,
        "Other Income Expense": -9700000.0,
        "Other Non Operating Income Expenses": -700000.0,
        "Special Income Charges": -9000000.0,
        "Gain On Sale Of Ppe": -2000000.0,
        "Impairment Of Capital Assets": NaN,
        "Restructuring And Mergern Acquisition": 7000000.0,
        "Net Non Operating Interest Income Expense": -4800000.0,
        "Interest Expense Non Operating": 6000000.0,
        "Interest Income Non Operating": 1200000.0,
        "Operating Income": 33800000.0,
        "Operating Expense": 186900000.0,
        "Selling General And Administration": 186900000.0,
        "Gross Profit": 220700000.0,
        "Cost Of Revenue": 119700000.0,
        "Total Revenue": 340400000.0,
        "Operating Revenue": 340400000.0
    },
    "2022-03-31": {
        "Diluted EPS": 0.0,
        "Total Revenue": 348,
        "Gross Profit": 222,
        "Operating Income": 18,
        "EBIT": 29,
        "Net Income": 0
    },
    "2021-12-31": {
        "Diluted EPS": 0.46,
        "Total Revenue": 395,
        "Gross Profit": 241,
        "Operating Income": 44,
        "EBIT": 64,
        "Net Income": 24
    },
    "2021-09-30": {
        "Diluted EPS": -1.63,
        "Total Revenue": 377,
        "Gross Profit": 248,
        "Operating Income": 57,
        "EBIT": 68,
        "Net Income": -86
    },
    "2021-06-30": {
        "Diluted EPS": 0.67,
        "Total Revenue": 417,
        "Gross Profit": 286,
        "Operating Income": 72,
        "EBIT": 84,
        "Net Income": 36
    },
    "2021-03-31": {
        "Diluted EPS": 0.85,
        "Total Revenue": 414,
        "Gross Profit": 294,
        "Operating Income": 77,
        "EBIT": 88,
        "Net Income": 45
    },
    "2020-12-31": {
        "Diluted EPS": 0.35,
        "Total Revenue": 361,
        "Gross Profit": 252,
        "Operating Income": 97,
        "EBIT": 107,
        "Net Income": 22
    },
    "2020-09-30": {
        "Diluted EPS": 0.65,
        "Total Revenue": 424,
        "Gross Profit": 291,
        "Operating Income": 49,
        "EBIT": 58,
        "Net Income": 34
    },
    "2020-06-30": {
        "Diluted EPS": 1.3,
        "Total Revenue": 397,
        "Gross Profit": 264,
        "Operating Income": 47,
        "EBIT": 58,
        "Net Income": 64
    },
    "2020-03-31": {
        "Diluted EPS": -0.16,
        "Total Revenue": 376,
        "Gross Profit": 246,
        "Operating Income": -1,
        "EBIT": 11,
        "Net Income": -8
    },
    "2019-12-31": {
        "Diluted EPS": -1.48,
        "Total Revenue": 233,
        "Gross Profit": 146,
        "Operating Income": 22,
        "EBIT": 35,
        "Net Income": -72
    },
    "2019-09-30": {
        "Diluted EPS": 0.16,
        "Total Revenue": 418,
        "Gross Profit": 277,
        "Operating Income": 20,
        "EBIT": 34,
        "Net Income": 8
    },
    "2019-06-30": {
        "Diluted EPS": 0.81,
        "Total Revenue": 475,
        "Gross Profit": 321,
        "Operating Income": 69,
        "EBIT": 83,
        "Net Income": 39
    },
    "2019-03-31": {
        "Diluted EPS": 0.76,
        "Total Revenue": 487,
        "Gross Profit": 326,
        "Operating Income": 58,
        "EBIT": 73,
        "Net Income": 37
    },
    "2018-12-31": {
        "Diluted EPS": 0.36,
        "Total Revenue": 506,
        "Gross Profit": 330,
        "Operating Income": 84,
        "EBIT": 98,
        "Net Income": 17
    },
    "2018-09-30": {
        "Diluted EPS": 0.79,
        "Total Revenue": 486,
        "Gross Profit": 322,
        "Operating Income": 67,
        "EBIT": 82,
        "Net Income": 39
    },
    "2018-06-30": {
        "Diluted EPS": 1.26,
        "Total Revenue": 535,
        "Gross Profit": 362,
        "Operating Income": 99,
        "EBIT": 114,
        "Net Income": 64
    },
    "2018-03-31": {
        "Diluted EPS": 0.7,
        "Total Revenue": 543,
        "Gross Profit": 364,
        "Operating Income": 69,
        "EBIT": 85,
        "Net Income": 36
    },
    "2017-12-31": {
        "Diluted EPS": -6.41,
        "Total Revenue": 589,
        "Gross Profit": 387,
        "Operating Income": 88,
        "EBIT": 88,
        "Net Income": -327
    },
    "2017-09-30": {
        "Diluted EPS": 0.61,
        "Total Revenue": 540,
        "Gross Profit": 357,
        "Operating Income": 68,
        "EBIT": 68,
        "Net Income": 31
    },
    "2017-06-30": {
        "Diluted EPS": -0.35,
        "Total Revenue": 573,
        "Gross Profit": 390,
        "Operating Income": -1,
        "EBIT": -1,
        "Net Income": -18
    },
    "2017-03-31": {
        "Diluted EPS": 0.93,
        "Total Revenue": 555,
        "Gross Profit": 377,
        "Operating Income": 77,
        "EBIT": 77,
        "Net Income": 47
    },
    "2016-12-31": {
        "Diluted EPS": 1.56,
        "Total Revenue": 601,
        "Gross Profit": 405,
        "Operating Income": 112,
        "EBIT": 126,
        "Net Income": 79
    },
    "2016-09-30": {
        "Diluted EPS": 0.96,
        "Total Revenue": 522,
        "Gross Profit": 353,
        "Operating Income": 91,
        "EBIT": 105,
        "Net Income": 49
    },
    "2016-06-30": {
        "Diluted EPS": 1.03,
        "Total Revenue": 565,
        "Gross Profit": 381,
        "Operating Income": 82,
        "EBIT": 97,
        "Net Income": 52
    },
    "2016-03-31": {
        "Diluted EPS": 0.86,
        "Total Revenue": 526,
        "Gross Profit": 360,
        "Operating Income": 70,
        "EBIT": 85,
        "Net Income": 43
    },
    "2015-12-31": {
        "Diluted EPS": 1.15,
        "Total Revenue": 592,
        "Gross Profit": 401,
        "Operating Income": 93,
        "EBIT": 109,
        "Net Income": 58
    },
    "2015-09-30": {
        "Diluted EPS": 0.72,
        "Total Revenue": 521,
        "Gross Profit": 349,
        "Operating Income": 62,
        "EBIT": 77,
        "Net Income": 36
    },
    "2015-06-30": {
        "Diluted EPS": 1.23,
        "Total Revenue": 589,
        "Gross Profit": 400,
        "Operating Income": 99,
        "EBIT": 115,
        "Net Income": 62
    },
    "2015-03-31": {
        "Diluted EPS": 0.59,
        "Total Revenue": 582,
        "Gross Profit": 390,
        "Operating Income": 61,
        "EBIT": 77,
        "Net Income": 30
    },
    "2014-12-31": {
        "Diluted EPS": 1.62,
        "Total Revenue": 680,
        "Gross Profit": 452,
        "Operating Income": 119,
        "EBIT": 135,
        "Net Income": 82
    },
    "2014-09-30": {
        "Diluted EPS": 0.63,
        "Total Revenue": 589,
        "Gross Profit": 380,
        "Operating Income": 55,
        "EBIT": 71,
        "Net Income": 32
    },
    "2014-06-30": {
        "Diluted EPS": 0.93,
        "Total Revenue": 674,
        "Gross Profit": 449,
        "Operating Income": 97,
        "EBIT": 113,
        "Net Income": 48
    },
    "2014-03-31": {
        "Diluted EPS": 1.02,
        "Total Revenue": 663,
        "Gross Profit": 442,
        "Operating Income": 97,
        "EBIT": 113,
        "Net Income": 52
    },
    "2013-12-31": {
        "Diluted EPS": 1.73,
        "Total Revenue": 717,
        "Gross Profit": 476,
        "Operating Income": 127,
        "EBIT": 143,
        "Net Income": 90
    },
    "2013-09-30": {
        "Diluted EPS": 0.95,
        "Total Revenue": 603,
        "Gross Profit": 404,
        "Operating Income": 76,
        "EBIT": 90,
        "Net Income": 50
    },
    "2013-06-30": {
        "Diluted EPS": 1.43,
        "Total Revenue": 688,
        "Gross Profit": 462,
        "Operating Income": 111,
        "EBIT": 124,
        "Net Income": 76
    },
    "2013-03-31": {
        "Diluted EPS": 1.06,
        "Total Revenue": 663,
        "Gross Profit": 440,
        "Operating Income": 89,
        "EBIT": 102,
        "Net Income": 58
    },
    "2012-12-31": {
        "Diluted EPS": 1.33,
        "Total Revenue": 711,
        "Gross Profit": 474,
        "Operating Income": 112,
        "EBIT": 125,
        "Net Income": 75
    },
    "2012-09-30": {
        "Diluted EPS": 0.85,
        "Total Revenue": 594,
        "Gross Profit": 395,
        "Operating Income": 75,
        "EBIT": 88,
        "Net Income": 48
    },
    "2012-06-30": {
        "Diluted EPS": 0.22,
        "Total Revenue": 639,
        "Gross Profit": 432,
        "Operating Income": 33,
        "EBIT": 45,
        "Net Income": 13
    },
    "2012-03-31": {
        "Diluted EPS": 1.02,
        "Total Revenue": 640,
        "Gross Profit": 426,
        "Operating Income": 86,
        "EBIT": 99,
        "Net Income": 58
    },
    "2011-12-31": {
        "Diluted EPS": 1.47,
        "Total Revenue": 676,
        "Gross Profit": 450,
        "Operating Income": 122,
        "EBIT": 134,
        "Net Income": 87
    },
    "2011-09-30": {
        "Diluted EPS": 0.17,
        "Total Revenue": 603,
        "Gross Profit": 401,
        "Operating Income": 34,
        "EBIT": 47,
        "Net Income": 11
    },
    "2011-06-30": {
        "Diluted EPS": 1.03,
        "Total Revenue": 670,
        "Gross Profit": 450,
        "Operating Income": 106,
        "EBIT": 120,
        "Net Income": 65
    },
    "2011-03-31": {
        "Diluted EPS": 0.88,
        "Total Revenue": 636,
        "Gross Profit": 422,
        "Operating Income": 81,
        "EBIT": 94,
        "Net Income": 56
    },
    "2010-12-31": {
        "Diluted EPS": 1.28,
        "Total Revenue": 655,
        "Gross Profit": 431,
        "Operating Income": 117,
        "EBIT": 130,
        "Net Income": 81
    },
    "2010-09-30": {
        "Diluted EPS": 0.62,
        "Total Revenue": 523,
        "Gross Profit": 346,
        "Operating Income": 62,
        "EBIT": 74,
        "Net Income": 40
    },
    "2010-06-30": {
        "Diluted EPS": 0.9,
        "Total Revenue": 565,
        "Gross Profit": 384,
        "Operating Income": 80,
        "EBIT": 93,
        "Net Income": 58
    },
    "2010-03-31": {
        "Diluted EPS": 0.73,
        "Total Revenue": 557,
        "Gross Profit": 373,
        "Operating Income": 71,
        "EBIT": 83,
        "Net Income": 47
    },
    "2009-12-31": {
        "Diluted EPS": 1.32,
        "Total Revenue": 626,
        "Gross Profit": 416,
        "Operating Income": 125,
        "EBIT": 139,
        "Net Income": 84
    },
    "2009-09-30": {
        "Diluted EPS": 0.5,
        "Total Revenue": 514,
        "Gross Profit": 342,
        "Operating Income": 55,
        "EBIT": 69,
        "Net Income": 32
    },
    "2009-06-30": {
        "Diluted EPS": 0.52,
        "Total Revenue": 525,
        "Gross Profit": 349,
        "Operating Income": 55,
        "EBIT": 68,
        "Net Income": 33
    },
    "2009-03-31": {
        "Diluted EPS": 0.41,
        "Total Revenue": 463,
        "Gross Profit": 303,
        "Operating Income": 41,
        "EBIT": 53,
        "Net Income": 26
    },
    "2023-09-30": {
        "Tax Effect Of Unusual Items": -105000.0,
        "Tax Rate For Calcs": 0.21,
        "Normalized EBITDA": -22800000.0,
        "Total Unusual Items": -500000.0,
        "Total Unusual Items Excluding Goodwill": -500000.0,
        "Net Income From Continuing Operation Net Minority Interest": -53700000.0,
        "Reconciled Cost Of Revenue": 94600000.0,
        "EBITDA": -23300000.0,
        "EBIT": -23300000.0,
        "Net Interest Income": -68100000.0,
        "Interest Expense": 22300000.0,
        "Interest Income": 2200000.0,
        "Normalized Income": -53305000.0,
        "Net Income From Continuing And Discontinued Operation": -55800000.0,
        "Total Expenses": 253500000.0,
        "Total Operating Income As Reported": 5600000.0,
        "Diluted Average Shares": 46300000.0,
        "Basic Average Shares": 46300000.0,
        "Diluted EPS": -1.21,
        "Basic EPS": -1.21,
        "Diluted NI Availto Com Stockholders": -55800000.0,
        "Net Income Common Stockholders": -55800000.0,
        "Net Income": -55800000.0,
        "Net Income Including Noncontrolling Interests": -55800000.0,
        "Net Income Discontinuous Operations": -2100000.0,
        "Net Income Continuous Operations": -53700000.0,
        "Tax Provision": 8100000.0,
        "Pretax Income": -45600000.0,
        "Other Income Expense": 16400000.0,
        "Other Non Operating Income Expenses": 16900000.0,
        "Special Income Charges": -500000.0,
        "Gain On Sale Of Ppe": -200000.0,
        "Impairment Of Capital Assets": 0.0,
        "Restructuring And Mergern Acquisition": 300000.0,
        "Net Non Operating Interest Income Expense": -68100000.0,
        "Total Other Finance Cost": 48000000.0,
        "Interest Expense Non Operating": 22300000.0,
        "Interest Income Non Operating": 2200000.0,
        "Operating Income": 6100000.0,
        "Operating Expense": 158900000.0,
        "Selling General And Administration": 158900000.0,
        "Gross Profit": 165000000.0,
        "Cost Of Revenue": 94600000.0,
        "Total Revenue": 259600000.0,
        "Operating Revenue": 259600000.0
    },
    "2023-06-30": {
        "Tax Effect Of Unusual Items": 1533000.0,
        "Tax Rate For Calcs": 0.21,
        "Normalized EBITDA": -10500000.0,
        "Total Unusual Items": 7300000.0,
        "Total Unusual Items Excluding Goodwill": 7300000.0,
        "Net Income From Continuing Operation Net Minority Interest": -30100000.0,
        "Reconciled Cost Of Revenue": 104400000.0,
        "EBITDA": -3200000.0,
        "EBIT": -3200000.0,
        "Net Interest Income": -19500000.0,
        "Interest Expense": 17800000.0,
        "Interest Income": 2200000.0,
        "Normalized Income": -35867000.0,
        "Net Income From Continuing And Discontinued Operation": -29800000.0,
        "Total Expenses": 264900000.0,
        "Total Operating Income As Reported": 18700000.0,
        "Diluted Average Shares": 46000000.0,
        "Basic Average Shares": 46000000.0,
        "Diluted EPS": -0.64,
        "Basic EPS": -0.64,
        "Diluted NI Availto Com Stockholders": -29800000.0,
        "Net Income Common Stockholders": -29800000.0,
        "Net Income": -29800000.0,
        "Net Income Including Noncontrolling Interests": -29800000.0,
        "Net Income Discontinuous Operations": 300000.0,
        "Net Income Continuous Operations": -30100000.0,
        "Tax Provision": 9100000.0,
        "Pretax Income": -21000000.0,
        "Other Income Expense": -12900000.0,
        "Other Non Operating Income Expenses": -20200000.0,
        "Special Income Charges": 7300000.0,
        "Gain On Sale Of Ppe": 5900000.0,
        "Impairment Of Capital Assets": 0.0,
        "Restructuring And Mergern Acquisition": -1400000.0,
        "Net Non Operating Interest Income Expense": -19500000.0,
        "Total Other Finance Cost": 3900000.0,
        "Interest Expense Non Operating": 17800000.0,
        "Interest Income Non Operating": 2200000.0,
        "Operating Income": 11400000.0,
        "Operating Expense": 160500000.0,
        "Selling General And Administration": 160500000.0,
        "Gross Profit": 171900000.0,
        "Cost Of Revenue": 104400000.0,
        "Total Revenue": 276300000.0,
        "Operating Revenue": 276300000.0
    },
    "2023-03-31": {
        "Tax Effect Of Unusual Items": -336000.0,
        "Tax Rate For Calcs": 0.21,
        "Normalized EBITDA": -13000000.0,
        "Total Unusual Items": -1600000.0,
        "Total Unusual Items Excluding Goodwill": -1600000.0,
        "Net Income From Continuing Operation Net Minority Interest": -39500000.0,
        "Reconciled Cost Of Revenue": 117800000.0,
        "EBITDA": -14600000.0,
        "EBIT": -14600000.0,
        "Net Interest Income": -17800000.0,
        "Interest Expense": 15500000.0,
        "Interest Income": 2300000.0,
        "Normalized Income": -38236000.0,
        "Net Income From Continuing And Discontinued Operation": -39500000.0,
        "Total Expenses": 286300000.0,
        "Total Operating Income As Reported": 4500000.0,
        "Diluted Average Shares": 44800000.0,
        "Basic Average Shares": 44800000.0,
        "Diluted EPS": -0.88,
        "Basic EPS": -0.88,
        "Diluted NI Availto Com Stockholders": -39500000.0,
        "Net Income Common Stockholders": -39500000.0,
        "Net Income": -39500000.0,
        "Net Income Including Noncontrolling Interests": -39500000.0,
        "Net Income Discontinuous Operations": 0.0,
        "Net Income Continuous Operations": -39500000.0,
        "Tax Provision": 9400000.0,
        "Pretax Income": -30100000.0,
        "Other Income Expense": -18400000.0,
        "Other Non Operating Income Expenses": -16800000.0,
        "Special Income Charges": -1600000.0,
        "Gain On Sale Of Ppe": -1800000.0,
        "Impairment Of Capital Assets": NaN,
        "Restructuring And Mergern Acquisition": -200000.0,
        "Net Non Operating Interest Income Expense": -17800000.0,
        "Total Other Finance Cost": 4600000.0,
        "Interest Expense Non Operating": 15500000.0,
        "Interest Income Non Operating": 2300000.0,
        "Operating Income": 6100000.0,
        "Operating Expense": 168500000.0,
        "Selling General And Administration": 168500000.0,
        "Gross Profit": 174600000.0,
        "Cost Of Revenue": 117800000.0,
        "Total Revenue": 292400000.0,
        "Operating Revenue": 292400000.0
    }
}