{
    "2023-03-31": {
        "Tax Effect Of Unusual Items": NaN,
        "Tax Rate For Calcs": NaN,
        "Normalized EBITDA": NaN,
        "Total Unusual Items": NaN,
        "Total Unusual Items Excluding Goodwill": NaN,
        "Net Income From Continuing Operation Net Minority Interest": NaN,
        "Reconciled Depreciation": NaN,
        "Reconciled Cost Of Revenue": NaN,
        "EBITDA": NaN,
        "EBIT": NaN,
        "Net Interest Income": NaN,
        "Interest Expense": NaN,
        "Normalized Income": NaN,
        "Net Income From Continuing And Discontinued Operation": NaN,
        "Total Expenses": NaN,
        "Total Operating Income As Reported": NaN,
        "Diluted Average Shares": 48002000.0,
        "Basic Average Shares": 47443000.0,
        "Diluted EPS": 0.17,
        "Basic EPS": 0.18,
        "Diluted NI Availto Com Stockholders": NaN,
        "Net Income Common Stockholders": NaN,
        "Net Income": NaN,
        "Net Income Including Noncontrolling Interests": NaN,
        "Net Income Continuous Operations": NaN,
        "Tax Provision": NaN,
        "Pretax Income": NaN,
        "Other Income Expense": NaN,
        "Other Non Operating Income Expenses": NaN,
        "Special Income Charges": NaN,
        "Gain On Sale Of Ppe": NaN,
        "Write Off": NaN,
        "Impairment Of Capital Assets": NaN,
        "Net Non Operating Interest Income Expense": NaN,
        "Interest Expense Non Operating": NaN,
        "Operating Income": NaN,
        "Operating Expense": NaN,
        "Other Operating Expenses": 35000.0,
        "Provision For Doubtful Accounts": NaN,
        "Depreciation Amortization Depletion Income Statement": NaN,
        "Depletion Income Statement": NaN,
        "Depreciation And Amortization In Income Statement": NaN,
        "Amortization": NaN,
        "Amortization Of Intangibles Income Statement": NaN,
        "Depreciation Income Statement": NaN,
        "Selling General And Administration": NaN,
        "General And Administrative Expense": NaN,
        "Other Gand A": NaN,
        "Salaries And Wages": NaN,
        "Gross Profit": NaN,
        "Cost Of Revenue": NaN,
        "Total Revenue": NaN,
        "Operating Revenue": NaN
    },
    "2022-12-31": {
        "Tax Effect Of Unusual Items": NaN,
        "Tax Rate For Calcs": NaN,
        "Normalized EBITDA": NaN,
        "Total Unusual Items": NaN,
        "Total Unusual Items Excluding Goodwill": NaN,
        "Net Income From Continuing Operation Net Minority Interest": NaN,
        "Reconciled Depreciation": NaN,
        "Reconciled Cost Of Revenue": NaN,
        "EBITDA": NaN,
        "EBIT": NaN,
        "Net Interest Income": NaN,
        "Interest Expense": NaN,
        "Normalized Income": NaN,
        "Net Income From Continuing And Discontinued Operation": NaN,
        "Total Expenses": NaN,
        "Total Operating Income As Reported": NaN,
        "Diluted Average Shares": NaN,
        "Basic Average Shares": NaN,
        "Diluted EPS": NaN,
        "Basic EPS": NaN,
        "Diluted NI Availto Com Stockholders": NaN,
        "Net Income Common Stockholders": NaN,
        "Net Income": NaN,
        "Net Income Including Noncontrolling Interests": NaN,
        "Net Income Continuous Operations": NaN,
        "Tax Provision": NaN,
        "Pretax Income": NaN,
        "Other Income Expense": NaN,
        "Other Non Operating Income Expenses": NaN,
        "Special Income Charges": NaN,
        "Gain On Sale Of Ppe": NaN,
        "Write Off": NaN,
        "Impairment Of Capital Assets": 0.0,
        "Net Non Operating Interest Income Expense": NaN,
        "Interest Expense Non Operating": NaN,
        "Operating Income": NaN,
        "Operating Expense": NaN,
        "Other Operating Expenses": 762000.0,
        "Provision For Doubtful Accounts": NaN,
        "Depreciation Amortization Depletion Income Statement": NaN,
        "Depletion Income Statement": NaN,
        "Depreciation And Amortization In Income Statement": NaN,
        "Amortization": NaN,
        "Amortization Of Intangibles Income Statement": NaN,
        "Depreciation Income Statement": NaN,
        "Selling General And Administration": NaN,
        "General And Administrative Expense": NaN,
        "Other Gand A": NaN,
        "Salaries And Wages": NaN,
        "Gross Profit": NaN,
        "Cost Of Revenue": NaN,
        "Total Revenue": NaN,
        "Operating Revenue": NaN
    },
    "2022-09-30": {
        "Tax Effect Of Unusual Items": NaN,
        "Tax Rate For Calcs": NaN,
        "Normalized EBITDA": NaN,
        "Total Unusual Items": NaN,
        "Total Unusual Items Excluding Goodwill": NaN,
        "Net Income From Continuing Operation Net Minority Interest": NaN,
        "Reconciled Depreciation": NaN,
        "Reconciled Cost Of Revenue": NaN,
        "EBITDA": NaN,
        "EBIT": NaN,
        "Net Interest Income": NaN,
        "Interest Expense": NaN,
        "Normalized Income": NaN,
        "Net Income From Continuing And Discontinued Operation": NaN,
        "Total Expenses": NaN,
        "Total Operating Income As Reported": NaN,
        "Diluted Average Shares": NaN,
        "Basic Average Shares": NaN,
        "Diluted EPS": NaN,
        "Basic EPS": NaN,
        "Diluted NI Availto Com Stockholders": NaN,
        "Net Income Common Stockholders": NaN,
        "Net Income": NaN,
        "Net Income Including Noncontrolling Interests": NaN,
        "Net Income Continuous Operations": NaN,
        "Tax Provision": NaN,
        "Pretax Income": NaN,
        "Other Income Expense": NaN,
        "Other Non Operating Income Expenses": NaN,
        "Special Income Charges": NaN,
        "Gain On Sale Of Ppe": NaN,
        "Write Off": NaN,
        "Impairment Of Capital Assets": 0.0,
        "Net Non Operating Interest Income Expense": NaN,
        "Interest Expense Non Operating": NaN,
        "Operating Income": NaN,
        "Operating Expense": NaN,
        "Other Operating Expenses": NaN,
        "Provision For Doubtful Accounts": NaN,
        "Depreciation Amortization Depletion Income Statement": NaN,
        "Depreciation And Amortization In Income Statement": NaN,
        "Amortization": NaN,
        "Amortization Of Intangibles Income Statement": NaN,
        "Depreciation Income Statement": NaN,
        "Selling General And Administration": NaN,
        "General And Administrative Expense": NaN,
        "Other Gand A": NaN,
        "Salaries And Wages": NaN,
        "Gross Profit": NaN,
        "Cost Of Revenue": NaN,
        "Total Revenue": NaN,
        "Operating Revenue": NaN
    },
    "2022-06-30": {
        "Tax Effect Of Unusual Items": 0.0,
        "Tax Rate For Calcs": 0.4,
        "Normalized EBITDA": 25773000.0,
        "Total Unusual Items": NaN,
        "Total Unusual Items Excluding Goodwill": NaN,
        "Net Income From Continuing Operation Net Minority Interest": 1703000.0,
        "Reconciled Depreciation": 17476000.0,
        "Reconciled Cost Of Revenue": 68786000.0,
        "EBITDA": 25773000.0,
        "EBIT": 8297000.0,
        "Net Interest Income": -2659000.0,
        "Interest Expense": 2659000.0,
        "Normalized Income": 1703000.0,
        "Net Income From Continuing And Discontinued Operation": 1703000.0,
        "Total Expenses": 94468000.0,
        "Total Operating Income As Reported": -4790000.0,
        "Diluted Average Shares": 47634000.0,
        "Basic Average Shares": 47225000.0,
        "Diluted EPS": 0.04,
        "Basic EPS": 0.04,
        "Diluted NI Availto Com Stockholders": 1703000.0,
        "Net Income Common Stockholders": 1703000.0,
        "Net Income": 1703000.0,
        "Net Income Including Noncontrolling Interests": 1703000.0,
        "Net Income Continuous Operations": 1703000.0,
        "Tax Provision": 3935000.0,
        "Pretax Income": 5638000.0,
        "Other Income Expense": 13087000.0,
        "Other Non Operating Income Expenses": 13087000.0,
        "Special Income Charges": NaN,
        "Gain On Sale Of Ppe": NaN,
        "Write Off": NaN,
        "Impairment Of Capital Assets": NaN,
        "Net Non Operating Interest Income Expense": -2659000.0,
        "Interest Expense Non Operating": 2659000.0,
        "Operating Income": -4790000.0,
        "Operating Expense": 25682000.0,
        "Other Operating Expenses": 522000.0,
        "Provision For Doubtful Accounts": -16000.0,
        "Depreciation Amortization Depletion Income Statement": 17476000.0,
        "Depreciation And Amortization In Income Statement": 16954000.0,
        "Amortization": 195000.0,
        "Amortization Of Intangibles Income Statement": 195000.0,
        "Depreciation Income Statement": 16759000.0,
        "Selling General And Administration": 8206000.0,
        "General And Administrative Expense": 8222000.0,
        "Other Gand A": 4886000.0,
        "Salaries And Wages": 3336000.0,
        "Gross Profit": 20892000.0,
        "Cost Of Revenue": 68786000.0,
        "Total Revenue": 89678000.0,
        "Operating Revenue": 89678000.0
    },
    "2022-03-31": {
        "Diluted EPS": -0.32,
        "Total Revenue": 62,
        "Gross Profit": 8,
        "Operating Income": -18,
        "EBIT": 0,
        "Net Income": -15
    },
    "2021-12-31": {
        "Diluted EPS": -0.28,
        "Total Revenue": 57,
        "Gross Profit": 11,
        "Operating Income": -15,
        "EBIT": 4,
        "Net Income": -13
    },
    "2021-09-30": {
        "Diluted EPS": -0.88,
        "Total Revenue": 57,
        "Gross Profit": 4,
        "Operating Income": -54,
        "EBIT": -34,
        "Net Income": -41
    },
    "2021-06-30": {
        "Diluted EPS": -0.75,
        "Total Revenue": 47,
        "Gross Profit": -3,
        "Operating Income": -33,
        "EBIT": -13,
        "Net Income": -35
    },
    "2021-03-31": {
        "Diluted EPS": -0.27,
        "Total Revenue": 67,
        "Gross Profit": 19,
        "Operating Income": -20,
        "EBIT": 1,
        "Net Income": -12
    },
    "2020-12-31": {
        "Diluted EPS": -0.25,
        "Total Revenue": 85,
        "Gross Profit": 30,
        "Operating Income": -22,
        "EBIT": 0,
        "Net Income": -12
    },
    "2020-09-30": {
        "Diluted EPS": 0.07,
        "Total Revenue": 71,
        "Gross Profit": 25,
        "Operating Income": -11,
        "EBIT": 13,
        "Net Income": 3
    },
    "2020-06-30": {
        "Diluted EPS": -0.33,
        "Total Revenue": 60,
        "Gross Profit": 11,
        "Operating Income": -26,
        "EBIT": -2,
        "Net Income": -15
    },
    "2020-03-31": {
        "Diluted EPS": -1.85,
        "Total Revenue": 97,
        "Gross Profit": 15,
        "Operating Income": -89,
        "EBIT": 5,
        "Net Income": -84
    },
    "2019-12-31": {
        "Diluted EPS": -1.36,
        "Total Revenue": 68,
        "Gross Profit": -8,
        "Operating Income": -81,
        "EBIT": -18,
        "Net Income": -61
    },
    "2019-09-30": {
        "Diluted EPS": -0.79,
        "Total Revenue": 113,
        "Gross Profit": 2,
        "Operating Income": -48,
        "EBIT": -12,
        "Net Income": -36
    },
    "2019-06-30": {
        "Diluted EPS": -0.24,
        "Total Revenue": 182,
        "Gross Profit": 14,
        "Operating Income": -26,
        "EBIT": 5,
        "Net Income": -11
    },
    "2019-03-31": {
        "Diluted EPS": 0.63,
        "Total Revenue": 262,
        "Gross Profit": 73,
        "Operating Income": 27,
        "EBIT": 56,
        "Net Income": 28
    },
    "2018-12-31": {
        "Diluted EPS": 1.51,
        "Total Revenue": 278,
        "Gross Profit": 98,
        "Operating Income": 49,
        "EBIT": 84,
        "Net Income": 68
    },
    "2018-09-30": {
        "Diluted EPS": 1.54,
        "Total Revenue": 384,
        "Gross Profit": 136,
        "Operating Income": 145,
        "EBIT": 182,
        "Net Income": 70
    },
    "2018-06-30": {
        "Diluted EPS": 0.95,
        "Total Revenue": 534,
        "Gross Profit": 194,
        "Operating Income": 98,
        "EBIT": 129,
        "Net Income": 43
    },
    "2018-03-31": {
        "Diluted EPS": 1.24,
        "Total Revenue": 494,
        "Gross Profit": 168,
        "Operating Income": 103,
        "EBIT": 130,
        "Net Income": 56
    },
    "2017-12-31": {
        "Diluted EPS": 1.6,
        "Total Revenue": 369,
        "Gross Profit": 137,
        "Operating Income": 77,
        "EBIT": 110,
        "Net Income": 66
    },
    "2017-09-30": {
        "Diluted EPS": -0.02,
        "Total Revenue": 149,
        "Gross Profit": 35,
        "Operating Income": 0,
        "EBIT": 28,
        "Net Income": -1
    },
    "2017-06-30": {
        "Diluted EPS": -0.03,
        "Total Revenue": 98,
        "Gross Profit": 21,
        "Operating Income": -7,
        "EBIT": 14,
        "Net Income": -1
    },
    "2017-03-31": {
        "Diluted EPS": -0.13,
        "Total Revenue": 75,
        "Gross Profit": 16,
        "Operating Income": -8,
        "EBIT": 10,
        "Net Income": -5
    },
    "2016-12-31": {
        "Diluted EPS": -1.86,
        "Total Revenue": 64,
        "Gross Profit": 17,
        "Operating Income": -8,
        "EBIT": 11,
        "Net Income": -60
    },
    "2016-09-30": {
        "Diluted EPS": -0.1,
        "Total Revenue": 63,
        "Gross Profit": 20,
        "Operating Income": -1,
        "EBIT": 18,
        "Net Income": -3
    },
    "2016-06-30": {
        "Diluted EPS": -0.28,
        "Total Revenue": 69,
        "Gross Profit": 19,
        "Operating Income": -7,
        "EBIT": 14,
        "Net Income": -8
    },
    "2016-03-31": {
        "Diluted EPS": -0.7,
        "Total Revenue": 35,
        "Gross Profit": 2,
        "Operating Income": -19,
        "EBIT": -1,
        "Net Income": -21
    },
    "2015-12-31": {
        "Diluted EPS": 0.0,
        "Total Revenue": NaN,
        "Gross Profit": NaN,
        "Operating Income": NaN,
        "EBIT": NaN,
        "Net Income": NaN
    },
    "2015-09-30": {
        "Diluted EPS": -0.15,
        "Total Revenue": 86,
        "Gross Profit": 16,
        "Operating Income": -7,
        "EBIT": -7,
        "Net Income": -4
    },
    "2014-12-31": {
        "Diluted EPS": 0.0,
        "Total Revenue": NaN,
        "Gross Profit": NaN,
        "Operating Income": NaN,
        "EBIT": NaN,
        "Net Income": NaN
    },
    "2023-06-30": {
        "Tax Effect Of Unusual Items": 99330.0,
        "Tax Rate For Calcs": 0.21,
        "Normalized EBITDA": 13196000.0,
        "Total Unusual Items": 473000.0,
        "Total Unusual Items Excluding Goodwill": 473000.0,
        "Net Income From Continuing Operation Net Minority Interest": -4470000.0,
        "Reconciled Depreciation": 12685000.0,
        "Reconciled Cost Of Revenue": 60217000.0,
        "EBITDA": 13669000.0,
        "EBIT": 984000.0,
        "Net Interest Income": -3220000.0,
        "Interest Expense": 3220000.0,
        "Normalized Income": -4843670.0,
        "Net Income From Continuing And Discontinued Operation": -4470000.0,
        "Total Expenses": 83259000.0,
        "Total Operating Income As Reported": -7355000.0,
        "Diluted Average Shares": 47718000.0,
        "Basic Average Shares": 47718000.0,
        "Diluted EPS": -0.09,
        "Basic EPS": -0.09,
        "Diluted NI Availto Com Stockholders": -4470000.0,
        "Net Income Common Stockholders": -4470000.0,
        "Net Income": -4470000.0,
        "Net Income Including Noncontrolling Interests": -4470000.0,
        "Net Income Continuous Operations": -4470000.0,
        "Tax Provision": 2234000.0,
        "Pretax Income": -2236000.0,
        "Other Income Expense": 8812000.0,
        "Other Non Operating Income Expenses": 8339000.0,
        "Special Income Charges": 473000.0,
        "Gain On Sale Of Ppe": 473000.0,
        "Write Off": -44000.0,
        "Impairment Of Capital Assets": NaN,
        "Net Non Operating Interest Income Expense": -3220000.0,
        "Interest Expense Non Operating": 3220000.0,
        "Operating Income": -7828000.0,
        "Operating Expense": 23007000.0,
        "Other Operating Expenses": NaN,
        "Provision For Doubtful Accounts": -44000.0,
        "Depreciation Amortization Depletion Income Statement": 12650000.0,
        "Depletion Income Statement": 1325000.0,
        "Depreciation And Amortization In Income Statement": 11325000.0,
        "Amortization": 195000.0,
        "Amortization Of Intangibles Income Statement": 195000.0,
        "Depreciation Income Statement": 11130000.0,
        "Selling General And Administration": 10401000.0,
        "General And Administrative Expense": 10401000.0,
        "Other Gand A": 10140000.0,
        "Salaries And Wages": 261000.0,
        "Gross Profit": 15179000.0,
        "Cost Of Revenue": 60252000.0,
        "Total Revenue": 75431000.0,
        "Operating Revenue": 75431000.0
    },
    "2023-09-30": {
        "Tax Effect Of Unusual Items": 134400.0,
        "Tax Rate For Calcs": 0.21,
        "Normalized EBITDA": 15819000.0,
        "Total Unusual Items": 640000.0,
        "Total Unusual Items Excluding Goodwill": 640000.0,
        "Net Income From Continuing Operation Net Minority Interest": -1088000.0,
        "Reconciled Depreciation": 8074000.0,
        "Reconciled Cost Of Revenue": 55976000.0,
        "EBITDA": 16459000.0,
        "EBIT": 5226000.0,
        "Net Interest Income": -2876000.0,
        "Interest Expense": 2876000.0,
        "Normalized Income": -1593600.0,
        "Net Income From Continuing And Discontinued Operation": -1088000.0,
        "Total Expenses": 74461000.0,
        "Total Operating Income As Reported": -8862000.0,
        "Diluted Average Shares": 47942000.0,
        "Basic Average Shares": 47942000.0,
        "Diluted EPS": -0.02,
        "Basic EPS": -0.02,
        "Diluted NI Availto Com Stockholders": -1088000.0,
        "Net Income Common Stockholders": -1088000.0,
        "Net Income": -1088000.0,
        "Net Income Including Noncontrolling Interests": -1088000.0,
        "Net Income Continuous Operations": -1088000.0,
        "Tax Provision": 3438000.0,
        "Pretax Income": 2350000.0,
        "Other Income Expense": 14728000.0,
        "Other Non Operating Income Expenses": 14088000.0,
        "Special Income Charges": 640000.0,
        "Gain On Sale Of Ppe": 2450000.0,
        "Write Off": NaN,
        "Impairment Of Capital Assets": 1810000.0,
        "Net Non Operating Interest Income Expense": -2876000.0,
        "Interest Expense Non Operating": 2876000.0,
        "Operating Income": -9502000.0,
        "Operating Expense": 21644000.0,
        "Other Operating Expenses": 1800000.0,
        "Provision For Doubtful Accounts": 11000.0,
        "Depreciation Amortization Depletion Income Statement": 11233000.0,
        "Depletion Income Statement": 1800000.0,
        "Depreciation And Amortization In Income Statement": 9433000.0,
        "Amortization": 193000.0,
        "Amortization Of Intangibles Income Statement": 193000.0,
        "Depreciation Income Statement": 9240000.0,
        "Selling General And Administration": 10400000.0,
        "General And Administrative Expense": 10400000.0,
        "Other Gand A": 10181000.0,
        "Salaries And Wages": 219000.0,
        "Gross Profit": 12142000.0,
        "Cost Of Revenue": 52817000.0,
        "Total Revenue": 64959000.0,
        "Operating Revenue": 64959000.0
    },
    "2023-12-31": {
        "Tax Effect Of Unusual Items": 578970.0,
        "Tax Rate For Calcs": 0.21,
        "Normalized EBITDA": 9660000.0,
        "Total Unusual Items": 2757000.0,
        "Total Unusual Items Excluding Goodwill": 2757000.0,
        "Net Income From Continuing Operation Net Minority Interest": -5956000.0,
        "Reconciled Depreciation": 7987000.0,
        "Reconciled Cost Of Revenue": 46063000.0,
        "EBITDA": 12417000.0,
        "EBIT": 4146000.0,
        "Net Interest Income": -6811000.0,
        "Interest Expense": 6811000.0,
        "Normalized Income": -8134030.0,
        "Net Income From Continuing And Discontinued Operation": -5956000.0,
        "Total Expenses": 62357000.0,
        "Total Operating Income As Reported": -6818000.0,
        "Diluted Average Shares": NaN,
        "Basic Average Shares": NaN,
        "Diluted EPS": NaN,
        "Basic EPS": NaN,
        "Diluted NI Availto Com Stockholders": -5956000.0,
        "Net Income Common Stockholders": -5956000.0,
        "Net Income": -5956000.0,
        "Net Income Including Noncontrolling Interests": -5956000.0,
        "Net Income Continuous Operations": -5956000.0,
        "Tax Provision": 3291000.0,
        "Pretax Income": -2665000.0,
        "Other Income Expense": 13721000.0,
        "Other Non Operating Income Expenses": 10964000.0,
        "Special Income Charges": 2757000.0,
        "Gain On Sale Of Ppe": 2757000.0,
        "Write Off": NaN,
        "Impairment Of Capital Assets": 0.0,
        "Net Non Operating Interest Income Expense": -6811000.0,
        "Interest Expense Non Operating": 6811000.0,
        "Operating Income": -9575000.0,
        "Operating Expense": 16578000.0,
        "Other Operating Expenses": 284000.0,
        "Provision For Doubtful Accounts": -177000.0,
        "Depreciation Amortization Depletion Income Statement": 8271000.0,
        "Depletion Income Statement": 284000.0,
        "Depreciation And Amortization In Income Statement": 7987000.0,
        "Amortization": 193000.0,
        "Amortization Of Intangibles Income Statement": 193000.0,
        "Depreciation Income Statement": 7794000.0,
        "Selling General And Administration": 8484000.0,
        "General And Administrative Expense": 8484000.0,
        "Other Gand A": 8266000.0,
        "Salaries And Wages": 218000.0,
        "Gross Profit": 7003000.0,
        "Cost Of Revenue": 45779000.0,
        "Total Revenue": 52782000.0,
        "Operating Revenue": 52782000.0
    },
    "2024-03-31": {
        "Tax Effect Of Unusual Items": 244860.0,
        "Tax Rate For Calcs": 0.21,
        "Normalized EBITDA": 3966000.0,
        "Total Unusual Items": 1166000.0,
        "Total Unusual Items Excluding Goodwill": 1166000.0,
        "Net Income From Continuing Operation Net Minority Interest": -11811000.0,
        "Reconciled Depreciation": 6981000.0,
        "Reconciled Cost Of Revenue": 40624000.0,
        "EBITDA": 5132000.0,
        "EBIT": -1889000.0,
        "Net Interest Income": -8137000.0,
        "Interest Expense": 8137000.0,
        "Normalized Income": -12732140.0,
        "Net Income From Continuing And Discontinued Operation": -11811000.0,
        "Total Expenses": 56387000.0,
        "Total Operating Income As Reported": -12032000.0,
        "Diluted Average Shares": 47964000.0,
        "Basic Average Shares": 47964000.0,
        "Diluted EPS": -0.25,
        "Basic EPS": -0.25,
        "Diluted NI Availto Com Stockholders": -11811000.0,
        "Net Income Common Stockholders": -11811000.0,
        "Net Income": -11811000.0,
        "Net Income Including Noncontrolling Interests": -11811000.0,
        "Net Income Continuous Operations": -11811000.0,
        "Tax Provision": 1785000.0,
        "Pretax Income": -10026000.0,
        "Other Income Expense": 11309000.0,
        "Other Non Operating Income Expenses": 10143000.0,
        "Special Income Charges": 1166000.0,
        "Gain On Sale Of Ppe": 1166000.0,
        "Write Off": NaN,
        "Impairment Of Capital Assets": NaN,
        "Net Non Operating Interest Income Expense": -8137000.0,
        "Interest Expense Non Operating": 8137000.0,
        "Operating Income": -13198000.0,
        "Operating Expense": 15803000.0,
        "Other Operating Expenses": 40000.0,
        "Provision For Doubtful Accounts": 229000.0,
        "Depreciation Amortization Depletion Income Statement": 7021000.0,
        "Depletion Income Statement": 40000.0,
        "Depreciation And Amortization In Income Statement": 6981000.0,
        "Amortization": 193000.0,
        "Amortization Of Intangibles Income Statement": 193000.0,
        "Depreciation Income Statement": 6788000.0,
        "Selling General And Administration": 8553000.0,
        "General And Administrative Expense": 8553000.0,
        "Other Gand A": 8334000.0,
        "Salaries And Wages": 219000.0,
        "Gross Profit": 2605000.0,
        "Cost Of Revenue": 40584000.0,
        "Total Revenue": 43189000.0,
        "Operating Revenue": 43189000.0
    },
    "2024-06-30": {
        "Tax Effect Of Unusual Items": 91002.496857,
        "Tax Rate For Calcs": 0.08784,
        "Normalized EBITDA": -163425000.0,
        "Total Unusual Items": 1036000.0,
        "Total Unusual Items Excluding Goodwill": 1036000.0,
        "Net Income From Continuing Operation Net Minority Interest": -155993000.0,
        "Reconciled Depreciation": 6092000.0,
        "Reconciled Cost Of Revenue": 43800000.0,
        "EBITDA": -162389000.0,
        "EBIT": -168481000.0,
        "Net Interest Income": -2534000.0,
        "Interest Expense": 2534000.0,
        "Normalized Income": -156937997.503143,
        "Net Income From Continuing And Discontinued Operation": -155993000.0,
        "Total Expenses": 147368000.0,
        "Total Operating Income As Reported": -94803000.0,
        "Diluted Average Shares": 48040000.0,
        "Basic Average Shares": 48040000.0,
        "Diluted EPS": -3.25,
        "Basic EPS": -3.25,
        "Diluted NI Availto Com Stockholders": -155993000.0,
        "Net Income Common Stockholders": -155993000.0,
        "Net Income": -155993000.0,
        "Net Income Including Noncontrolling Interests": -155993000.0,
        "Net Income Continuous Operations": -155993000.0,
        "Tax Provision": -15022000.0,
        "Pretax Income": -171015000.0,
        "Other Income Expense": -72642000.0,
        "Other Non Operating Income Expenses": -73678000.0,
        "Special Income Charges": 1036000.0,
        "Gain On Sale Of Ppe": 1036000.0,
        "Write Off": NaN,
        "Impairment Of Capital Assets": NaN,
        "Net Non Operating Interest Income Expense": -2534000.0,
        "Interest Expense Non Operating": 2534000.0,
        "Operating Income": -95839000.0,
        "Operating Expense": 103527000.0,
        "Other Operating Expenses": NaN,
        "Provision For Doubtful Accounts": 89383000.0,
        "Depreciation Amortization Depletion Income Statement": 6051000.0,
        "Depletion Income Statement": 353000.0,
        "Depreciation And Amortization In Income Statement": 5698000.0,
        "Amortization": 193000.0,
        "Amortization Of Intangibles Income Statement": 193000.0,
        "Depreciation Income Statement": 5505000.0,
        "Selling General And Administration": 8093000.0,
        "General And Administrative Expense": 8093000.0,
        "Other Gand A": 7874000.0,
        "Salaries And Wages": 219000.0,
        "Gross Profit": 7688000.0,
        "Cost Of Revenue": 43841000.0,
        "Total Revenue": 51529000.0,
        "Operating Revenue": 51529000.0
    }
}