{
    "2023-03-31": {
        "Tax Effect Of Unusual Items": -8500.0,
        "Tax Rate For Calcs": 0.25,
        "Normalized EBITDA": -32261000.0,
        "Total Unusual Items": -34000.0,
        "Total Unusual Items Excluding Goodwill": -34000.0,
        "Net Income From Continuing Operation Net Minority Interest": -21045000.0,
        "Reconciled Cost Of Revenue": 26457000.0,
        "EBITDA": -32295000.0,
        "EBIT": -32295000.0,
        "Net Interest Income": 11470000.0,
        "Interest Income": 11470000.0,
        "Normalized Income": -21019500.0,
        "Net Income From Continuing And Discontinued Operation": -21045000.0,
        "Total Expenses": 79780000.0,
        "Total Operating Income As Reported": -32295000.0,
        "Diluted Average Shares": 553994418.0,
        "Basic Average Shares": 553994418.0,
        "Diluted EPS": -0.04,
        "Basic EPS": -0.04,
        "Diluted NI Availto Com Stockholders": -21045000.0,
        "Net Income Common Stockholders": -21045000.0,
        "Net Income": -21045000.0,
        "Net Income Including Noncontrolling Interests": -21045000.0,
        "Net Income Continuous Operations": -21045000.0,
        "Tax Provision": 964000.0,
        "Pretax Income": -20081000.0,
        "Other Income Expense": 744000.0,
        "Other Non Operating Income Expenses": 778000.0,
        "Gain On Sale Of Security": -34000.0,
        "Net Non Operating Interest Income Expense": 11470000.0,
        "Interest Income Non Operating": 11470000.0,
        "Operating Income": -32295000.0,
        "Operating Expense": 53323000.0,
        "Other Operating Expenses": -1780000.0,
        "Research And Development": 28051000.0,
        "Selling General And Administration": 27052000.0,
        "Selling And Marketing Expense": 10259000.0,
        "General And Administrative Expense": 16793000.0,
        "Other Gand A": 16793000.0,
        "Salaries And Wages": NaN,
        "Gross Profit": 21028000.0,
        "Cost Of Revenue": 26457000.0,
        "Total Revenue": 47485000.0,
        "Operating Revenue": 47485000.0
    },
    "2022-12-31": {
        "Tax Effect Of Unusual Items": -571750.0,
        "Tax Rate For Calcs": 0.25,
        "Normalized EBITDA": -30543000.0,
        "Total Unusual Items": -2287000.0,
        "Total Unusual Items Excluding Goodwill": -2287000.0,
        "Net Income From Continuing Operation Net Minority Interest": -22730000.0,
        "Reconciled Cost Of Revenue": 25100000.0,
        "EBITDA": -32830000.0,
        "EBIT": -32830000.0,
        "Net Interest Income": 12419000.0,
        "Interest Income": 12419000.0,
        "Normalized Income": -21014750.0,
        "Net Income From Continuing And Discontinued Operation": -22730000.0,
        "Total Expenses": 78116000.0,
        "Total Operating Income As Reported": -32830000.0,
        "Diluted Average Shares": 554121595.0,
        "Basic Average Shares": 554121595.0,
        "Diluted EPS": -0.04,
        "Basic EPS": -0.04,
        "Diluted NI Availto Com Stockholders": -22730000.0,
        "Net Income Common Stockholders": -22730000.0,
        "Net Income": -22730000.0,
        "Net Income Including Noncontrolling Interests": -22730000.0,
        "Net Income Continuous Operations": -22730000.0,
        "Tax Provision": 811000.0,
        "Pretax Income": -21919000.0,
        "Other Income Expense": -1508000.0,
        "Other Non Operating Income Expenses": 779000.0,
        "Gain On Sale Of Security": -2287000.0,
        "Net Non Operating Interest Income Expense": 12419000.0,
        "Interest Income Non Operating": 12419000.0,
        "Operating Income": -32830000.0,
        "Operating Expense": 53016000.0,
        "Other Operating Expenses": -2160000.0,
        "Research And Development": 27792000.0,
        "Selling General And Administration": 27384000.0,
        "Selling And Marketing Expense": 11203000.0,
        "General And Administrative Expense": 16181000.0,
        "Other Gand A": 16181000.0,
        "Salaries And Wages": NaN,
        "Gross Profit": 20186000.0,
        "Cost Of Revenue": 25100000.0,
        "Total Revenue": 45286000.0,
        "Operating Revenue": 45286000.0
    },
    "2022-09-30": {
        "Tax Effect Of Unusual Items": 406800.0,
        "Tax Rate For Calcs": 0.4,
        "Normalized EBITDA": -41431000.0,
        "Total Unusual Items": 1017000.0,
        "Total Unusual Items Excluding Goodwill": 1017000.0,
        "Net Income From Continuing Operation Net Minority Interest": -32623000.0,
        "Reconciled Cost Of Revenue": 25368000.0,
        "EBITDA": -40414000.0,
        "EBIT": -40414000.0,
        "Net Interest Income": 6763000.0,
        "Interest Income": 6763000.0,
        "Normalized Income": -33233200.0,
        "Net Income From Continuing And Discontinued Operation": -32623000.0,
        "Total Expenses": 85429000.0,
        "Total Operating Income As Reported": -40414000.0,
        "Diluted Average Shares": 553043213.0,
        "Basic Average Shares": 553043213.0,
        "Diluted EPS": -0.06,
        "Basic EPS": -0.06,
        "Diluted NI Availto Com Stockholders": -32623000.0,
        "Net Income Common Stockholders": -32623000.0,
        "Net Income": -32623000.0,
        "Net Income Including Noncontrolling Interests": -32623000.0,
        "Net Income Continuous Operations": -32623000.0,
        "Tax Provision": 767000.0,
        "Pretax Income": -31856000.0,
        "Other Income Expense": 1795000.0,
        "Other Non Operating Income Expenses": 778000.0,
        "Gain On Sale Of Security": 1017000.0,
        "Net Non Operating Interest Income Expense": 6763000.0,
        "Interest Income Non Operating": 6763000.0,
        "Operating Income": -40414000.0,
        "Operating Expense": 60061000.0,
        "Other Operating Expenses": -2572000.0,
        "Research And Development": 32341000.0,
        "Selling General And Administration": 30292000.0,
        "Selling And Marketing Expense": 14120000.0,
        "General And Administrative Expense": 16172000.0,
        "Other Gand A": 16172000.0,
        "Salaries And Wages": NaN,
        "Gross Profit": 19647000.0,
        "Cost Of Revenue": 25368000.0,
        "Total Revenue": 45015000.0,
        "Operating Revenue": 45015000.0
    },
    "2022-06-30": {
        "Tax Effect Of Unusual Items": 650800.0,
        "Tax Rate For Calcs": 0.4,
        "Normalized EBITDA": -41087000.0,
        "Total Unusual Items": 1627000.0,
        "Total Unusual Items Excluding Goodwill": 1627000.0,
        "Net Income From Continuing Operation Net Minority Interest": -35869000.0,
        "Reconciled Cost Of Revenue": 35777000.0,
        "EBITDA": -39460000.0,
        "EBIT": -39460000.0,
        "Net Interest Income": 1428000.0,
        "Interest Income": 1428000.0,
        "Normalized Income": -36845200.0,
        "Net Income From Continuing And Discontinued Operation": -35869000.0,
        "Total Expenses": 102007000.0,
        "Total Operating Income As Reported": -39460000.0,
        "Diluted Average Shares": 550172103.0,
        "Basic Average Shares": 550172103.0,
        "Diluted EPS": -0.07,
        "Basic EPS": -0.07,
        "Diluted NI Availto Com Stockholders": -35869000.0,
        "Net Income Common Stockholders": -35869000.0,
        "Net Income": -35869000.0,
        "Net Income Including Noncontrolling Interests": -35869000.0,
        "Net Income Continuous Operations": -35869000.0,
        "Tax Provision": 158000.0,
        "Pretax Income": -35711000.0,
        "Other Income Expense": 2321000.0,
        "Other Non Operating Income Expenses": 694000.0,
        "Gain On Sale Of Security": 1627000.0,
        "Net Non Operating Interest Income Expense": 1428000.0,
        "Interest Income Non Operating": 1428000.0,
        "Operating Income": -39460000.0,
        "Operating Expense": 66230000.0,
        "Other Operating Expenses": -3182000.0,
        "Research And Development": 37221000.0,
        "Selling General And Administration": 32191000.0,
        "Selling And Marketing Expense": 15061000.0,
        "General And Administrative Expense": 17130000.0,
        "Other Gand A": 17130000.0,
        "Salaries And Wages": 13718000.0,
        "Gross Profit": 26770000.0,
        "Cost Of Revenue": 35777000.0,
        "Total Revenue": 62547000.0,
        "Operating Revenue": 62547000.0
    },
    "2022-03-31": {
        "Diluted EPS": -0.1,
        "Total Revenue": 55,
        "Gross Profit": 23,
        "Operating Income": -55,
        "EBIT": -55,
        "Net Income": -55
    },
    "2021-12-31": {
        "Diluted EPS": -0.05,
        "Total Revenue": 75,
        "Gross Profit": 32,
        "Operating Income": -52,
        "EBIT": -52,
        "Net Income": -49
    },
    "2021-09-30": {
        "Diluted EPS": -0.09,
        "Total Revenue": 86,
        "Gross Profit": 36,
        "Operating Income": -49,
        "EBIT": -49,
        "Net Income": -48
    },
    "2021-06-30": {
        "Diluted EPS": -0.07,
        "Total Revenue": 85,
        "Gross Profit": 36,
        "Operating Income": -42,
        "EBIT": -41,
        "Net Income": -38
    },
    "2021-03-31": {
        "Diluted EPS": -0.15,
        "Total Revenue": 57,
        "Gross Profit": 23,
        "Operating Income": -41,
        "EBIT": -41,
        "Net Income": -41
    },
    "2020-12-31": {
        "Diluted EPS": -0.08,
        "Total Revenue": 63,
        "Gross Profit": 24,
        "Operating Income": -19,
        "EBIT": -19,
        "Net Income": -18
    },
    "2020-09-30": {
        "Diluted EPS": -0.06,
        "Total Revenue": 59,
        "Gross Profit": 20,
        "Operating Income": -14,
        "EBIT": -14,
        "Net Income": -13
    },
    "2020-06-30": {
        "Diluted EPS": -0.07,
        "Total Revenue": 39,
        "Gross Profit": 12,
        "Operating Income": -16,
        "EBIT": -16,
        "Net Income": -15
    },
    "2020-03-31": {
        "Diluted EPS": -0.09,
        "Total Revenue": 19,
        "Gross Profit": 6,
        "Operating Income": -22,
        "EBIT": -22,
        "Net Income": -21
    },
    "2019-12-31": {
        "Diluted EPS": 0.0,
        "Total Revenue": NaN,
        "Gross Profit": NaN,
        "Operating Income": NaN,
        "EBIT": NaN,
        "Net Income": NaN
    },
    "2023-06-30": {
        "Tax Effect Of Unusual Items": 234250.0,
        "Tax Rate For Calcs": 0.25,
        "Normalized EBITDA": -32355000.0,
        "Total Unusual Items": 937000.0,
        "Total Unusual Items Excluding Goodwill": 937000.0,
        "Net Income From Continuing Operation Net Minority Interest": -23549000.0,
        "Reconciled Cost Of Revenue": 30363000.0,
        "EBITDA": -31418000.0,
        "EBIT": -31418000.0,
        "Net Interest Income": 7305000.0,
        "Interest Income": 7305000.0,
        "Normalized Income": -24251750.0,
        "Net Income From Continuing And Discontinued Operation": -23549000.0,
        "Total Expenses": 88422000.0,
        "Total Operating Income As Reported": -31418000.0,
        "Diluted Average Shares": 554945739.0,
        "Basic Average Shares": 554945739.0,
        "Diluted EPS": -0.04,
        "Basic EPS": -0.04,
        "Diluted NI Availto Com Stockholders": -23549000.0,
        "Net Income Common Stockholders": -23549000.0,
        "Net Income": -23549000.0,
        "Net Income Including Noncontrolling Interests": -23549000.0,
        "Net Income Continuous Operations": -23549000.0,
        "Tax Provision": 1151000.0,
        "Pretax Income": -22398000.0,
        "Other Income Expense": 1715000.0,
        "Other Non Operating Income Expenses": 778000.0,
        "Gain On Sale Of Security": 937000.0,
        "Net Non Operating Interest Income Expense": 7305000.0,
        "Interest Income Non Operating": 7305000.0,
        "Operating Income": -31418000.0,
        "Operating Expense": 58059000.0,
        "Other Operating Expenses": -2514000.0,
        "Research And Development": 26474000.0,
        "Selling General And Administration": 34099000.0,
        "Selling And Marketing Expense": 9826000.0,
        "General And Administrative Expense": 24273000.0,
        "Other Gand A": 24273000.0,
        "Salaries And Wages": 13006000.0,
        "Gross Profit": 26641000.0,
        "Cost Of Revenue": 30363000.0,
        "Total Revenue": 57004000.0,
        "Operating Revenue": 57004000.0
    },
    "2023-09-30": {
        "Tax Effect Of Unusual Items": -62750.0,
        "Tax Rate For Calcs": 0.25,
        "Normalized EBITDA": -18236000.0,
        "Total Unusual Items": -251000.0,
        "Total Unusual Items Excluding Goodwill": -251000.0,
        "Net Income From Continuing Operation Net Minority Interest": -4905000.0,
        "Reconciled Cost Of Revenue": 32567000.0,
        "EBITDA": -18487000.0,
        "EBIT": -18487000.0,
        "Net Interest Income": 13066000.0,
        "Interest Income": 13066000.0,
        "Normalized Income": -4716750.0,
        "Net Income From Continuing And Discontinued Operation": -4905000.0,
        "Total Expenses": 79577000.0,
        "Total Operating Income As Reported": -18487000.0,
        "Diluted Average Shares": 555782518.0,
        "Basic Average Shares": 555782518.0,
        "Diluted EPS": -0.01,
        "Basic EPS": -0.01,
        "Diluted NI Availto Com Stockholders": -4905000.0,
        "Net Income Common Stockholders": -4905000.0,
        "Net Income": -4905000.0,
        "Net Income Including Noncontrolling Interests": -4905000.0,
        "Net Income Continuous Operations": -4905000.0,
        "Tax Provision": 12000.0,
        "Pretax Income": -4893000.0,
        "Other Income Expense": 528000.0,
        "Other Non Operating Income Expenses": 779000.0,
        "Gain On Sale Of Security": -251000.0,
        "Net Non Operating Interest Income Expense": 13066000.0,
        "Interest Income Non Operating": 13066000.0,
        "Operating Income": -18487000.0,
        "Operating Expense": 47010000.0,
        "Other Operating Expenses": -3197000.0,
        "Research And Development": 24946000.0,
        "Selling General And Administration": 25261000.0,
        "Selling And Marketing Expense": 9418000.0,
        "General And Administrative Expense": 15843000.0,
        "Other Gand A": 15843000.0,
        "Salaries And Wages": NaN,
        "Gross Profit": 28523000.0,
        "Cost Of Revenue": 32567000.0,
        "Total Revenue": 61090000.0,
        "Operating Revenue": 61090000.0
    },
    "2023-12-31": {
        "Tax Effect Of Unusual Items": NaN,
        "Tax Rate For Calcs": NaN,
        "Normalized EBITDA": NaN,
        "Total Unusual Items": NaN,
        "Total Unusual Items Excluding Goodwill": NaN,
        "Net Income From Continuing Operation Net Minority Interest": NaN,
        "Reconciled Cost Of Revenue": NaN,
        "EBITDA": NaN,
        "EBIT": NaN,
        "Net Interest Income": NaN,
        "Interest Income": NaN,
        "Normalized Income": NaN,
        "Net Income From Continuing And Discontinued Operation": NaN,
        "Total Expenses": NaN,
        "Total Operating Income As Reported": NaN,
        "Diluted Average Shares": 557103923.0,
        "Basic Average Shares": 557103923.0,
        "Diluted EPS": -0.02,
        "Basic EPS": -0.02,
        "Diluted NI Availto Com Stockholders": NaN,
        "Net Income Common Stockholders": NaN,
        "Net Income": NaN,
        "Net Income Including Noncontrolling Interests": NaN,
        "Net Income Continuous Operations": NaN,
        "Tax Provision": NaN,
        "Pretax Income": NaN,
        "Other Income Expense": NaN,
        "Other Non Operating Income Expenses": NaN,
        "Gain On Sale Of Security": NaN,
        "Net Non Operating Interest Income Expense": NaN,
        "Interest Income Non Operating": NaN,
        "Operating Income": NaN,
        "Operating Expense": NaN,
        "Other Operating Expenses": NaN,
        "Research And Development": NaN,
        "Selling General And Administration": NaN,
        "Selling And Marketing Expense": NaN,
        "General And Administrative Expense": NaN,
        "Other Gand A": NaN,
        "Salaries And Wages": NaN,
        "Gross Profit": NaN,
        "Cost Of Revenue": NaN,
        "Total Revenue": NaN,
        "Operating Revenue": NaN
    }
}