{
    "2023-03-31": {
        "Tax Effect Of Unusual Items": NaN,
        "Tax Rate For Calcs": NaN,
        "Normalized EBITDA": NaN,
        "Total Unusual Items": NaN,
        "Total Unusual Items Excluding Goodwill": NaN,
        "Net Income From Continuing Operation Net Minority Interest": NaN,
        "Reconciled Depreciation": NaN,
        "Reconciled Cost Of Revenue": NaN,
        "EBITDA": NaN,
        "EBIT": NaN,
        "Net Interest Income": NaN,
        "Interest Expense": NaN,
        "Interest Income": NaN,
        "Normalized Income": NaN,
        "Net Income From Continuing And Discontinued Operation": NaN,
        "Total Expenses": NaN,
        "Total Operating Income As Reported": NaN,
        "Diluted Average Shares": NaN,
        "Basic Average Shares": NaN,
        "Diluted EPS": NaN,
        "Basic EPS": NaN,
        "Diluted NI Availto Com Stockholders": NaN,
        "Net Income Common Stockholders": NaN,
        "Net Income": NaN,
        "Net Income Including Noncontrolling Interests": NaN,
        "Net Income Discontinuous Operations": 10233000.0,
        "Net Income Continuous Operations": NaN,
        "Tax Provision": NaN,
        "Pretax Income": NaN,
        "Other Income Expense": NaN,
        "Other Non Operating Income Expenses": NaN,
        "Special Income Charges": NaN,
        "Other Special Charges": NaN,
        "Restructuring And Mergern Acquisition": 0.0,
        "Net Non Operating Interest Income Expense": NaN,
        "Interest Expense Non Operating": NaN,
        "Interest Income Non Operating": NaN,
        "Operating Income": NaN,
        "Operating Expense": NaN,
        "Research And Development": NaN,
        "Selling General And Administration": NaN,
        "General And Administrative Expense": 65950000.0,
        "Other Gand A": 65950000.0,
        "Gross Profit": NaN,
        "Cost Of Revenue": NaN,
        "Total Revenue": NaN,
        "Operating Revenue": NaN
    },
    "2022-12-31": {
        "Tax Effect Of Unusual Items": NaN,
        "Tax Rate For Calcs": NaN,
        "Normalized EBITDA": NaN,
        "Total Unusual Items": NaN,
        "Total Unusual Items Excluding Goodwill": NaN,
        "Net Income From Continuing Operation Net Minority Interest": NaN,
        "Reconciled Depreciation": NaN,
        "Reconciled Cost Of Revenue": NaN,
        "EBITDA": NaN,
        "EBIT": NaN,
        "Net Interest Income": NaN,
        "Interest Expense": NaN,
        "Interest Income": NaN,
        "Normalized Income": NaN,
        "Net Income From Continuing And Discontinued Operation": NaN,
        "Total Expenses": NaN,
        "Total Operating Income As Reported": NaN,
        "Diluted Average Shares": NaN,
        "Basic Average Shares": NaN,
        "Diluted EPS": NaN,
        "Basic EPS": NaN,
        "Diluted NI Availto Com Stockholders": NaN,
        "Net Income Common Stockholders": NaN,
        "Net Income": NaN,
        "Net Income Including Noncontrolling Interests": NaN,
        "Net Income Discontinuous Operations": NaN,
        "Net Income Continuous Operations": NaN,
        "Tax Provision": NaN,
        "Pretax Income": NaN,
        "Other Income Expense": NaN,
        "Other Non Operating Income Expenses": NaN,
        "Special Income Charges": NaN,
        "Other Special Charges": 0.0,
        "Restructuring And Mergern Acquisition": -2161000.0,
        "Net Non Operating Interest Income Expense": NaN,
        "Interest Expense Non Operating": NaN,
        "Interest Income Non Operating": NaN,
        "Operating Income": NaN,
        "Operating Expense": NaN,
        "Research And Development": NaN,
        "Selling General And Administration": NaN,
        "General And Administrative Expense": NaN,
        "Other Gand A": NaN,
        "Gross Profit": NaN,
        "Cost Of Revenue": NaN,
        "Total Revenue": NaN,
        "Operating Revenue": NaN
    },
    "2022-09-30": {
        "Tax Effect Of Unusual Items": NaN,
        "Tax Rate For Calcs": NaN,
        "Normalized EBITDA": NaN,
        "Total Unusual Items": NaN,
        "Total Unusual Items Excluding Goodwill": NaN,
        "Net Income From Continuing Operation Net Minority Interest": NaN,
        "Reconciled Depreciation": NaN,
        "Reconciled Cost Of Revenue": NaN,
        "EBITDA": NaN,
        "EBIT": NaN,
        "Net Interest Income": NaN,
        "Interest Expense": NaN,
        "Interest Income": NaN,
        "Normalized Income": NaN,
        "Net Income From Continuing And Discontinued Operation": NaN,
        "Total Expenses": NaN,
        "Total Operating Income As Reported": NaN,
        "Diluted Average Shares": NaN,
        "Basic Average Shares": NaN,
        "Diluted EPS": NaN,
        "Basic EPS": NaN,
        "Diluted NI Availto Com Stockholders": NaN,
        "Net Income Common Stockholders": NaN,
        "Net Income": NaN,
        "Net Income Including Noncontrolling Interests": NaN,
        "Net Income Discontinuous Operations": 14407000.0,
        "Net Income Continuous Operations": NaN,
        "Tax Provision": NaN,
        "Pretax Income": NaN,
        "Other Income Expense": NaN,
        "Other Non Operating Income Expenses": NaN,
        "Special Income Charges": NaN,
        "Other Special Charges": NaN,
        "Restructuring And Mergern Acquisition": 3180000.0,
        "Net Non Operating Interest Income Expense": NaN,
        "Interest Expense Non Operating": NaN,
        "Interest Income Non Operating": NaN,
        "Operating Income": NaN,
        "Operating Expense": NaN,
        "Research And Development": NaN,
        "Selling General And Administration": NaN,
        "General And Administrative Expense": 52420000.0,
        "Other Gand A": 52420000.0,
        "Gross Profit": NaN,
        "Cost Of Revenue": NaN,
        "Total Revenue": NaN,
        "Operating Revenue": NaN
    },
    "2022-06-30": {
        "Tax Effect Of Unusual Items": -1962800.0,
        "Tax Rate For Calcs": 0.4,
        "Normalized EBITDA": -50992000.0,
        "Total Unusual Items": -4907000.0,
        "Total Unusual Items Excluding Goodwill": -4907000.0,
        "Net Income From Continuing Operation Net Minority Interest": -67032000.0,
        "Reconciled Depreciation": 8108000.0,
        "Reconciled Cost Of Revenue": 2051000.0,
        "EBITDA": -55899000.0,
        "EBIT": -64007000.0,
        "Net Interest Income": -2190000.0,
        "Interest Expense": 2972000.0,
        "Interest Income": 782000.0,
        "Normalized Income": -64087800.0,
        "Net Income From Continuing And Discontinued Operation": -67032000.0,
        "Total Expenses": 114711000.0,
        "Total Operating Income As Reported": -65451000.0,
        "Diluted Average Shares": 63638385.0,
        "Basic Average Shares": 63638385.0,
        "Diluted EPS": -1.05,
        "Basic EPS": -1.05,
        "Diluted NI Availto Com Stockholders": -67032000.0,
        "Net Income Common Stockholders": -67032000.0,
        "Net Income": -67032000.0,
        "Net Income Including Noncontrolling Interests": -67032000.0,
        "Net Income Continuous Operations": -67032000.0,
        "Tax Provision": 53000.0,
        "Pretax Income": -66979000.0,
        "Other Income Expense": -4245000.0,
        "Other Non Operating Income Expenses": 662000.0,
        "Special Income Charges": -4907000.0,
        "Other Special Charges": NaN,
        "Restructuring And Mergern Acquisition": 4907000.0,
        "Net Non Operating Interest Income Expense": -2190000.0,
        "Interest Expense Non Operating": 2972000.0,
        "Interest Income Non Operating": 782000.0,
        "Operating Income": -60544000.0,
        "Operating Expense": 112660000.0,
        "Research And Development": 59681000.0,
        "Selling General And Administration": 52979000.0,
        "General And Administrative Expense": NaN,
        "Other Gand A": NaN,
        "Gross Profit": 52116000.0,
        "Cost Of Revenue": 2051000.0,
        "Total Revenue": 54167000.0,
        "Operating Revenue": 54167000.0
    },
    "2023-06-30": {
        "Tax Effect Of Unusual Items": -386400.0,
        "Tax Rate For Calcs": 0.21,
        "Normalized EBITDA": -63985000.0,
        "Total Unusual Items": -1840000.0,
        "Total Unusual Items Excluding Goodwill": -1840000.0,
        "Net Income From Continuing Operation Net Minority Interest": -85630000.0,
        "Reconciled Depreciation": 16829000.0,
        "Reconciled Cost Of Revenue": 1990000.0,
        "EBITDA": -65825000.0,
        "EBIT": -82654000.0,
        "Net Interest Income": 2217000.0,
        "Interest Expense": 2911000.0,
        "Interest Income": 5128000.0,
        "Normalized Income": -84176400.0,
        "Net Income From Continuing And Discontinued Operation": -85630000.0,
        "Total Expenses": 145438000.0,
        "Total Operating Income As Reported": -87581000.0,
        "Diluted Average Shares": 76001801.0,
        "Basic Average Shares": 76001801.0,
        "Diluted EPS": -1.13,
        "Basic EPS": -1.13,
        "Diluted NI Availto Com Stockholders": -85630000.0,
        "Net Income Common Stockholders": -85630000.0,
        "Net Income": -85630000.0,
        "Net Income Including Noncontrolling Interests": -85630000.0,
        "Net Income Discontinuous Operations": NaN,
        "Net Income Continuous Operations": -85630000.0,
        "Tax Provision": 65000.0,
        "Pretax Income": -85565000.0,
        "Other Income Expense": -2041000.0,
        "Other Non Operating Income Expenses": -201000.0,
        "Special Income Charges": -1840000.0,
        "Other Special Charges": NaN,
        "Restructuring And Mergern Acquisition": 1840000.0,
        "Net Non Operating Interest Income Expense": 2217000.0,
        "Interest Expense Non Operating": 2911000.0,
        "Interest Income Non Operating": 5128000.0,
        "Operating Income": -85741000.0,
        "Operating Expense": 143448000.0,
        "Research And Development": 69411000.0,
        "Selling General And Administration": 74037000.0,
        "General And Administrative Expense": NaN,
        "Other Gand A": NaN,
        "Gross Profit": 57707000.0,
        "Cost Of Revenue": 1990000.0,
        "Total Revenue": 59697000.0,
        "Operating Revenue": 59697000.0
    },
    "2022-03-31": {
        "Diluted EPS": -1.2,
        "Total Revenue": 48,
        "Gross Profit": 46,
        "Operating Income": -66,
        "EBIT": -59,
        "Net Income": -76
    },
    "2021-12-31": {
        "Diluted EPS": -0.82,
        "Total Revenue": 57,
        "Gross Profit": 55,
        "Operating Income": -47,
        "EBIT": -38,
        "Net Income": -52
    },
    "2021-09-30": {
        "Diluted EPS": -0.59,
        "Total Revenue": 68,
        "Gross Profit": 67,
        "Operating Income": -32,
        "EBIT": -21,
        "Net Income": -36
    },
    "2021-06-30": {
        "Diluted EPS": -0.64,
        "Total Revenue": 55,
        "Gross Profit": 53,
        "Operating Income": -35,
        "EBIT": -26,
        "Net Income": -39
    },
    "2021-03-31": {
        "Diluted EPS": -0.96,
        "Total Revenue": 47,
        "Gross Profit": 46,
        "Operating Income": -48,
        "EBIT": -39,
        "Net Income": -54
    },
    "2020-12-31": {
        "Diluted EPS": -2.56,
        "Total Revenue": 51,
        "Gross Profit": 49,
        "Operating Income": -119,
        "EBIT": -110,
        "Net Income": -122
    },
    "2020-09-30": {
        "Diluted EPS": -0.44,
        "Total Revenue": 51,
        "Gross Profit": 50,
        "Operating Income": -19,
        "EBIT": -10,
        "Net Income": -23
    },
    "2020-06-30": {
        "Diluted EPS": -0.58,
        "Total Revenue": 48,
        "Gross Profit": 47,
        "Operating Income": -23,
        "EBIT": -14,
        "Net Income": -26
    },
    "2020-03-31": {
        "Diluted EPS": 0.02,
        "Total Revenue": 48,
        "Gross Profit": 46,
        "Operating Income": -15,
        "EBIT": -7,
        "Net Income": 1
    },
    "2019-12-31": {
        "Diluted EPS": -0.7,
        "Total Revenue": 47,
        "Gross Profit": 45,
        "Operating Income": -28,
        "EBIT": 5,
        "Net Income": -30
    },
    "2019-09-30": {
        "Diluted EPS": -0.85,
        "Total Revenue": 44,
        "Gross Profit": 43,
        "Operating Income": -34,
        "EBIT": -27,
        "Net Income": -36
    },
    "2019-06-30": {
        "Diluted EPS": -0.92,
        "Total Revenue": 45,
        "Gross Profit": 44,
        "Operating Income": -37,
        "EBIT": -55,
        "Net Income": -39
    },
    "2019-03-31": {
        "Diluted EPS": -0.99,
        "Total Revenue": 40,
        "Gross Profit": 39,
        "Operating Income": -38,
        "EBIT": -6,
        "Net Income": -41
    },
    "2018-12-31": {
        "Diluted EPS": -0.18,
        "Total Revenue": 44,
        "Gross Profit": 42,
        "Operating Income": -5,
        "EBIT": 2,
        "Net Income": -7
    },
    "2018-09-30": {
        "Diluted EPS": -1.34,
        "Total Revenue": 41,
        "Gross Profit": 40,
        "Operating Income": -36,
        "EBIT": -30,
        "Net Income": -55
    },
    "2018-06-30": {
        "Diluted EPS": -0.56,
        "Total Revenue": 41,
        "Gross Profit": 40,
        "Operating Income": -22,
        "EBIT": -16,
        "Net Income": -22
    },
    "2018-03-31": {
        "Diluted EPS": -0.46,
        "Total Revenue": 38,
        "Gross Profit": 37,
        "Operating Income": -18,
        "EBIT": -13,
        "Net Income": -18
    },
    "2017-12-31": {
        "Diluted EPS": -0.42,
        "Total Revenue": 42,
        "Gross Profit": 41,
        "Operating Income": -15,
        "EBIT": -10,
        "Net Income": -18
    },
    "2017-09-30": {
        "Diluted EPS": -0.46,
        "Total Revenue": 40,
        "Gross Profit": 39,
        "Operating Income": -11,
        "EBIT": -5,
        "Net Income": -18
    },
    "2017-06-30": {
        "Diluted EPS": -0.34,
        "Total Revenue": 39,
        "Gross Profit": 38,
        "Operating Income": -14,
        "EBIT": -9,
        "Net Income": -13
    },
    "2017-03-31": {
        "Diluted EPS": -0.32,
        "Total Revenue": 34,
        "Gross Profit": 33,
        "Operating Income": -14,
        "EBIT": -10,
        "Net Income": -11
    },
    "2016-12-31": {
        "Diluted EPS": 0.16,
        "Total Revenue": 37,
        "Gross Profit": 36,
        "Operating Income": -18,
        "EBIT": -14,
        "Net Income": -9
    },
    "2016-09-30": {
        "Diluted EPS": -1.0,
        "Total Revenue": 34,
        "Gross Profit": 32,
        "Operating Income": -20,
        "EBIT": -16,
        "Net Income": -37
    },
    "2016-06-30": {
        "Diluted EPS": -0.37,
        "Total Revenue": 33,
        "Gross Profit": 32,
        "Operating Income": -11,
        "EBIT": -7,
        "Net Income": -13
    },
    "2016-03-31": {
        "Diluted EPS": -0.08,
        "Total Revenue": 29,
        "Gross Profit": 28,
        "Operating Income": -8,
        "EBIT": -4,
        "Net Income": 11
    },
    "2015-12-31": {
        "Diluted EPS": 0.8,
        "Total Revenue": 30,
        "Gross Profit": 30,
        "Operating Income": -15,
        "EBIT": -11,
        "Net Income": -2
    },
    "2015-09-30": {
        "Diluted EPS": 1.78,
        "Total Revenue": 28,
        "Gross Profit": 27,
        "Operating Income": -20,
        "EBIT": -12,
        "Net Income": 106
    },
    "2015-06-30": {
        "Diluted EPS": -0.73,
        "Total Revenue": 24,
        "Gross Profit": 23,
        "Operating Income": -7,
        "EBIT": -3,
        "Net Income": -26
    },
    "2015-03-31": {
        "Diluted EPS": 1.32,
        "Total Revenue": 17,
        "Gross Profit": 17,
        "Operating Income": -8,
        "EBIT": -6,
        "Net Income": 40
    },
    "2014-12-31": {
        "Diluted EPS": 0.43,
        "Total Revenue": 14,
        "Gross Profit": 14,
        "Operating Income": -19,
        "EBIT": -16,
        "Net Income": -29
    },
    "2014-09-30": {
        "Diluted EPS": -0.84,
        "Total Revenue": 8,
        "Gross Profit": 8,
        "Operating Income": -22,
        "EBIT": -20,
        "Net Income": -18
    },
    "2014-06-30": {
        "Diluted EPS": -0.77,
        "Total Revenue": 6,
        "Gross Profit": 6,
        "Operating Income": -17,
        "EBIT": -16,
        "Net Income": 12
    },
    "2014-03-31": {
        "Diluted EPS": -3.25,
        "Total Revenue": 0,
        "Gross Profit": 0,
        "Operating Income": -22,
        "EBIT": -22,
        "Net Income": -76
    },
    "2013-12-31": {
        "Diluted EPS": -0.86,
        "Total Revenue": NaN,
        "Gross Profit": NaN,
        "Operating Income": -13,
        "EBIT": -13,
        "Net Income": -14
    },
    "2013-09-30": {
        "Diluted EPS": -0.71,
        "Total Revenue": NaN,
        "Gross Profit": NaN,
        "Operating Income": -5,
        "EBIT": -5,
        "Net Income": -11
    },
    "2013-06-30": {
        "Diluted EPS": -0.41,
        "Total Revenue": NaN,
        "Gross Profit": NaN,
        "Operating Income": -5,
        "EBIT": -5,
        "Net Income": -5
    },
    "2013-03-31": {
        "Diluted EPS": -0.46,
        "Total Revenue": NaN,
        "Gross Profit": NaN,
        "Operating Income": -2,
        "EBIT": -2,
        "Net Income": -5
    },
    "2012-12-31": {
        "Diluted EPS": -8.2,
        "Total Revenue": NaN,
        "Gross Profit": NaN,
        "Operating Income": -27,
        "EBIT": -27,
        "Net Income": -26
    },
    "2012-11-30": {
        "Diluted EPS": -0.03,
        "Total Revenue": NaN,
        "Gross Profit": NaN,
        "Operating Income": 0,
        "EBIT": 0,
        "Net Income": 0
    },
    "2012-09-30": {
        "Diluted EPS": -2.42,
        "Total Revenue": NaN,
        "Gross Profit": -8,
        "Operating Income": -8,
        "EBIT": -8,
        "Net Income": -8
    },
    "2012-08-31": {
        "Diluted EPS": -0.03,
        "Total Revenue": NaN,
        "Gross Profit": NaN,
        "Operating Income": 0,
        "EBIT": 0,
        "Net Income": 0
    },
    "2012-06-30": {
        "Diluted EPS": -1.55,
        "Total Revenue": NaN,
        "Gross Profit": -5,
        "Operating Income": -5,
        "EBIT": -5,
        "Net Income": -5
    },
    "2012-05-31": {
        "Diluted EPS": -0.03,
        "Total Revenue": NaN,
        "Gross Profit": NaN,
        "Operating Income": 0,
        "EBIT": 0,
        "Net Income": 0
    },
    "2012-03-31": {
        "Diluted EPS": -1.43,
        "Total Revenue": NaN,
        "Gross Profit": -3,
        "Operating Income": -4,
        "EBIT": -4,
        "Net Income": -4
    },
    "2012-02-29": {
        "Diluted EPS": 0.0,
        "Total Revenue": NaN,
        "Gross Profit": NaN,
        "Operating Income": NaN,
        "EBIT": NaN,
        "Net Income": NaN
    },
    "2011-12-31": {
        "Diluted EPS": -1.5,
        "Total Revenue": NaN,
        "Gross Profit": NaN,
        "Operating Income": -3,
        "EBIT": -3,
        "Net Income": -3
    },
    "2011-11-30": {
        "Diluted EPS": -0.03,
        "Total Revenue": NaN,
        "Gross Profit": NaN,
        "Operating Income": 0,
        "EBIT": 0,
        "Net Income": 0
    },
    "2011-09-30": {
        "Diluted EPS": 0.0,
        "Total Revenue": NaN,
        "Gross Profit": NaN,
        "Operating Income": 0,
        "EBIT": 0,
        "Net Income": 0
    },
    "2011-08-31": {
        "Diluted EPS": -0.03,
        "Total Revenue": NaN,
        "Gross Profit": NaN,
        "Operating Income": 0,
        "EBIT": 0,
        "Net Income": 0
    },
    "2011-06-30": {
        "Diluted EPS": 0.0,
        "Total Revenue": NaN,
        "Gross Profit": NaN,
        "Operating Income": 0,
        "EBIT": 0,
        "Net Income": 0
    },
    "2011-05-31": {
        "Diluted EPS": -0.03,
        "Total Revenue": NaN,
        "Gross Profit": NaN,
        "Operating Income": 0,
        "EBIT": 0,
        "Net Income": 0
    },
    "2023-09-30": {
        "Tax Effect Of Unusual Items": 0.0,
        "Tax Rate For Calcs": 0.21,
        "Normalized EBITDA": -80815000.0,
        "Total Unusual Items": 0.0,
        "Total Unusual Items Excluding Goodwill": 0.0,
        "Net Income From Continuing Operation Net Minority Interest": -89241000.0,
        "Reconciled Depreciation": 5593000.0,
        "Reconciled Cost Of Revenue": 1289000.0,
        "EBITDA": -80815000.0,
        "EBIT": -86408000.0,
        "Net Interest Income": 3021000.0,
        "Interest Expense": 2821000.0,
        "Interest Income": 5842000.0,
        "Normalized Income": -89241000.0,
        "Net Income From Continuing And Discontinued Operation": 150735000.0,
        "Total Expenses": 129680000.0,
        "Total Operating Income As Reported": -92585000.0,
        "Diluted Average Shares": 76305603.0,
        "Basic Average Shares": 76305603.0,
        "Diluted EPS": 1.97,
        "Basic EPS": 1.97,
        "Diluted NI Availto Com Stockholders": 150735000.0,
        "Net Income Common Stockholders": 150735000.0,
        "Net Income": 150735000.0,
        "Net Income Including Noncontrolling Interests": 150735000.0,
        "Net Income Discontinuous Operations": 239976000.0,
        "Net Income Continuous Operations": -89241000.0,
        "Tax Provision": 12000.0,
        "Pretax Income": -89229000.0,
        "Other Income Expense": 335000.0,
        "Other Non Operating Income Expenses": 335000.0,
        "Special Income Charges": 0.0,
        "Other Special Charges": NaN,
        "Restructuring And Mergern Acquisition": NaN,
        "Net Non Operating Interest Income Expense": 3021000.0,
        "Interest Expense Non Operating": 2821000.0,
        "Interest Income Non Operating": 5842000.0,
        "Operating Income": -92585000.0,
        "Operating Expense": 128391000.0,
        "Research And Development": 60590000.0,
        "Selling General And Administration": 67801000.0,
        "General And Administrative Expense": 67801000.0,
        "Other Gand A": 67801000.0,
        "Gross Profit": 35806000.0,
        "Cost Of Revenue": 1289000.0,
        "Total Revenue": 37095000.0,
        "Operating Revenue": 37095000.0
    },
    "2023-12-31": {
        "Tax Effect Of Unusual Items": -2392740.0,
        "Tax Rate For Calcs": 0.21,
        "Normalized EBITDA": -64825000.0,
        "Total Unusual Items": -11394000.0,
        "Total Unusual Items Excluding Goodwill": -11394000.0,
        "Net Income From Continuing Operation Net Minority Interest": -88596000.0,
        "Reconciled Depreciation": 9488000.0,
        "Reconciled Cost Of Revenue": 4564000.0,
        "EBITDA": -76219000.0,
        "EBIT": -85707000.0,
        "Net Interest Income": 4331000.0,
        "Interest Expense": 2821000.0,
        "Interest Income": 7152000.0,
        "Normalized Income": -79594740.0,
        "Net Income From Continuing And Discontinued Operation": -90173000.0,
        "Total Expenses": 127898000.0,
        "Total Operating Income As Reported": -94233000.0,
        "Diluted Average Shares": 76474560.0,
        "Basic Average Shares": 76474560.0,
        "Diluted EPS": -1.18,
        "Basic EPS": -1.18,
        "Diluted NI Availto Com Stockholders": -90173000.0,
        "Net Income Common Stockholders": -90173000.0,
        "Net Income": -90173000.0,
        "Net Income Including Noncontrolling Interests": -90173000.0,
        "Net Income Discontinuous Operations": -1577000.0,
        "Net Income Continuous Operations": -88596000.0,
        "Tax Provision": 68000.0,
        "Pretax Income": -88528000.0,
        "Other Income Expense": -10020000.0,
        "Other Non Operating Income Expenses": 1374000.0,
        "Special Income Charges": -11394000.0,
        "Other Special Charges": NaN,
        "Restructuring And Mergern Acquisition": NaN,
        "Net Non Operating Interest Income Expense": 4331000.0,
        "Interest Expense Non Operating": 2821000.0,
        "Interest Income Non Operating": 7152000.0,
        "Operating Income": -82839000.0,
        "Operating Expense": 123334000.0,
        "Research And Development": 59746000.0,
        "Selling General And Administration": 63588000.0,
        "General And Administrative Expense": 63588000.0,
        "Other Gand A": 63588000.0,
        "Gross Profit": 40495000.0,
        "Cost Of Revenue": 4564000.0,
        "Total Revenue": 45059000.0,
        "Operating Revenue": 45059000.0
    },
    "2024-03-31": {
        "Tax Effect Of Unusual Items": -103600.0,
        "Tax Rate For Calcs": 0.4,
        "Normalized EBITDA": -122828000.0,
        "Total Unusual Items": -259000.0,
        "Total Unusual Items Excluding Goodwill": -259000.0,
        "Net Income From Continuing Operation Net Minority Interest": -135958000.0,
        "Reconciled Depreciation": 9880000.0,
        "Reconciled Cost Of Revenue": 1504000.0,
        "EBITDA": -123087000.0,
        "EBIT": -132967000.0,
        "Net Interest Income": 3232000.0,
        "Interest Expense": 2800000.0,
        "Interest Income": 6032000.0,
        "Normalized Income": -135802600.0,
        "Net Income From Continuing And Discontinued Operation": -136061000.0,
        "Total Expenses": 180352000.0,
        "Total Operating Income As Reported": -139237000.0,
        "Diluted Average Shares": 77136493.0,
        "Basic Average Shares": 77136493.0,
        "Diluted EPS": -1.76,
        "Basic EPS": -1.76,
        "Diluted NI Availto Com Stockholders": -136061000.0,
        "Net Income Common Stockholders": -136061000.0,
        "Net Income": -136061000.0,
        "Net Income Including Noncontrolling Interests": -136061000.0,
        "Net Income Discontinuous Operations": -103000.0,
        "Net Income Continuous Operations": -135958000.0,
        "Tax Provision": 191000.0,
        "Pretax Income": -135767000.0,
        "Other Income Expense": -21000.0,
        "Other Non Operating Income Expenses": 238000.0,
        "Special Income Charges": -259000.0,
        "Other Special Charges": NaN,
        "Restructuring And Mergern Acquisition": 259000.0,
        "Net Non Operating Interest Income Expense": 3232000.0,
        "Interest Expense Non Operating": 2800000.0,
        "Interest Income Non Operating": 6032000.0,
        "Operating Income": -138978000.0,
        "Operating Expense": 178848000.0,
        "Research And Development": 114625000.0,
        "Selling General And Administration": 64223000.0,
        "General And Administrative Expense": 64223000.0,
        "Other Gand A": 64223000.0,
        "Gross Profit": 39870000.0,
        "Cost Of Revenue": 1504000.0,
        "Total Revenue": 41374000.0,
        "Operating Revenue": 41374000.0
    },
    "2024-06-30": {
        "Tax Effect Of Unusual Items": -137130.0,
        "Tax Rate For Calcs": 0.21,
        "Normalized EBITDA": -55781000.0,
        "Total Unusual Items": -653000.0,
        "Total Unusual Items Excluding Goodwill": -653000.0,
        "Net Income From Continuing Operation Net Minority Interest": -69652000.0,
        "Reconciled Depreciation": 10345000.0,
        "Reconciled Cost Of Revenue": 2061000.0,
        "EBITDA": -56434000.0,
        "EBIT": -66779000.0,
        "Net Interest Income": 1632000.0,
        "Interest Expense": 2788000.0,
        "Interest Income": 4420000.0,
        "Normalized Income": -69136130.0,
        "Net Income From Continuing And Discontinued Operation": -70409000.0,
        "Total Expenses": 121167000.0,
        "Total Operating Income As Reported": -67704000.0,
        "Diluted Average Shares": 77500245.0,
        "Basic Average Shares": 77500245.0,
        "Diluted EPS": -0.91,
        "Basic EPS": -0.91,
        "Diluted NI Availto Com Stockholders": -70409000.0,
        "Net Income Common Stockholders": -70409000.0,
        "Net Income": -70409000.0,
        "Net Income Including Noncontrolling Interests": -70409000.0,
        "Net Income Discontinuous Operations": -757000.0,
        "Net Income Continuous Operations": -69652000.0,
        "Tax Provision": 85000.0,
        "Pretax Income": -69567000.0,
        "Other Income Expense": -4148000.0,
        "Other Non Operating Income Expenses": -3495000.0,
        "Special Income Charges": -653000.0,
        "Other Special Charges": NaN,
        "Restructuring And Mergern Acquisition": 653000.0,
        "Net Non Operating Interest Income Expense": 1632000.0,
        "Interest Expense Non Operating": 2788000.0,
        "Interest Income Non Operating": 4420000.0,
        "Operating Income": -67051000.0,
        "Operating Expense": 119106000.0,
        "Research And Development": 54330000.0,
        "Selling General And Administration": 64776000.0,
        "General And Administrative Expense": 64776000.0,
        "Other Gand A": 64776000.0,
        "Gross Profit": 52055000.0,
        "Cost Of Revenue": 2061000.0,
        "Total Revenue": 54116000.0,
        "Operating Revenue": 54116000.0
    }
}